4442 6300
924 480 995 532 2⁸2
1918 471 2123 525 ACTA
2167 469 2831 525 CANONtzATtows

759 643 828 699 ta
889 623 1137 699 Placet.
1176 646 1270 697 ne
1314 622 1533 722 igitur
1569 618 1791 693 Vobis
1815 673 1837 709 ‚
1881 635 1968 690 ut
2005 617 2093 691 ad
2130 615 2522 691 solemnem
2561 608 3017 717 hujus-Beati
3071 619 3414 721 Martyris
3467 619 3972 695 canonizatio-

757 770 925 815 nem
957 739 1157 842 juxta
1187 754 1618 811 consuetum
1657 734 1875 838 hujus
1908 732 2111 808 Sedis
2145 734 2601 836 Apostolicae
2641 763 2912 811 morem
2949 734 3433 839 procedamus
3457 737 3496 809 ἶ)

959 924 1071 986 Hic
1100 919 1458 984 Cardinales
1489 919 1941 1001 responderunt
1971 938 2222 981 omnes:
2254 923 2547 981 PLACET
2574 916 2590 977 ἑ
2619 908 3176 984 deinde'Sanctitas
3207 926 3365 982 Sua:

915 1088 1261 1165 Secundo
1296 1087 1461 1163 loco
1497 1089 1803 1190 ponitur
1823 1089 2046 1161 Causa
2083 1086 2278 1161 beati
2315 1082 2592 1159 Camilli
2631 1084 2724 1161 de
2745 1085 2986 1174 Lelhs,
3021 1088 3149 1188 qui
3189 1087 3602 1162 Bocbianici
3627 1089 3705 1163 iti
3730 1091 3982 1191 Apru-

765 1214 872 1284 tio
895 1262 916 1300 ‚
952 1206 1117 1283 loco
1153 1208 1460 1282 honesto
1498 1222 1711 1289 natus
1744 1222 1880 1281 est.
1908 1203 2135 1306 Cujus
2168 1202 2462 1305 quidem
2503 1199 2848 1305 juventus
2894 1231 3048 1279 non
3084 1203 3229 1280 fuit
3268 1230 3487 1281 vaeua
3522 1207 3987 1291 et‘immunis

762 1329 855 1401 ab
891 1329 971 1401 iis
1000 1324 1523 1429 cupiditatibus
1552 1348 1639 1397 ac
1674 1325 1905 1414 vitiis,
1940 1321 2209 1424 quibus
2259 1318 2612 1422 implicari
2669 1319 2969 1422 juvenes
3017 1340 3590 1399 consueverunt.‘
3639 1326 3985 1410 Attamen

766 1442 901 1535 tali,
934 1443 1386 1546 poenitentia
1421 1439 1687 1514 duetus
1724 1456 1831 1527 est
1859 1495 1881 1529 ,
1930 1465 2236 1541 suasque
2275 1438 2471 1515 labes
2506 1465 2643 1542 per
2682 1437 2929 1542 plures
2956 1466 3185 1521 annos
3228 1466 3456 1543 usque
3511 1440 3602 1515 ad
3652 1439 3984 1515 ult-imum

768 1565 957 1635 vitae
995 1562 1324 1662 spiritum
1383 1575 1582 1631 tanta
1622 1560 2003 1631 severitate
2057 1559 2370 1658 expiavit
2400 1610 2420 1644 ,
2471 1572 2557 1630 ut
2608 1556 3045 1659 praeclaram
3103 1556 3519 1631 Sanctitatis
3570 1561 3987 1660 opinionem

768 1677 897 1749 sibi
936 1677 1440 1763 demeruerit,‘
1461 1701 1767 1777 eamque
1805 1672 2138 1749 laetitiam
2179 1677 2254 1747 in
2294 1670 2536 1747 Caelis
2558 1676 2979 1746 excitaverit
3005 1729 3025 1761 ,
3051 1700 3195 1775 qua
3229 1677 3494 1777 gestire
3546 1671 3782 1748 solent
3834 1675 3991 1746 An-

771 1793 910 1897 geli
950 1821 1172 1896 super
1211 1820 1359 1865 uno
1402 1810 1792 1924 peccatore
1833 1794 2350 1896 poenitentiam
2391 1807 2650 1892 agente
2681 1847 2700 1879 ,
2753 1817 2959 1925 quae·
2978 1789 3193 1894 longe
3231 1809 3528 1896 superat
3568 1788 3728 1865 eam'
3779 1787 3992 1867 volu-

772 1928 1043 2015 ptatem
1081 1966 1101 2000 ,
1134 1938 1351 2014 quam
1389 1903 1815 2012 concipiunt
1853 1908 2062 1983 iidem
2098 1906 2285 1983 beati
2320 1908 2886 2012 Spi1⁸1tus,cum
2941 1910 3014 1981 in
3068 1907 3295 1982 Caelis
3347 1902 3684 1983 coronari
3744 1906 3992 1982 vident

770 2029 946 2103 alios
996 2027 1292 2132 plures,
1344 2031 1470 2129 qui
1527 2028 1977 2131 poenitentia
2033 2053 2413 2130 nunquam
2453 2026 3004 2128 indiguerunt3
3026 2052 3117 2100 eo
3169 2022 3372 2129 quod
3415 2029 3595 2102 vitae
3643 2029 3995 2099 innocen·

774 2150 994 2238 tiam,
1032 2173 1115 2220 ac
1153 2173 1439 2219 morum
1479 2148 1932 2219 sanctitatem
1975 2172 2349 2253 nunquam
2395 2142 2847 2218 violaverint.
3697 2162 3702 2165 ’

924 2260 1272 2338 Nonnulli
1309 2290 1399 2336 ex
1437 2261 1832 2364 Theologis
1866 2289 1963 2336 ac
1983 2263 2325 2337 Patribus
2358 2289 2504 2335 non
2553 2260 2780 2335 solum
2824 2260 3184 2365 Martyres
3219 2259 3594 2365 appellant
3647 2284 3770 2335 eos
3794 2315 3814 2343 ,
3866 2258 3992 2358 qni

774 2382 867 2453 ab
904 2383 1301 2454 Haereticis
1339 2378 1448 2455 vel
1488 2378 1909 2454 Infidelibus
1946 2383 2016 2453 in
2053 2378 2299 2453 odium
2334 2380 2780 2455 Christianae
2815 2376 3017 2453 Fidei
3057 2394 3183 2451 aut
3222 2377 3632 2452 Catholicae
3677 2376 4000 2477 Religio-

773 2501 881 2572 nis
919 2501 1058 2575 vita
1098 2496 1504 2600 spoliantur
1533 2551 1553 2584 ,
1588 2496 1711 2570 sed
1750 2496 1907 2571 illos
1944 2501 2221 2601 pariter
2258 2515 2598 2599 tanquam
2635 2499 2999 2601 Martyres
3034 2514 3434 2600 agnoscunt
3462 2553 3481 2587 ,
3534 2497 3660 2599 qui
3716 2519 4000 2599 semper

776 2621 850 2689 in
904 2619 1036 2689 Dei
1080 2612 1431 2689 famulatu
1469 2631 1544 2686 et
1579 2616 2077 2718 proximorum
2114 2614 2362 2689 salute·
2389 2616 2851 2721 procuranda
2894 2618 2984 2690 ita
3023 2633 3480 2720 occupantur
3509 2614 3556 2705 ,'
3583 2632 3666 2688 ut
3721 2610 3999 2708 assiduo

779 2748 816 2805 ’(-
825 2736 979 2807 har
965 2751 1038 2807 uta
1042 2739 1153 2806 ntis
1191 2758 1417 2837 opem
1434 2732 1826 2836 praestent
1862 2760 2012 2805 non
2053 2734 2350 2835 quidem
2371 2732 2710 2815 '⁸‘otdinar
2696 2764 2804 2816 ua,
2840 2734 2967 2808 sed
2995 2733 3355 2826 difficilia,
3395 2751 3472 2807 et
3525 2734 3869 2819 heroica,
3923 2733 3997 2802 in

777 2853 1044 2954 quibus
1074 2868 1494 2925 constanter
1532 2866 1951 2938 versanttn,
1987 2849 2226 2925 donec
2253 2849 2351 2925 ad
2389 2867 2790 2925 extremum
2829 2855 3017 2927 vitae
3054 2840 3274 2927 diem
3276 2849 3750 2983 perveniant3
3788 2846 4000 2921 ideo-

775 2990 922 3071 que
960 2969 1326 3043 charitatis
1359 2971 1722 3104 Martyres
1758 2985 2309 3072 nuncupantur.

933 3089 1042 3161 De
1081 3087 1214 3161 hac
1252 3089 1598 3190 opinione
1633 3074 1779 3161 Nos
1818 3086 2036 3162 verba
2076 3085 2437 3159 fecimus
2418 3114 2489 3159 m
2531 3087 2769 3160 Libris
2816 3088 3076 3161 nostris
3109 3088 3254 3162 DE
3294 3082 4002 3161 CANONIZATIO-

784 3206 912 3278 NE
944 3263 958 3290 ,
998 3231 1308 3307 eamque
1349 3206 1636 3277 minime
1676 3204 2141 3309 probavimus
2172 3262 2189 3288 ‚
2233 3228 2323 3276 eo
2360 3203 2559 3304 quod
2602 3206 2931 3277 Orationi
2971 3207 3460 3308 Panegyricae
3490 3206 3758 3307 potiu5‚
3785 3227 4002 3303 qnam
4035 3259 4040 3266 .

784 3319 1335 3423 Theologorum
1378 3319 1784 3392 Cathedrae
1820 3336 2380 3392 consentaneam
2424 3317 2912 3420 judicavimus.
2953 3317 3126 3393 Illos
3164 3318 3358 3395 haud
3415 3322 3779 3421 Martyres
3807 3372 3828 3403 ‚
3880 3313 4004 3392 sed

778 3438 1242 3512 Confessores
1282 3435 1757 3511 nominandos
1791 3462 2261 3523 assentimus
2311 3463 2479 3509 cum
2519 3440 2594 3510 in
2631 3449 2887 3511 eorum
2928 3456 3165 3511 morte
3204 3436 3445 3511 nullus
3481 3451 3827 3539 appareat
3880 3450 4006 3536 ty·-

783 3582 1101 3640 rannus,
1137 3559 1264 3658 qui
1303 3554 1513 3628 illos
1498 3582 1569 3626 m
1609 3552 1855 3628 odium
1894 3554 2096 3629 Fidei
2139 3551 2497 3630 violenter
2533 3553 2941 3629 interficiat.
2991 3553 3211 3647 Quod
3250 3559 3301 3628 si
3342 3554 3782 3628 contra1iam
3835 3577 4006 3624 sen-

782 3675 1076 3746 tentiam
1117 3661 1404 3774 sequuti
1446 3671 1850 3760 suissetnuS,
1886 3669 2167 3746 nullum
2203 3697 2373 3748 sane
2415 3669 2825 3774 exemplum
2864 3674 3342 3776 praestantius
3378 3671 3684 3747 inveniri
3725 3671 4007 3773 potuis-

781 3805 890 3861 set
926 3788 1015 3860 ad
1057 3790 1221 3862 Mat
1222 3806 1421 3891 tyros
1455 3786 1802 3887 ejusmodi
1843 3766 2211 3860 charitatis
2247 3782 2773 3879 declarandos,
2810 3817 3028 3893 quam
3065 3791 3260 3880 vita,
3295 3814 3379 3861 ac
3415 3814 3706 3878 mores,
3701 3785 4007 3896 quibus

782 3907 893 3979 bea
883 3922 1035 3978 itus
1067 3904 1403 3978 Camillus
1433 3905 1525 3979 de
1563 3904 1777 3979 hellis
1813 3903 2392 3978 commendatur

876 4020 1309 4123 siquidem
1346 4023 1768 4096 Nosocomia
1802 4020 2014 4121 hujus
2040 4021 2281 4109 Urbis,
2306 4009 2493 4123 quae
2521 4021 3251 4109 INCURABILIUM‚
3276 4021 3410 4094 ET
3443 4009 3792 4093 SANCTI
3820 4017 4008 4090 SPI-
4047 3997 4064 4004 ’

782 4139 1073 4212 RITUS
1112 4137 1626 4242 appellantur,
1632 4141 2067 4246 comparari
2113 4157 2413 4241 possunt
2447 4138 2884 4241 quibusdam
2936 4136 3161 4213 veluti
3215 4137 3564 4230 theatriS,
3618 4137 3688 4209 in
3742 4133 4011 4237 quibus

789 4251 1128 4328 Camillus
1181 4282 1315 4358 per
1369 4254 1540 4358 plut
1544 4282 1617 4329 es
1669 4282 1898 4328 annos
1947 4256 2374 4330 charitatem
2430 4283 2631 4330 suam
2684 4258 3058 4347 exercuit,
3112 4282 3411 4359 operam
3466 4281 3663 4328 suam
3726 4250 4006 4326 assiduo

788 4372 1148 4475 praebens
1182 4371 1495 4445 Infirmis
1519 4428 1538 4462 ,
1573 4390 1651 4445 ut
1696 4370 1855 4445 illos
1893 4373 2223 4505 corporis
2258 4355 2714 4476 aegritudine
2752 4391 2971 4483 atque
3006 4369 3220 4452 animi
3260 4371 3527 4446 morbis
3569 4368 4008 4445 sublevaret.

783 4490 1056 4563 Febres
1106 4488 1492 4592 pestiferae
1523 4545 1545 4578 ,
1580 4516 1768 4592 quae
1806 4490 2048 4562 hz'mc
2029 4516 2246 4592 ipsam
2286 4491 2559 4566 Urbem
2599 4518 2682 4566 ac
2730 4491 2988 4568 Sedem
3045 4479 3569 4583 Quirinalem
3549 4503 3958 4568 invaserant
3988 4539 4010 4575 ,

784 4623 862 4680 et
896 4610 1284 4697 universiS,
1314 4633 1499 4708 quos
1532 4605 1749 4681 semel
1788 4611 2347 4711 corripuetffant
2381 4626 2691 4683 mortem
2735 4605 3184 4698 inserebant,
3220 4599 3638 4680 latissimum
3678 4629 4010 4716 campum

783 4741 1240 4826 aperuerunt
1276 4723 1590 4797 'Camillo
1644 4722 1946 4826 ejusque
2002 4724 2227 4798 Sociis
2274 4725 2750 4830 Regularibus
2808 4722 2897 4797 ad
2971 4726 3130 4830 pios
3189 4724 3395 4800 Cives
3454 4719 4009 4797 inflammandos

781 4841 1361 4943 hortandosque,
1401 4860 1487 4914 ut.
1506 4843 1681 4916 cibis
1717 4860 1935 4944 atque
1975 4845 2411 4945 opportunis
2445 4842 2847 4947 pharmacis
2885 4839 3341 4944 aegrotantes
3388 4856 3796 4929 recrearet,
3845 4864 4007 4911 om-

787 4986 1103 5061 nemque
1158 4959 1601 5095 diligentiam
1659 4958 2226 5063 impendeient‚
2279 4976 2364 5030 ut
2420 4988 2461 5031 a
2520 4961 2770 5032 mortis
2824 4957 3155 5032 faucibus
3206 4962 3577 5062 eriperent
3632 4955 4011 5030 hominum

786 5075 1379 5168 multitudinem,
1430 5082 1557 5179 qui
1615 5076 1701 5151 ad
1758 5104 1915 5151 eam
1969 5075 2448 5150 calamitatem
2509 5105 2643 5179 pei
2650 5093 3051 5166 venerant
3113 5093 3197 5149 ut
3249 5074 3505 5150 eodem
3562 5072 3837 5148 lectulo
3903 5074 4012 5146 vir

786 5220 951 5268 cum
993 5221 1220 5270 uxore
1255 5221 1378 5268 sua
1417 5222 1498 5269 ac
1533 5191 1817 5269 liberis
1815 5193 2145 5294 jaceret,
2192 5196 2595 5267 necessario
2642 5191 2986 5267 alimento
3026 5210 3100 5266 et
3136 5165 3656 5266 consolatione
3669 5181 4014 5264 destituti

781 5338 1078 5402 omnes,
1114 5341 1305 5418 quos
1343 5320 1620 5390 interea
1667 5316 1923 5406 febri5‚
1960 5329 2269 5417 egestas,
2308 5340 2427 5386 1⁸⁸e=
2437 5305 2555 5385 uni
2594 5315 2921 5384 omnium
2960 5312 3371 5398 necessitas,
3411 5333 3491 5381 ac
3529 5307 3751 5382 fames
3788 5332 4007 5408 supra

779 5427 1073 5505 modum
1121 5431 1531 5510 vexabant.
