4442 6300
1566 525 1913 597 omnem:
1968 516 2434 581 mucronum
2490 508 2657 581 arc.

3474 525 3581 578 ΓΠ

1158 672 1426 751 subdit
1459 673 1655 778 Papa
1692 688 1857 777 post
1891 672 2248 767 novissimi
2285 672 2629 776 Episcopi
2662 670 3087 748 sententiam
3112 724 3135 746 .

673 877 1174 954 ‘venerabiles
1206 880 1498 954 Fratres
1520 930 1541 951 .
1592 874 1948 980 Suffragia
1996 876 2255 951 Vestra
2306 873 2402 950 de
2457 877 3025 951 Canonizatione
3078 875 3273 951 beati
3326 871 3606 950 Camilli
3657 871 3752 948 de

513 994 763 1072 'Lenis
797 1022 1123 1101 magnam
1147 996 1370 1071 Nobis
1400 993 1742 1069 laetitiam
1774 989 2233 1067 attulerunt:
2271 994 2503 1086 Quam
2541 994 2641 1068 ob
2676 1020 2959 1069 causam
2993 994 3174 1069 nihil
3212 992 3409 1069 aliud
3444 1018 3756 1098 respon-

544 1106 800 1188 demus
826 1169 847 1204 ,
880 1102 1014 1188 nisi
1051 1110 1500 1218 peragendas
1533 1137 1682 1186 esse
1716 1134 1973 1215 preces
2001 1166 2022 1197 ‚
2071 1134 2251 1212 quas
2298 1109 2444 1213 jam
2494 1108 2880 1185 indiximus
2905 1164 2928 1202 ‚
2976 1126 3066 1185 ut
3115 1113 3312 1187 Deus
3362 1107 3756 1214 elargiatur

541 1231 766 1308 Nobis
801 1257 1017 1336 opem
1048 1256 1248 1305 suam
1277 1285 1299 1322 ,
1333 1255 1418 1303 ac
1454 1227 1757 1303 caeleste
1792 1226 2041 1318 lumen
2092 1224 2191 1301 ad
2238 1253 2325 1304 ea
2377 1230 2518 1303 rite
2570 1226 3015 1332 perficienda
3042 1282 3065 1320 ,
3098 1254 3293 1332 quae
3326 1253 3470 1333 pro
3504 1222 3758 1302 futura

541 1342 939 1425 Beatorum
974 1349 1536 1425 canonizatione
1573 1347 2068 1450 requiruntur
2089 1397 2110 1418 .

661 1553 1040 1611 Procurator
1070 1545 1394 1612 Generalis
1436 1542 1730 1610 camerae
1772 1544 1880 1607 ubi
1922 1551 2101 1609 Sum-

535 1663 678 1709 mus
705 1641 996 1711 Pontifex
1024 1643 1268 1708 dicendi
1299 1642 1491 1712 finem.
1515 1642 1691 1716 fecit,
1713 1641 1942 1706 iisdem
1963 1660 2099 1705 ver·

461 1714 488 1768 )
535 1740 660 1812 bis,
688 1759 848 1821 quae
882 1739 946 1801 in
978 1741 1179 1823 primo
1205 1740 1583 1806 consistorio
1613 1739 1969 1812 retulimus,
1992 1758 2100 1802 no·

534 1836 709 1902 mine
738 1837 910 1902 Beati
939 1838 1236 1902 duntaxat
1261 1838 1597 1911 immutato
1638 1834 2100 1902 Protonotarios

533 1933 820 2018 rogavit,
852 1943 921 1997 ut
949 1933 1250 2017 pubblica
1297 1955 1487 2017 super
1530 1934 1626 1999 bis
1668 1933 1839 1999 Actis
1870 1939 2102 2015 lustru·-

536 2039 750 2096 manta
774 2030 1197 2117 conficerent:
1226 2022 1553 2098 v'idelice't.

667 2133 799 2208 Ego
824 2132 1132 2193 Joltannes
1152 2135 1480 2209 Philippus
1511 2133 1703 2208 Toppt
1719 2132 2104 2192 Sane-tissimi

536 2230 786 2289 Domi&
811 2231 1066 2301 Nostri,
1111 2239 1171 2293 et
1214 2233 1495 2292 camerae
1544 2230 1926 2305 apostolicae
1958 2229 2101 2288 Pro-

538 2335 793 2385 curator
830 2325 1145 2386 Generalis
1173 2342 1317 2402 rogo
1358 2329 1471 2388 Vos
1499 2343 1701 2387 omnes
1735 2326 2101 2385 Protonota-

536 2428 665 2483 rios
688 2464 706 2493 ‚
744 2431 800 2483 et
825 2424 1116 2485 Notarios
1152 2423 1532 2499 ⁴lpostolicos
1574 2427 1672 2484 bio
1713 2428 2104 2497 praesentes,

536 2531 607 2579 ut
641 2525 714 2580 ds
739 2523 1075 2592 sententiis,
1105 2524 1386 2587 consilio.
1414 2528 1480 2582 et‘
1497 2522 1778 2582 unanimi
1808 2534 2103 2579 consensu

433 2652 468 2673 Λ-
546 2619 1202 2679 Reverendissimorum
1230 2621 1358 2679 DD.
1383 2619 1445 2680 S.
1468 2620 1539 2678 R.
1563 2620 1636 2677 E.
1671 2618 2105 2688 cardinalium,

539 2732 780 2775 necnon
813 2716 1338 2786 Patriarcharum,
1373 2716 2019 2791 archiepiscoporum,
2047 2723 2105 2773 et

539 2814 988 2886 Episcoporum
1008 2853 1030 2883 ‚
1061 2817 1247 2888 deque
1282 2814 1512 2875 Summi
1543 2814 1856 2889 Pontifiois
1885 2814 2106 2872 oratio-

538 2927 616 2971 ne
661 2919 719 2969 et
760 2912 1186 2970 deliberatione
1213 2912 1595 2983 praehabitis
1634 2925 1821 2984 super
1852 2911 2111 2970 solemni

542 3009 1025 3068 Canonizatione
1058 3010 1224 3068 beati
1253 3010 1502 3070 Camilli
1540 3013 1608 3067 ds
1652 3009 1839 3070 Lellis
1878 3024 2102 3077 unum,

539 3106 641 3167 vet
665 3107 855 3181 plura
884 3145 906 3177 ‚
931 3108 1237 3182 publicum
1257 3146 1282 3177 ‚
1326 3124 1428 3169 seu
1461 3108 1726 3181 publica
1766 3106 2104 3180 conficiatis

539 3209 1001 3267 instrumentum
1024 3245 1046 3275 ,
1073 3208 1168 3268 vel
1197 3208 1595 3286 instrumenta
1632 3209 1713 3265 ad
1742 3211 2104 3280 perpetuam

539 3306 636 3363 rei
661 3304 1012 3364 memoriam
1037 3342 1054 3359 .
1305 3287 1312 3294 ’

668 3493 908 3567 Quibus
934 3492 1167 3557 auditis
1193 3499 1263 3556 tt.
1292 3500 1358 3558 Ρ.
1395 3499 1461 3555 Ι).
1506 3491 1873 3558 Franciscus
1915 3487 2104 3556 Maria

544 3590 827 3656 Riccardi
852 3591 1419 3655 protonotarios-um
1443 3588 1950 3673 Participantium
1974 3588 2107 3652 col-

545 3686 697 3771 legii
727 3694 1011 3752 Decanus
1031 3731 1053 3761 ‚
1083 3699 1234 3751 ante
1258 3689 1664 3753 Sanctitatem
1708 3684 2106 3769 Suam-geni-

523 3785 669 3848 -bus
712 3783 890 3848 flexis
932 3781 1326 3867 collegarum
1376 3784 1631 3850 nomine
1676 3783 1872 3847 dixit:
1918 3786 2107 3860 Confi·

547 3887 813 3943 stemus:
865 3882 1205 3964 Statimque
1252 3901 1515 3964 surgens
1565 3878 1887 3944 adstantes
1934 3873 2105 3940 Solio

543 3977 876 4061 propiores
905 3977 1211 4041 adhibuit.
1252 3985 1474 4042 Testes
1497 3975 1832 4046 [consuetis-
1848 3974 2060 4039 verbis
2085 3999 2102 4037 ι

549 4078 729 4136 Vobis
777 4079 1026 4138 testibus
1046 4100 1065 4135 ε
1098 4075 1181 4136 ita
1215 4074 1336 4138 iste
1367 4093 1615 4157 quoque
1643 4063 2102 4137 consistorialis

472 4171 484 4176 ”
543 4175 925 4243 Conventus,
956 4172 1062 4253 qui
1098 4191 1358 4256 magnae
1374 4169 1680 4254 voluptati
1697 4169 2104 4236 sanctissimo

540 4267 711 4334 Patri
740 4264 905 4342 fuis,
935 4269 1179 4334 solutus
1210 4276 1347 4333 est.

669 4365 1069 4430 Instrumenti
1111 4386 1147 4429 a
1193 4364 1634 4431 Protonotan'is
1671 4363 1744 4426 in
1785 4368 1980 4429 causa
2035 4368 2103 4427 B.

543 4462 788 4528 Camilli
820 4462 1091 4528 confecti
1132 4460 1456 4546 exemplar
1493 4462 1594 4528 bic
1633 4461 1902 4546 accipito
1942 4468 2108 4526 tran-

545 4560 845 4644 scriptum
875 4606 892 4624 .

551 4757 1026 4818 lustramentum
1056 4773 1098 4818 a
1129 4758 1373 4818 Decano
1407 4757 1971 4817 Protonotariorum
2010 4770 2108 4816 ro-

583 4865 792 4932 aatum
811 4872 922 4932 pro
948 4859 1216 4917 seeundo
1244 4856 1638 4930 semipublico
1668 4856 2060 4916 Consistorlo.

805 5035 899 5111 “m
931 5047 1232 5112 Noun-m
1262 5021 1539 5110 nomm
1565 5049 1823 5111 mnu.

672 5243 851 5303 Anno
879 5221 1208 5334 reparatae
1239 5238 1462 5304 salutis
1490 5236 1829 5306 Hillesimo
1870 5239 2108 5322 Septin-

544 5332 896 5417 gentesimo
917 5336 1406 5420 Quadi-agesimo
1428 5343 1607 5400 sexto
1628 5335 1972 5400 Indictione
2000 5356 2106 5400 no·

551 5450 630 5496 na
649 5472 670 5505 ,
724 5429 1131 5498 Pontificatus
1173 5443 1381 5498 sutem
1425 5433 1817 5499 sanctissimi
1862 5432 2106 5498 Domini

2207 1546 2418 1611 Nostri
2446 1550 2858 1612 BENEch'rl
2885 1544 3105 1610 Divina
3132 1545 3524 1611 Providentia
3556 1551 3771 1612 PAPAE

2206 1650 2366 1709 xlv.
2397 1652 2575 1709 Anno
2605 1650 2792 1709 Sexto
2814 1689 2861 1718 ,.
2886 1642 2989 1708 die
3036 1648 3112 1708 X.
3155 1641 3325 1709 Iunii
3358 1643 3530 1709 Faria
3560 1652 3735 1710 sexta
3755 1693 3773 1709 .

2208 1743 2385 1807 Idem
2407 1741 2843 1808 sanctissimus
2860 1743 3165 1805 Dominus
3194 1761 3310 1824 pro
3337 1740 3641 1807 habendis
3667 1763 3771 1807 ex-

2208 1840 2643 1925 cipiendisque
2675 1839 2993 1924 suffragiis
3020 1838 3679 1906 Eminentissimorum
3711 1847 3771 1906 S.

2209 1945 2284 2002 R.
2318 1944 2389 2003 Ε.
2417 1936 2885 2011 cardinalium,
2931 1957 3173 2004 necnon
3212 1938 3779 2004 Reverendissimo·

2213 2056 2352 2100 rum
2430 2034 2923 2100 patriarcharum
2947 2080 2969 2110 ,
3022 2034 3649 2117 Arcbiepiscoporum
3713 2043 3781 2101 et

2211 2132 2670 2215 Episcoporum
2692 2176 2713 2205 ,
2758 2132 2823 2193 in
2867 2136 3063 2196 causa
3091 2125 3492 2222 peragendae
3520 2131 3779 2196 canoni·

2208 2229 2471 2294 sationis
2500 2228 2669 2292 beati
2696 2226 2954 2294 'camilli
2982 2229 3063 2292 de
3092 2225 3287 2294 bellis
3314 2227 3567 2292 Ordinis
3585 2227 3781 2293 cleri-

2215 2345 2435 2390 corum
2494 2324 2897 2409 Regularium
2965 2324 3449 2407 ministrantium
3504 2321 3782 2389 Infit-mis

2212 2424 2586 2487 Fundatoris
2607 2467 2628 2497 ,
2702 2420 3179 2504 semipublicum
3253 2419 3465 2504 (juxta
3525 2439 3780 2485 suorum

2215 2520 2776 2586 Praedecessorum
2831 2518 3118 2604 morem)
3175 2517 3629 2583 consistorium
3675 2518 3782 2583 ba-

2217 2618 2359 2683 buit
2403 2619 2466 2681 in
2510 2617 2665 2683 Aula
2690 2661 2712 2692 ‚
2741 2636 2903 2699 quae
2952 2615 3096 2682 loco
3141 2616 3390 2682 Ducalis
3416 2623 3513 2681 est
3544 2616 3607 2679 in
3636 2616 3785 2692 Qui·

2217 2716 2400 2782 rinali
2424 2715 2664 2782 Palatio
2685 2763 2703 2779 .
2788 2750 2793 2753 -

2344 2815 2805 2889 sanctissimus
2825 2819 3013 2878 Pater
3051 2813 3243 2879 sacris
3272 2812 3570 2878 Vestibus
3600 2812 3780 2878 indu·

2216 2920 2364 2987 tus,
2410 2935 2482 2978 ac
2529 2910 2801 2995 simplici
2847 2911 3031 2977 uiua
3082 2910 3409 2975 redimitus
3451 2931 3531 2975 ex
3577 2911 3779 2987 Aula,

2217 3031 2377 3093 quae
2409 3017 2919 3075 paramentorum
2956 3007 3211 3080 dicitur,
3243 3009 3407 3072 inter
3432 3009 3593 3074 duos
3620 3009 3780 3075 anti-

2215 3108 2811 3192 quioresuiacouos
2841 3104 3197 3172 cardinales
3226 3106 3515 3170 carolum
3554 3125 3782 3190 nempe

2213 3206 2473 3276 Marini,
2504 3214 2565 3270 et
2597 3203 3018 3270 Alexandrum
3062 3202 3287 3266 Albani
3330 3203 3536 3286 Papali
3582 3207 3780 3269 cruce

2216 3304 2528 3384 solitoque
2607 3302 2903 3365 raeeunte
2940 3301 3243 3365 comitatu
3288 3300 3521 3382 prodiit
3548 3300 3610 3362 in
3640 3321 3785 3365 ean·

2215 3388 2360 3451 dem
2396 3393 2562 3450 Duca
2592 3406 2693 3449 em
2727 3384 2978 3456 Aulam,
3008 3383 3224 3465 ibique
3255 3384 3654 3467 congregatis
3672 3388 3782 3448 Pa-

2218 3485 2423 3570 tribus
2476 3483 2648 3565 prius
2698 3478 2911 3564 Papali
2969 3479 3415 3545 benedictione
3473 3479 3555 3543 de
3608 3499 3785 3546 more

2214 3580 2474 3665 elargita
2496 3624 2518 3654 ‚
2549 3580 2774 3643 Sedem
2806 3577 3037 3641 deinde
3079 3576 3446 3643 conscendit
3474 3586 3540 3643 et
3572 3578 3787 3643 consi-

2215 3677 2489 3745 storialis
2522 3676 2802 3742 Actionis
2832 3674 3111 3739 facturus
3139 3674 3414 3748 initium,
3448 3676 3657 3759 paucis
3687 3675 3779 3738 di·

2216 3775 2531 3857 sertisque
2560 3771 2816 3845 verbis,
2862 3772 2941 3834 ab
2984 3768 3375 3854 amplissimo
3408 3777 3779 3855 Pul-purato-

2219 3894 2360 3937 rum
2395 3878 2647 3942 Senatu,
2674 3878 2741 3934 et
2776 3889 2955 3934 sacro
2989 3859 3510 3942 patriarcharum,
3530 3868 3784 3933 Arcbie·

2213 3971 2606 4053 piscoporum
2630 4010 2650 4041 ‚
2683 3977 2748 4031 et
2782 3967 3230 4050 cpiscoporum
3265 3970 3602 4040 Concessa,
3622 3985 3785 4048 quae

2216 4069 2298 4132 de
2332 4066 2733 4151 praelaudato
2763 4064 3027 4128 camillo
3069 4063 3159 4128 de·
3190 4061 3383 4127 Lellis
3412 4069 3780 4126 Sanctorum

2213 4166 2414 4228 Fastis
2441 4161 2881 4233 adscribendm'
2908 4169 2979 4223 ut
3007 4160 3207 4226 tutius
3233 4158 3368 4240 ipse
3400 4164 3576 4222 tanto
3606 4158 3781 4240 operi

2217 4281 2575 4344 supremam
2610 4279 2860 4323 manum
2890 4258 3229 4322 admovere
3268 4262 3530 4338 posset,
3560 4273 3778 4318 eorum

2214 4358 2469 4424 consilia
2502 4366 2569 4422 et
2599 4356 2949 4421 sententiae
2979 4353 3190 4419 forent
3210 4398 3229 4425 ,
3258 4351 3637 4435 exquisivit.

2343 4464 2515 4546 Tunc
2557 4452 3113 4519 Eminentissimus
3153 4448 3372 4514 carafa
3432 4448 3780 4531 Episcopus

2214 4552 2590 4619 Albanensis
2630 4552 2798 4616 inter
2838 4555 3207 4632 praesentes
3233 4544 3782 4611 Eminentissimos

2214 4649 2574 4718 cardinales
2600 4647 2952 4730 antiquior,
2995 4644 3356 4711 sanctitatis
3403 4650 3564 4708 Suae
3618 4640 3781 4706 votis

2215 4751 2698 4831 obtemperans,
2728 4745 2973 4826 primus
2995 4742 3301 4827 judicium
3346 4758 3530 4805 suum
3573 4747 3783 4820 protu-

2212 4846 2336 4921 lit,
2367 4853 2433 4910 et
2462 4841 2934 4909 sanctissimum
2968 4840 3303 4905 Dominum
3328 4881 3349 4910 ,
3379 4843 3450 4900 ut
3479 4853 3665 4918 quam
3694 4832 3781 4896 ci-

2215 4945 2339 5009 tius
2380 4942 2584 5008 eidem
2637 4941 2824 5005 beato
2870 4936 3184 5010 camillo,
3214 4933 3395 5000 sicuti
3440 4939 3505 4996 et
3544 4929 3780 5000 eximie

2215 5043 2356 5129 ejus
2375 5041 2594 5106 merita
2617 5045 2680 5104 et
2703 5036 3011 5102 Fidelium
3041 5034 3241 5119 pietas
3269 5027 3779 5115 expostulabant,

2216 5149 2579 5208 Sanctorum
2611 5133 2822 5202 cultus
2849 5142 2915 5197 et
2941 5131 3225 5199 bonores.
3246 5129 3734 5196 decernerentur
3756 5166 3782 5201 ,

2214 5237 2542 5302 humiliter
2569 5232 2885 5299 exoravit.

2344 5341 2410 5397 ln
2461 5332 2689 5396 eodem
2741 5325 2995 5412 penitus
3046 5343 3233 5389 sensu
3280 5324 3587 5387 steterunt
3646 5316 3781 5383 suis

2217 5413 2497 5518 posthac'
2521 5428 2749 5493 delatis
2794 5443 2917 5490 non
2964 5422 3175 5490 minus
3224 5418 3553 5488 sententiis
3587 5433 3780 5503 quam
