4442 6300
946 502 1060 558 m
1921 509 2125 563 Ac‘ra

769 654 885 717 stri
913 653 1341 721 Auditoribus.
1376 660 1577 717 Locus
1604 652 1770 716 enim
1806 653 1925 718 iste
1955 656 2207 738 antiqua
2237 664 2336 720 est

766 750 1094 831 Religione
1131 750 1633 825 celeberrimum
1666 750 1757 812 ibi
1792 751 2096 836 primum,
2125 759 2193 815 ut
2215 751 2338 816 t’er·

765 854 909 921 tur,
937 846 1209 930 bospitio
1250 856 1554 931 exceptus
1580 858 1674 913 est
1708 847 2044 931 Apostolus
2066 892 2088 923 ‚
2117 859 2181 914 et
2209 855 2339 914 Ha-

769 946 964 1030 gister
992 946 1286 1011 Gentium
1331 944 1601 1019 Paulus,
1647 946 1752 1028 qui
1791 955 1856 1008 ut
1888 953 2040 1012 Acta
2083 955 2343 1028 Aposto-

766 1042 975 1107 lorum
1022 1050 1373 1116 testantur,
1417 1041 1514 1127 (a)
1556 1049 1776 1107 mansit
1804 1051 2047 1107 biennio
2097 1057 2228 1108 toto
2276 1052 2344 1108 in

767 1161 878 1205 suo
906 1149 1228 1215 conducto,
1258 1153 1314 1205 st
1343 1148 1705 1217 suscipiebat
1736 1161 1978 1213 omncs,
2008 1149 2117 1221 qm·
2140 1149 2337 1220 inpre-

2189 509 2848 567 (ΞΔΝΩΠΙΖᾸΊΊΟΠΒ
2944 532 2958 545 =

2453 655 2544 719 tri
2566 656 2628 717 in
2654 660 2864 721 nonio
2891 660 3145 728 Aureo,
3175 654 3329 731 ubi,
3385 664 3453 720 ut
3509 658 3607 739 pia
3666 658 4016 725 traditione

2456 752 2657 819 fertur
2675 795 2697 825 ‚
2727 753 2950 819 beatus
2981 750 3322 834 Apostolus
3342 762 3566 820 Petrus
3592 757 3769 818 Cruci
3798 756 4023 822 affixus

2456 850 2758 936 martyrio
2784 857 3120 945 coronatus
3149 858 3248 919 est
3276 853 3478 935 capite
3506 852 3584 915 ad
3613 860 3840 916 terram
3874 873 4011 917 ver·

2454 970 2565 1018 so..
2595 957 2656 1012 et
2691 949 2754 1009 in
2788 948 3062 1017 sublime
3090 949 3358 1028 pedibus
3389 951 3676 1019 elevatis.
3705 968 4018 1023 asserens,

2453 1066 2523 1110 se
2551 1045 2866 1128 indignum
2887 1088 2908 1116 ‚
2937 1045 3106 1127 quod
3135 1045 3224 1111 sic
3255 1047 3729 1132 crucifigeretur
3751 1091 3771 1117 .
3807 1054 3869 1110 ut
3903 1054 4016 1110 Do·

2454 1143 2662 1206 minus
2687 1163 2836 1206 sums
2859 1167 2880 1218 3
2912 1144 3023 1207 se'd
3055 1144 3140 1207 ita
3167 1164 3203 1209 e
3232 1151 3398 1208 terra
3422 1145 3676 1210 Caelum
3701 1189 3721 1214 .
3745 1167 3871 1227 quo
3891 1145 4018 1209 iter

767 1244 1090 1302 debeatur
1119 1247 1199 1305 ud
1227 1259 1359 1301 eum
1380 1282 1402 1313 ‚
1433 1243 1796 1315 praedicens
1828 1242 2093 1316 Regnum
2120 1244 2255 1313 Det,
2279 1250 2338 1303 et
2459 1242 2760 1323 parabat,
2791 1241 3140 1322 suspiciens
3161 1284 3183 1315 ,
3218 1242 3620 1306 admirandae
3644 1242 4014 1307 humilitatis

770 1343 989 1401 doceas
1020 1357 1175 1415 quas
1200 1347 1341 1399 auat
1366 1341 1437 1399 de
1468 1339 1716 1398 Domino
1745 1340 1893 1399 ,ἴση
1924 1340 2341 1411 ΟΜεΙο,ευιιι
2450 1339 2746 1401 virtutem
2778 1382 2797 1411 ‚
2828 1339 3101 1420 novique
3154 1339 3433 1424 mysterii
3497 1339 3892 1431 disciplinam
3951 1345 4017 1404 et

768 1444 933 1500 omae·
959 1440 1184 1515 fiducia
1207 1439 1338 1497 sino
1364 1438 1793 1510 prohibitione.

894 1532 1119 1606 Quinta
1147 1531 1250 1594 die
1278 1531 1355 1595 ad
1381 1530 1711 1595 ssissarum
1740 1526 2044 1597 solemnia
2079 1529 2143 1591 in
2178 1536 2338 1594 Pon·

765 1628 1104 1697 titicalibus
1133 1626 1518 1692 celebranda
1546 1625 1920 1691 convenient
1960 1625 2180 1691 dilecti
2214 1626 2330 1690 filii

766 1731 1062 1790 camerae
1093 1719 1486 1805 Apostolicae
1530 1721 1760 1785 Clerici
1826 1722 1891 1786 in
1948 1722 2231 1787 Ecclesia
2270 1728 2331 1787 S.

767 1822 935 1887 Petri
963 1823 1039 1885 ad
1069 1819 1337 1887 Vincula
1364 1839 1476 1883 seu
1509 1818 1717 1883 ‘ritulo
1751 1819 2092 1884 Eudoxias.
2158 1824 2334 1883 Haec

766 1920 933 1983 enim
962 1918 1163 2002 prima
1196 1916 1476 1983 Ecclesia
1520 1935 1663 1980 esse
1696 1913 2008 1989 traditur,
2070 1935 2230 1997 quae
2297 1937 2332 1981 a

767 2017 1048 2097 Principe
1077 2014 1517 2100 Apostolorum
1550 2011 1669 2077 t'uit
1699 2020 1935 2077 Romae
1984 2011 2328 2078 immortali

766 2120 898 2179 Deo
927 2113 1259 2186 dedicata3
1285 2112 1348 2173 in
1382 2109 1495 2175 bac
1519 2109 1811 2193 ejusdem
1850 2109 2019 2175 beati
2048 2109 2332 2190 Apostoli

768 2210 940 2275 sacra
970 2208 1230 2273 Vincula
1259 2215 1623 2279 servantur,
1652 2226 1814 2288 quae
1842 2224 2095 2288 semper
2162 2226 2330 2270 sum-

767 2330 874 2373 mo
901 2307 963 2371 in
993 2307 1228 2372 bonore
1271 2324 1344 2368 ac
1398 2304 1803 2368 veneratione
1857 2303 2022 2385 apud
2085 2303 2331 2369 Fideles

768 2423 987 2468 omnes
1018 2401 1297 2476 fuerunt,
1328 2400 1634 2484 pluraque
1654 2399 2141 2483 benignissimus
2160 2406 2329 2475 Deus

770 2497 1073 2565 miracula
1106 2520 1220 2582 per
1249 2519 1323 2562 ea
1350 2495 1608 2561 efficere
1641 2495 1717 2560 ad
1769 2495 2017 2561 laudem
2079 2506 2141 2560 et
2201 2494 2336 2581 glo·

767 2597 925 2660 riam
959 2598 1130 2661 Servi
1164 2596 1260 2660 sui
1293 2595 1587 2678 dignatus
1629 2600 1745 2657 est.
1777 2593 1882 2677 (b)
1932 2599 2102 2658 Haec
2158 2593 2329 2659 euim

766 2701 912 2760 sunt
944 2693 1161 2759 felices
1188 2691 1286 2753 illi
1334 2711 1531 2757 nexus
1552 2734 1574 2763 ‚
1622 2689 1739 2773 ,qui
1798 2690 1878 2755 de
1939 2690 2205 2753 manicis
2264 2699 2330 2755 et

765 2791 1179 2874 compedibus
1208 2790 1273 2851 iu
1292 2809 1587 2855 coronam
1621 2786 1896 2851 mutandi
1942 2787 2327 2870 Apostolum

765 2891 1201 2972 contingentes
1232 2894 1569 2972 martyrem
1600 2884 2042 2949 reddideruntz
2087 2884 2330 2955 Felices

765 2996 1048 3061 catenae,
1070 3006 1229 3068 quae
1263 2984 1507 3049 nudatis
1528 3003 1687 3066 pene
1716 2984 1970 3048 ossibus
2002 2983 2320 3049 inhaeren-

761 3094 861 3152 tes
888 3086 1059 3150 vivas
1089 3083 1391 3166 reliquias
1420 3082 1501 3147 de
1532 3080 1856 3165 sanguinis
1914 3080 2141 3145 sudore
2192 3081 2327 3165 jam

763 3185 971 3249 attrita
988 3201 1173 3248 carne
1198 3189 1575 3263 rapuerunt:
1609 3179 1837 3244 Felicia
1864 3177 2328 3260 Vincula,quae

763 3301 940 3347 reum
972 3300 1151 3346 suum
1183 3298 1384 3360 usque
1402 3277 1485 3341 ad
1507 3275 1733 3341 Christi
1761 3281 2021 3342 Crucem
2053 3295 2179 3339 non
2203 3284 2326 3339 tam

763 3377 1275 3446 condemnatura.
1298 3389 1484 3456 quam
1516 3378 1960 3437 consecratura
1992 3370 2325 3438 miserunt.

888 3480 1074 3538 Sexta
1100 3479 1315 3544 autem
1346 3470 1451 3534 die
1481 3469 1545 3530 iu
1598 3467 1882 3532 Ecclesia
1911 3473 1971 3531 S.
2029 3469 2197 3533 Petri
2259 3470 2328 3532 in

765 3575 1030 3638 carcere
1061 3615 1080 3644 ,
1108 3591 1237 3652 quo
1256 3612 1279 3642 ‚
1310 3577 1380 3634 ut
1405 3566 1662 3637 ferunt,
1691 3570 1811 3629 BE.
1875 3566 2158 3646 Apostoli
2214 3574 2327 3631 Pe·

763 3676 898 3733 trus
919 3712 938 3740 .
971 3676 1037 3731 et
1064 3664 1296 3730 Paulus
1330 3683 1443 3746 per
1474 3662 1688 3746 plures
1747 3681 1994 3725 menses
2050 3663 2328 3727 arctissi-

764 3784 869 3829 ma
893 3761 1184 3829 custodia
1214 3759 1293 3826 ad
1326 3768 1598 3824 mortem
1632 3775 1832 3839 usque
1863 3756 2103 3822 detenti
2137 3766 2284 3823 sunt
2305 3802 2326 3833 ,

764 3880 1112 3942 eorumque
1141 3855 1451 3922 Custodes
1475 3861 1817 3920 Processus
1838 3898 1860 3927 ,
1903 3860 1967 3916 et
2016 3854 2328 3922 Martinia-

763 3978 881 4023 nus
906 3957 984 4022 ad
1027 3954 1214 4020 fidem
1267 3950 1586 4024 conversi,
1634 3949 1849 4015 subito
1905 3967 1984 4014 ex
2042 3951 2328 4033 proxima

760 4054 1190 4140 petra,Divina
1218 4050 1459 4117 virtute
1489 4047 1663 4114 fonte
1694 4054 1927 4121 enata,
1978 4044 2238 4113 fuerunt
2293 4070 2328 4114 a

759 4161 947 4219 Petro
976 4171 1154 4220 sacro
1184 4148 1505 4232 Baptismo
1531 4144 1775 4220 abluti;
1805 4152 1873 4209 et
1902 4143 2011 4208 ubi
2074 4145 2137 4208 in
2198 4147 2329 4210 vin·

762 4249 923 4316 culis
940 4293 963 4324 ,
992 4257 1060 4314 et
1080 4246 1391 4313 teterrimi
1418 4243 1690 4312 carceris
1721 4240 2024 4307 foeditate
2051 4242 2327 4309 invisen-

762 4347 938 4413 tibus
965 4342 1462 4427 seEvaugelium
1495 4340 1609 4405 Dei
1640 4338 2007 4423 praedicare
2031 4381 2052 4412 ,
2098 4339 2324 4405 curare

758 4442 1038 4508 infirmos
1057 4484 1079 4515 ‚
1106 4459 1322 4506 sanare
1351 4445 1644 4521 aegrotos
1664 4480 1685 4510 ‚
1715 4443 1783 4501 et
1812 4433 2007 4499 multa
2045 4434 2163 4500 alia
2222 4457 2330 4519 pa.

758 4550 928 4606 trare
957 4535 1254 4604 miracula
1282 4555 1404 4601 non
1432 4534 1779 4600 desierunt.
1804 4533 1994 4598 Missa
2024 4540 2236 4598 autem
2264 4535 2327 4597 in

763 4635 1229 4705 Pontificalibus
1259 4633 1321 4695 in
1353 4632 1635 4697 Ecclesia
1664 4629 2011 4714 superiori,
2041 4631 2124 4693 ob
2169 4630 2326 4695 inse·

763 4735 952 4800 rioris
979 4732 1375 4818 angustiam,
1421 4728 1812 4794 adstantibus
1867 4723 2120 4792 dilectis
2173 4726 2328 4793 filiis

764 4830 1231 4897 Referendariis
1283 4826 1651 4891 volantibus
1706 4825 2067 4906 Signaturae
2127 4826 2319 4891 ‹lusti-

764 4931 890 4994 tiae
911 4972 933 5003 ‚
959 4926 1407 4994 celebrabitur.

884 5028 1155 5108 Septima
1184 5023 1285 5086 die
1313 5023 1503 5088 Missa
1533 5020 1594 5082 in
1625 5016 2088 5088 pontificalibus
2114 5062 2137 5092 ‚
2168 5021 2326 5084 assi·.

2452 1434 2618 1497 inter
2645 1442 2949 1499 tormenta
2982 1436 3266 1499 servavit.
3341 1460 3352 1469 ’

2499 1574 2508 1583 -
2576 1536 2838 1594 Demum
2874 1539 3092 1595 octava
3123 1532 3224 1596 die
3257 1532 3478 1597 festiva
3523 1539 3642 1597 BB.
3678 1529 3886 1607 Petri,
3946 1542 4013 1617 et

2445 1624 2618 1691 Pauli
2651 1626 3095 1709 Apostolorum
3131 1628 3477 1711 Principum
3510 1630 3884 1695 solemnitas
3939 1629 4007 1693 in

2447 1730 2655 1788 sancta
2698 1724 3093 1789 Lateranensi
3152 1725 3423 1791 Basilica
3474 1723 3855 1793 absolvatur.
3913 1727 4009 1790 lbi

2443 1820 2609 1883 enim
2640 1840 2823 1902 supra
2854 1819 3064 1884 Altare
3095 1820 3297 1903 Maius
3329 1822 3391 1883 in
3418 1823 3739 1907 argenteis
3789 1821 4009 1904 Imagi-

2447 1918 2632 1993 nibus
2659 1919 3015 2001 margaritis
3042 1917 3483 2001 lapidibusque
3513 1919 3808 2009 pretiosis
3826 1938 4008 1984 orua·.

2445 2013 2525 2078 tis
2553 2033 2728 2078 sacra
2758 2015 3201 2097 Apostolorum
3238 2017 3450 2098 Capita
3472 2059 3495 2090 ‚
3526 2037 3686 2099 quae
3733 2016 3884 2080 olim
3945 2018 4010 2079 in

2444 2110 2720 2176 Ecclesia
2756 2118 2794 2175 S
2858 2114 3169 2177 Laurentii
3230 2104 3307 2179 a⁵d
3368 2121 3585 2197 Sancta
3644 2120 4009 2197 Sanctorum

2445 2210 2887 2281 servabantur,
2911 2230 2943 2272 a
2962 2207 3076 2275 fel.
3103 2230 3232 2277 rec.
3261 2209 3510 2276 Urbano
3534 2218 3696 2294 Papa
3722 2219 3793 2273 V.
3826 2219 4006 2276 Prae-

2444 2302 2776 2371 decessore
2805 2310 3030 2379 Nostro
3062 2307 3329 2387 reposita
3361 2305 3634 2371 fuerunt.
3685 2312 3876 2371 Beata
3907 2328 4007 2372 ca-

2447 2399 2571 2479 pita
2600 2442 2620 2473 ,
2651 2422 2814 2483 quae
2844 2410 3209 2469 Sanctarum
3242 2403 3492 2467 illamm
3519 2405 3884 2475 animarum‘
3907 2426 4009 2469 se·

2445 2496 2560 2560 des
2587 2495 2736 2559 nibil
2768 2498 3005 2564 bumile
3028 2543 3049 2571 ‚
3081 2509 3188 2564 aut
3222 2503 3621 2576 mundanum,
3652 2501 3766 2566 sed
3799 2502 4009 2567 caele·

2446 2592 2563 2657 stia
2592 2594 2796 2659 solum
2827 2617 2898 2661 ac
2927 2598 3145 2662 Divina
3199 2600 3604 2683 cogitatuum
3664 2620 3828 2681 quae
3884 2619 4007 2664 non

2447 2698 2762 2754 terrenum
2792 2692 3112 2774 pulverem
3139 2738 3162 2766 ,
3213 2704 3321 2757 aut
3376 2695 3681 2760 humanas
3717 2695 3963 2760 'sordes
3983 2739 4008 2771 ‚

2443 2787 2554 2851 sed
2586 2787 2823 2853 divinas
2853 2791 3269 2857 revelationes
3296 2835 3316 2865 ‚
3343 2802 3409 2856 et
3434 2792 3735 2857 caelestia
3768 2799 4009 2858 Arcana

2440 2884 2718 2967 recipere
2751 2897 3158 2962 meruerunt;
3189 2910 3352 2972 quae
3382 2890 3446 2953 in
3479 2889 3816 2954 novissima
3865 2912 4002 2957 om·

2441 2981 2609 3043 nium
2642 2990 3034 3046 mortuorum
3062 2985 3524 3051 resurrectione
3565 2984 3847 3050 aeternis
3905 3006 4006 3051 or-

2441 3078 2640 3141 nanda
2673 3080 2860 3145 sertis
2886 3082 3256 3166 corporibus
3287 3101 3359 3147 ac
3386 3083 3716 3146 animabus
3743 3082 3878 3158 sJiis
3899 3104 4000 3146 su·

2440 3194 2666 3257 pernae
2699 3177 3361 3243 Patriae-beatitudine
3419 3177 3686 3241 fruitura
3748 3179 4006 3262 coujunr·

2438 3280 2683 3354 gentur.
2715 3269 2893 3337 Mane
2922 3275 3248 3338 Missarum
3282 3274 3585 3339 solemnia
3629 3275 3698 3337 in
3755 3275 4006 3341 Pontifi-

2439 3367 2680 3432 calibus
2700 3412 2722 3441 ‚
2751 3380 3078 3451 praesente
3107 3381 3260 3437 Ven.
3295 3378 3574 3440 Fratrum
3636 3380 3998 3440 nostrorum

2442 3472 2499 3529 S.
2535 3473 2605 3540 tl.
2638 3473 2706 3529 E.
2736 3463 3148 3536 Cardinalium
3178 3469 3461 3552 collegio
3490 3514 3509 3542 ,
3545 3489 3624 3533 eo
3654 3470 3876 3554 majori
3923 3469 4004 3532 ri·

2445 3572 2511 3627 tu
2542 3569 2604 3627 et
2635 3563 3040 3630 solemnitate
3060 3609 3082 3638 ‚
3116 3586 3240 3649 qua
3269 3568 3429 3631 sacri
3459 3563 3832 3649 hujusmodi
3859 3572 4002 3629 Car·

2443 3660 2749 3724 diualium
2780 3671 3124 3727 conventus
3158 3666 3368 3747 peragi
3422 3682 3694 3745 unquam
3754 3663 4002 3737 solent,

2441 3756 2863 3821 celebrentur.
2899 3766 3175 3841 Vespere
3203 3759 3411 3825 autem
3464 3781 3671 3824 sacras
3731 3767 3996 3842 Aposto-

2440 3852 2644 3918 lorum
2678 3852 2998 3935 Reliquias
3028 3858 3380 3922 veneraturi
3412 3856 3680 3921 solemni
3712 3857 3885 3921 cultu
3937 3864 4003 3923 et

2441 3950 2574 4032 pari
2607 3951 2799 4015 animi
2830 3951 3172 4016 devotione
3191 3953 3268 4016 ad
3317 3954 3604 4017 eamdem
3666 3952 4002 4028 Basilicam

2444 4056 2702 4130 pergant
2733 4047 2948 4112 dilecti
2978 4049 3113 4111 Filii
3144 4048 3398 4113 Nobiles
3425 4049 3552 4113 Viri
3597 4055 3857 4120 Senator
3884 4056 3996 4114 Ur·

2444 4142 2538 4208 bis
2559 4186 2580 4215 ,
2611 4152 2673 4207 et
2706 4153 3126 4208 Romanorum
3153 4145 3428 4218 Civium,
3459 4152 3525 4208 et
3551 4149 3854 4211 Gamerae
3889 4152 4001 4209 Ur·

2443 4240 2542 4304 bis
2571 4244 3085 4312 conservatores.
3120 4260 3387 4323 quorum
3419 4242 3670 4323 pietatis
3700 4242 4004 4326 exemplo

2441 4346 2788 4415 commotus
2819 4337 2895 4401 ad
2925 4337 3171 4402 debitas
3197 4337 3540 4401 immortali
3577 4344 3705 4402 Deo
3761 4340 3998 4421 gratias

2441 4433 2790 4500 reddendas
2820 4454 2931 4517 pro
2958 4434 3264 4520 ineffabili
3293 4454 3553 4500 munere
3581 4435 3641 4501 ei
3673 4434 3906 4501 collato
3930 4438 3994 4500 in

2441 4531 2764 4598 beatorum
2797 4532 3237 4615 Apostolorum
3272 4532 3459 4604 Petri,
3490 4542 3552 4596 et
3582 4533 3754 4597 Pauli
3791 4544 3997 4617 patro·

2436 4629 2602 4693 cinio
2631 4628 2955 4694 universus
2975 4636 3284 4693 Romanus
3307 4628 3580 4711 Populus
3607 4630 3845 4694 celebri
3873 4629 3993 4693 t're·

2438 4725 2692 4808 quentia
2717 4734 2780 4790 et
2813 4726 3063 4791 aemula
3094 4725 3492 4790 festinatione
3520 4726 3824 4791 accedere
3850 4745 3995 4789 con·

2437 4821 2672 4887 tendat.

2564 4919 2998 4985 Pomeridiano
3025 4925 3236 4983 autem
3268 4925 3555 5001 tempore
3577 4915 3843 4983 aliorum
3868 4919 4001 4983 die-

2435 5038 2574 5082 rum
2593 5038 2813 5082 omnes
2839 5015 3396 5082 confraternitates
3426 5015 3607 5099 hujus
3640 5016 3854 5082 Almue
3875 5025 3987 5082 Ur·

761 5125 1069 5186 steutibus
1114 5119 1362 5183 dilectis
1422 5117 1564 5180 tiliis
1624 5115 2181 5180 Abbreviatoribus
2241 5118 2320 5182 de
2437 5116 2690 5197 bis‚per
2715 5113 3161 5180 venerabilem
3197 5120 3470 5176 Fratrem
3522 5122 3800 5178 nostrum
3824 5122 3980 5179 s.u.

759 5226 952 5284 Pareo
980 5216 1198 5300 Haiori
1221 5261 1243 5291 ‚
1271 5213 1697 5280 celebrabitur
1726 5210 1788 5273 in
1822 5210 2102 5278 Ecclesia
2128 5219 2186 5276 S.
2210 5221 2319 5278 Pe.

868 5413 955 5486 (a)
994 5415 1121 5468 Ace.
1167 5414 1358 5484 Apoee.
1402 5427 1525 5482 cap.
1562 5409 1652 5463 28.
1697 5425 1756 5461 υ.
1796 5406 1889 5460 80.
1927 5405 2019 5460 21.

2437 5220 2507 5278 E.
2528 5212 2912 5278 cardinalem
2947 5212 3255 5277 vicarium
3282 5231 3394 5294 pro
3421 5223 3714 5293 tempore
3743 5212 4010 5294 publico

2169 5409 2262 5481 (b)
2290 5411 2343 5466 8.
2371 5412 2511 5481 Aug.
2545 5411 2699 5465 &rna
2742 5409 2835 5463 29.
2865 5409 2933 5462 de
2964 5407 3198 5463 sanctis.
