4442 6300
1458 510 1804 577 qquuss
1856 507 2326 561 saumonem
2365 508 2531 560 aru.

433 658 755 724 remos
787 654 1181 721 ALOrsms
1207 657 1550 731 Epucopsi
1582 657 1940 718 Atheniensis

865 759 1210 818 cardinalis
1244 758 1480 833 Carasa
1503 795 1521 814 .

3346 503 3456 559 2ὕὸ

2076 669 2153 716 ro
2175 696 2196 727 ‚
2224 650 2333 733 qui
2369 658 2509 735 post
2535 669 2639 715 me
2666 647 3044 715 sententiam
3073 647 3327 721 diceut3
3357 647 3640 730 nihilque

2075 745 2159 812 sit
2188 746 2505 829 reliquum
2536 746 2702 827 qnod
2734 766 2919 811 cansa
2950 745 3294 818 desideret,
3322 738 3478 809 illud
3511 765 3642 808 mo·

2078 842 2160 909 do
2202 851 2437 918 restat,
2483 850 2945 910 BEATISSIME
2990 849 3281 915 PATER,
3323 852 3393 907 ut
3435 844 3643 927 parias

532 955 726 1015 Beata
768 947 1099 1013 Catharina
1140 946 1217 1011 de
1265 944 1483 1013 Ricciia
1509 935 1663 1009 acsi
1693 943 1798 1008 uni
1841 940 1964 1006 sibi
2074 960 2240 1007 nunc
2284 942 2535 1007 tandem
2567 941 2890 1027 quodiam
2921 941 3028 1007 diu
3056 941 3370 1023 parturis3
3413 940 3644 1023 ipsam·

406 1046 639 1112 dictum
670 1043 901 1119 fuifiet
921 1088 941 1118 ,
972 1044 1138 1126 quod
1169 1042 1437 1107 habetur
1465 1041 1530 1104 in
1557 1041 1805 1106 Psalmo
1834 1039 1964 1126 (a)=

2077 1060 2202 1122 que
2245 1040 2496 1105 beatam
2541 1041 2928 1105 catharinam
2973 1040 3094 1103 rite
3125 1060 3239 1122 per
3268 1046 3355 1103 Te
3385 1038 3640 1105 dedica·

406 1146 572 1207 Δαᾶί
612 1148 743 1222 μία
785 1154 843 1206 st
882 1146 1019 1204 vids
1066 1151 1123 1203 st
1163 1143 1403 1202 inclina
1431 1158 1640 1204 aurem
1669 1151 1880 1211 tuam,
1910 1148 1969 1198 et
2079 1144 2209 1202 tam
2238 1136 2306 1199 in
2337 1135 2720 1202 caelestium
2755 1157 3083 1221 numerum
3113 1135 3352 1201 referas
3374 1182 3391 1198 .

407 1245 760 1308 obliviscor·
811 1244 1109 1325 poputum
1165 1250 1333 1300 tuum
1378 1249 1435 1301 ct
1476 1244 1716 1301 domum
1763 1239 1970 1299 Patris

404 1346 532 1414 Μ,
567 1349 631 1401 ct
657 1341 1045 1415 concupiscet
1074 1340 1214 1399 Rex
1235 1342 1499 1400 decorem
1529 1348 1738 1407 runnu
1768 1340 1837 1397 ut
1866 1353 1968 1398 ae·

404 1445 589 1502 terno
640 1435 793 1517 Regi
847 1436 1359 1516 obtemperaret,
1388 1452 1585 1513 seque
1620 1432 1710 1494 illi
1742 1431 1971 1496 forma-

404 1541 505 1597 ret
534 1533 602 1593 in
632 1545 927 1613 sponsam
948 1573 970 1599 ,
999 1531 1102 1593 vix
1131 1528 1437 1594 tredecim
1469 1522 1666 1594 annos
1693 1537 1835 1593 nata
1862 1536 1971 1594 Pa·

406 1630 594 1695 triam
623 1672 642 1700 ‚
685 1634 957 1692 Domum
990 1635 1313 1710 paternam
1338 1669 1359 1700 ‚
1392 1635 1633 1691 Patrem
1666 1628 1869 1709 ipsum
1900 1647 1974 1693 ac

407 1726 623 1791 omnia
646 1770 667 1799 ,
699 1745 860 1808 quae
890 1724 1100 1789 Mundi
1129 1730 1269 1788 sunt
1299 1731 1583 1788 aversata
1606 1767 1627 1796 ‚
1653 1723 1969 1805 virginita·
2008 1714 2015 1719 ’

407 1834 541 1889 tem
570 1843 747 1887 suam
775 1866 796 1895 ‚
824 1836 1020 1904 seque
1051 1830 1243 1885 totam
1273 1828 1404 1885 Deo
1434 1819 1663 1884 dicavit
1692 1821 1853 1883 inter
1878 1830 1977 1883 *sa-

409 1940 552 1985 cras
581 1919 873 2004 Virgines
892 1962 915 1992 ‚
945 1939 1103 2001 quas
1134 1926 1266 1983 toto
1294 1919 1461 1983 vitae
1505 1938 1653 1982 suae
1698 1926 1976 2001 tempore

407 2006 774 2083 in⁸suarum
824 2015 1127 2081 virtutum
1171 2017 1426 2081 odorem
1470 2015 1810 2099 pertraxit.
1837 2015 1977 2091 Qui-

408 2117 534 2191 bus
577 2114 841 2181 attactus
883 2112 1178 2179 caelestis
1218 2119 1535 2197 Sponsus,
1578 2120 1650 2176 ut
1688 2113 1978 2179 eamdem

409 2212 541 2279 sihi
563 2210 925 2277 similiorem
960 2211 1301 2284 redderet,
1330 2210 1588 2293 spinoso
1631 2200 1979 2277 diademate

412 2307 513 2373 iili
540 2297 727 2390 caput
752 2306 1086 2380 transfixit,
1117 2307 1328 2374 Crucis
1351 2305 1777 2396 vestigiaffejus
1805 2314 1985 2392 tergo

410 2404 764 2487 impressit,
797 2405 1097 2488 Stigmata
1127 2404 1396 2489 denique
1422 2402 1594 2469 illius
1617 2404 1863 2488 corpori
1891 2404 1982 2467 in-

413 2504 700 2587 sculpsit.
725 2504 913 2568 Hisce
945 2522 1132 2586 porro
1165 2513 1287 2568 tam
1320 2501 1663 2586 splendidis
1693 2502 1887 2586 signis
1914 2521 1988 2568 ac

413 2600 886 2665 characteribus
941 2608 1262 2673 ornatamz
1310 2600 1478 2664 inter
1526 2598 1983 2665 concinentium

412 2699 797 2783 Angelorum
826 2697 1076 2771 choros,
1109 2698 1395 2765 eamdem
1425 2698 1502 2763 ad
1536 2696 1847 2763 caelestes
1876 2716 1988 2759 nu-

411 2796 583 2881 ptias
611 2795 916 2861 evocavitz
937 2795 1247 2877 ‘santique
1269 2795 1521 2859 honoris
1549 2801 1770 2865 testes,
1792 2793 1983 2858 etiam

414 2892 481 2958 in
510 2893 705 2961 terris
745 2913 888 2957 esse
932 2891 1132 2957 voluit
1181 2900 1460 2956 sanctum
1491 2891 1839 2975 Philippum
1866 2894 1988 2959 Ne-

414 2990 587 3055 rium
608 3032 630 3064 ‚
679 2997 745 3054 et
794 2998 1077 3058 sanctam
1116 2989 1372 3053 Mariam
1428 2989 1855 3073 magdalenam
1903 2989 1986 3054 de

415 3086 669 3161 Panis,
696 3082 1020 3170 multaque
1050 3094 1415 3170 praeterea.
1456 3106 1618 3169 qnae
1660 3095 1804 3169 post
1845 3085 1986 3172 ejus

418 3194 694 3251 nortem
726 3191 964 3266 patrata
994 3189 1176 3256 sunt,
1209 3183 1507 3249 miracula
1528 3230 1545 3246 .
1575 3190 1747 3250 Hanc
1774 3177 1987 3249 'autem

418 3298 661 3349 caeram
693 3281 1010 3366 virginem
1029 3326 1050 3357 ,
1079 3282 1261 3367 cujus
1301 3283 1597 3347 decorem
1629 3291 1757 3347 Rex
1788 3290 2013 3348 aeter*

419 3385 898 3460 nustantopere
928 3377 1305 3461 concupivit,
1336 3377 1622 3462 ejusdem
1651 3378 1892 3463 Nuptiis
1925 3380 1988 3443 in

422 3474 615 3544 Caelo
660 3471 946 3557 perfrui,
994 3481 1119 3538 tam
1165 3494 1433 3558 aequum
1482 3495 1715 3540 censeo
1751 3496 1785 3540 a
1816 3480 1991 3544 SAN-

422 3576 757 3684 cjrmm
783 3575 1092 3638 vEs'rnA
1122 3569 1419 3647 deliniri,
1451 3592 1637 3656 quam
1666 3574 1835 3657 quod
1867 3590 1993 3639 ma-

419 3687 599 3735 xtme
618 3697 645 3736 ι·
1280 3685 1303 3702 ““

446 3865 962 3948 ΓΒᾼΝθΙΒΟΠΒ
993 3867 1112 3926 Tit.
1145 3861 1206 3926 S.
1235 3855 1478 3927 Μανὸαο
1520 3863 1966 3960 Transtybcrim

637 3962 961 4040 Presbyter
986 3964 1342 4025 cardinalis
1371 3964 1776 4040 Buryliosius.

549 4155 805 4218 Beuum
837 4151 1227 4218 catharinam
1269 4152 1349 4218 de
1389 4152 1990 4240 Ricciisssvirginem

423 4247 843 4314 florentinam
890 4249 977 4314 ita
1026 4251 1471 4316 commendant
1517 4252 1803 4337 ingentes
1860 4253 1993 4318 the·

426 4346 591 4412 sauri
614 4391 635 4420 ,
668 4366 827 4429 quos
856 4346 921 4410 in
949 4367 1089 4412 eam
1122 4348 1343 4411 effudit
1374 4355 1538 4413 Deus
1578 4348 1858 4415 infinitae
1888 4351 1994 4415 bo-

424 4443 645 4508 nitatis
671 4462 853 4517 suae,
884 4454 957 4508 ut
987 4444 1214 4508 mirum
1246 4464 1371 4510 non
1401 4446 1480 4511 sit
1509 4455 1601 4511 tot
1627 4446 1798 4511 viros
1825 4447 1993 4528 prin·
2074 4479 2081 4482 ·

423 4538 599 4622 cipes
617 4581 638 4613 ‚
660 4549 759 4606 tot
787 4540 1050 4622 populos
1071 4584 1091 4612 ‚
1119 4541 1448 4625 ipsamque
1475 4542 1634 4608 adeo
1663 4553 1988 4625 parentem

429 4636 569 4721 ejus
611 4636 910 4722 inclytam
944 4639 1443 4703 Praedicatorum
1475 4640 1792 4705 Familiam
1817 4686 1837 4713 ,
1865 4642 1995 4707 col-

427 4730 575 4798 latis
604 4731 832 4798 studiis
860 4732 1143 4816 ejusdem
1172 4755 1208 4798 a
1240 4741 1353 4808 Te,
1382 4731 1842 4802 BEATtssmE
1871 4743 1996 4803 Pa·-

429 4835 583 4894 113st
606 4870 635 4902 ,
686 4827 1217 4893 consecrationem
1274 4830 1635 4913 postulare3
1684 4854 1888 4917 neque
1930 4836 1997 4898 in

428 4924 549 4991 hoe
594 4933 719 4990 tam
762 4923 1087 5007 frequenti·
1110 4935 1337 4996 Senatu
1378 4938 1594 4996 extare
1646 4931 1845 4996 adbuc
1887 4933 2001 4995 ali-

432 5035 664 5104 quem,
708 5021 817 5104 qui
860 5042 985 5086 non
1012 5023 1153 5106 jure
1197 5027 1549 5109 meritoque
1580 5027 1742 5092 hu‘nc
1768 5027 1862 5091 illi
1893 5030 1999 5094 ho·

432 5135 657 5196 norem
683 5123 862 5202 putet
888 5121 1288 5186 tribuendum
1312 5165 1337 5222 ⁹.
1365 5124 1535 5208 quod
1566 5123 1733 5190 idem
1760 5146 1901 5191 cum
1933 5135 1999 5191 et

433 5232 554 5301 ego
594 5235 889 5282 caueam
912 5260 934 5291 ‚
962 5218 1343 5304 censerique
1370 5222 1558 5289 etiam
1589 5222 1714 5291 sint
1742 5223 1832 5290 uti
1863 5244 2000 5310 spe-

508 5445 513 5450 ·
549 5425 633 5501 (ι)
658 5429 938 5486 pmcn.
968 5449 1024 5486 v.
1058 5435 1142 5487 ιι.
1172 5446 1227 5487 a
1255 5434 1339 5488 n.

2078 1331 2511 1395 ANTONIUS
2556 1332 2965 1398 XAVERIUS
2999 1337 3117 1396 Tit.
3147 1336 3209 1397 S.
3245 1335 3544 1409 stapham·
3578 1338 3647 1396 iu

2125 1432 2337 1494 Hosto
2373 1434 2582 1495 Caelio
2616 1435 2939 1511 Presbyter
2970 1436 3316 1496 caminatis
3351 1432 3610 1494 Gnatiae
3639 1470 3650 1477 -

2211 1622 2386 1687 vidit
2416 1626 2639 1691 beatus
2665 1631 2940 1691 Ioannes
2969 1624 3307 1709 Apostolus
3325 1624 3651 1689 Civitatem

2082 1739 2309 1787 novam
2359 1722 2706 1789 Jerusalem
2766 1724 3247 1789 descendentem
3296 1722 3374 1787 de
3418 1722 3651 1799 Caelo;

2084 1810 2454 1884 videbimus
2483 1831 2548 1885 et
2586 1842 2699 1885 nos
2731 1841 2961 1903 paucos
2991 1831 3136 1902 post
3165 1821 3299 1885 dies
3316 1828 3403 1886 Te
3433 1827 3657 1885 Aucto·

2084 1933 2156 1980 re
2179 1956 2200 1985 ‚
2230 1921 2687 1982 BEATtssmE
2719 1923 2995 1990 PATER,
3026 1926 3116 1981 Te
3146 1936 3183 1980 e
3215 1936 3509 1999 supremo
3539 1919 3653 1980 Ec·

2086 2010 2321 2078 clesiae
2353 2013 2528 2079 Solio
2556 2015 2935 2081 decernente
2957 2059 2977 2090 ‚
3009 2016 3234 2079 beatos
3279 2013 3387 2078 Dei
3430 2021 3655 2078 Servos

2087 2109 2153 2172 in
2182 2117 2547 2176 Sanctorum
2578 2132 2908 2177 numerum
2943 2111 3352 2186 referendos,
3396 2112 3474 2174 de
3519 2132 3657 2176 cae·

2089 2206 2240 2273 lesti
2273 2208 2628 2276 Jerusalem
2660 2210 3125 2293 quodammodo
3159 2209 3612 2274 descendentes
3633 2251 3655 2285 ‚

2091 2315 2166 2370 ut
2208 2303 2478 2393 gloriam
2504 2307 2634 2392 jam
2666 2309 2775 2373 diu
2807 2308 3096 2391 adeptam
3125 2307 3187 2370 in
3217 2304 3411 2371 caelis
3440 2326 3660 2369 conse·

2096 2412 2364 2487 quantur
2389 2407 2453 2468 in
2488 2406 2673 2471 terris
2695 2450 2718 2481 ‚
2749 2428 2905 2489 quos
2933 2407 3097 2469 inter
3137 2425 3258 2470 non
3298 2404 3505 2468 deerit
3545 2403 3661 2467 ssos

2096 2509 2164 2565 et
2204 2503 2397 2569 decus
2436 2502 2811 2586 virginitatis
2834 2546 2855 2577 ‚
2885 2524 3005 2585 qua
3038 2500 3438 2585 potissimum
3485 2520 3663 2582 prae·

2095 2598 2374 2682 rogativa
2409 2600 2672 2684 effulget
2705 2602 2885 2665 beata
2928 2599 3257 2664 catharina
3287 2599 3364 2662 de
3393 2597 3619 2662 Ricciis
3639 2641 3659 2670 ‚

2098 2698 2265 2777 quae
2295 2702 2646 2761 ceterarum
2680 2697 2956 2761 omnium
2988 2698 3286 2760 virtutum
3334 2714 3663 2759 ornamen-

2095 2792 2180 2857 tis
2210 2791 2503 2877 insignita
2532 2791 2597 2857 in
2627 2794 2993 2877 triumphali
3018 2814 3238 2877 pompa
3261 2791 3537 2856 nobilem
3570 2790 3661 2854 lo·

2094 2908 2242 2954 eum
2274 2890 2626 2957 obtinebit.
2659 2899 2750 2957 De
2778 2892 2961 2977 hujus
2990 2890 3271 2958 Ancillae
3293 2891 3404 2955 Dei
3437 2889 3663 2955 sancti-

2092 2995 2229 3052 -tate
2273 2995 2339 3053 et
2382 2989 2753 3054 eximiarum
2796 2991 3090 3053 virtutum
3123 2989 3502 3075 praestantia
3531 2987 3665 3052 lon-

2099 3087 2239 3172 gius
2263 3090 2454 3175 verba
2484 3089 2697 3156 facere
2728 3091 3102 3173 superfluum
3136 3096 3271 3162 est,
3302 3108 3444 3153 cum
3492 3105 3666 3170 prae-

2102 3185 2201 3251 ter
2226 3196 2473 3253 ceteras
2499 3188 2904 3270 probationes
2922 3196 2985 3252 et
3005 3194 3372 3272 argumenta
3392 3187 3457 3248 in
3480 3205 3663 3252 sacra

2099 3282 2350 3350 Rituum
2378 3284 2875 3370 congregatione
2903 3285 2981 3351 de
3013 3304 3187 3349 more
3218 3283 3537 3358 exhibita,
3568 3303 3669 3348 ac-

2099 3381 2336 3448 cedant·
2357 3390 2422 3446 et
2451 3382 2817 3448 testimonia
2846 3380 3340 3446 luculentissima
3360 3388 3458 3445 SS.
3481 3380 3670 3464 Pilip-

2099 3477 2164 3561 ‘pi
2195 3477 2367 3542 Nerii
2389 3522 2411 3553 ‚
2441 3486 2505 3543 et
2529 3479 2764 3544 Mariae
2792 3478 3194 3563 Magdalenae
3222 3479 3302 3543 de
3331 3479 3570 3552 Panis,
3602 3485 3667 3543 et

2101 3576 2482 3640 subsecutae
2525 3572 2772 3640 divinae
2816 3574 3300 3658 omnipotentiae
3331 3574 3668 3648 miracula3

2103 3689 2303 3753 quare
2331 3669 2395 3736 id
2425 3692 2610 3760 unum
2642 3659 2963 3754 reliquum*
2987 3681 3121 3748 est,
3149 3680 3219 3736 ut
3248 3677 3666 3736 SANGTtTAS

2105 3774 2403 3833 VESTRA
2427 3761 2462 3844 ‚¹
2496 3779 2625 3835 tota
2688 3769 2971 3835 Ecclesia
3028 3769 3361 3853 plaudente
3416 3770 3664 3833 beatam

2100 3866 2429 3950 Virginem
2470 3888 2613 3931 cum
2658 3866 2801 3934 aliis
2831 3868 2894 3931 in
2925 3868 3227 3933 anteactis
3269 3865 3672 3932 consistoriis

2106 3962 2388 4028 omnium
2417 3983 2727 4032 consensu
2767 3967 3128 4051 approbatis
3166 3972 3531 4031 Sanctorum
3561 3970 3670 4030 Fa·

2101 4062 2216 4128 stis
2243 4060 2564 4126 adscribat
2584 4103 2602 4124 .
3141 4055 3162 4062 '‘

2103 4260 2206 4324 Fr.
2239 4254 2612 4318 sommus
2646 4239 3081 4320 mrom'vs
3116 4261 3234 4319 m.
3258 4258 3366 4319 ss,
3391 4259 3673 4319 sumen·

2227 4364 2289 4415 ct
2319 4357 2585 4417 Martini
2624 4357 2706 4417 ad
2749 4356 2993 4419 Montes
3028 4359 3345 4434 Presbyter
3371 4358 3667 4418 cardias-

2230 4452 2310 4513 lis
2342 4452 2668 4529 Guadaqsi
2685 4496 2703 4515 .
3315 4451 3320 4456 ’

2231 4643 2653 4709 Benedicente
2693 4643 2997 4718 Domino,
3038 4649 3499 4709 BEATtSStME
3544 4649 3665 4707 ΡΑ-

2105 4747 2296 4812 TER,
2330 4739 2677 4805 Florentiae
2705 4741 2939 4806 Civitas
2968 4748 3327 4806 Sanctorum
3359 4740 3667 4805 foecunda

2110 4843 2337 4901 Parens
2366 4837 2544 4901 dedit
2570 4837 2836 4903 fructum
2867 4859 3077 4906 suum.
3109 4838 3376 4903 fructum
3409 4837 3664 4919 quidem

2107 4932 2361 4998 honoris
2402 4943 2469 5002 et
2507 4933 2854 5004 honestatis
2878 4937 2955 5000 ad
2985 4936 3306 5000 militantis
3353 4936 3668 5000 Ecclesiae

2112 5030 2499 5114 praesidinm
2527 5079 2546 5108 ,
2592 5034 2671 5098 ad
2713 5034 2929 5120 inclyti
2960 5031 3461 5099 Praedicatorum
3493 5033 3669 5096 Ordi-

2110 5130 2211 5192 nis
2243 5126 2438 5195 decus
2469 5139 2535 5195 et
2562 5141 2990 5217 ornamentum
3012 5132 3345 5217 3¹cogitans
3388 5131 3554 5196 enim
3599 5136 3672 5194 B.

2112 5225 2441 5295 catharina
2480 5228 2564 5295 de
2605 5229 2831 5297 Ricciis
2858 5238 2926 5298 ut
2955 5237 3124 5297 esset
3152 5237 3361 5296 sancta
3405 5241 3675 5314 corpore
