4442 6300
102 5836 139 5942 ²3⁹¹*-

161 5868 182 5896 Q

1523 517 1652 581 Qut
1665 516 1869 584 RQtJt
1909 514 2373 571 SANRTORUM
2418 515 2580 567 BTG.
3384 512 3511 572 a'ta‘

458 655 546 721 Ad
582 661 995 739 opportunum
1028 664 1350 739 praeterea
1396 663 1553 724 Suae
1579 658 1892 723 sanctitati
1920 679 2012 724 re·
2083 688 2086 697 ·
2121 657 2383 742 ligionis
2404 666 2463 737 et
2499 658 2786 724 lustitiae
2819 661 3177 735 simoneta,
3200 684 3360 745 quae
3388 681 3537 727 suae
3562 663 3689 727 sin·

454 775 698 849 cessum
731 754 792 816 in
822 755 1058 832 postica
1091 755 1275 838 hujus
1324 755 1474 821 Solii
1531 764 1709 839 parte
1754 776 2008 837 parvum

455 849 653 915 fverat
699 854 1022 915 asseribus
1073 853 1548 917 exaedificatum
1610 853 2013 921 cubiculum,

456 950 638 1034 cujus
680 948 919 1012 adi'tum
953 952 1032 1014 ab
1067 951 1387 1015 bominum
1438 960 1693 1034 aspectu
1723 972 2018 1016 remove·
2063 1034 2064 1037 Ἴ

458 1049 566 1110 bat
592 1068 665 1111 en
697 1048 891 1111 vestis
925 1050 1200 1124 stragula
1222 1092 1242 1122 ‚
1293 1071 1454 1132 quae
1503 1058 1639 1130 post
1676 1050 2020 1114 Anaclinte-

455 1144 616 1205 rium
651 1144 994 1209 cathedrae.
1051 1144 1328 1228 ligneum
1356 1148 1783 1211 convestiebat
1801 1147 2016 1228 'parie-

460 1251 612 1305 tem.
662 1241 752 1303 Ad
802 1241 993 1305 latera
1052 1261 1306 1324 quoque
1329 1286 1349 1315 ‚
1401 1244 1524 1307 etsi
1568 1252 1744 1308 extra
1790 1244 2022 1327 gradus

458 1338 611 1402 Solii
647 1359 760 1402 nec
794 1339 978 1423 longe
1010 1339 1090 1405 ab
1122 1340 1276 1421 ipsis
1305 1342 1725 1404 Cardinalinm
1778 1340 2020 1406 subsel—
2047 1418 2056 1427 ·

459 1432 566 1499 liis
588 1479 609 1508 ‚
641 1436 762 1499 alia
795 1436 1039 1501 interna
1069 1437 1554 1517 receptacula-et
1607 1439 1817 1503 aditus
1862 1438 2020 1509 dito,

460 1534 744 1615 quamvis
786 1535 950 1598 ostio
978 1542 1040 1599 et
1071 1554 1207 1598 sera
1239 1534 1464 1600 firmati
1490 1581 1510 1610 ‚
1561 1537 1869 1619 maJorem
1916 1537 2022 1598 ab·

463 1631 659 1696 sidem
702 1650 920 1696 versus
970 1648 1082 1712 pro
1121 1634 1508 1716 temporariis
1551 1635 1711 1699 sacri
1767 1640 2026 1699 Senatus

463 1716 1033 1812 opportunitatibus
1066 1733 1355 1815 utrinque
1386 1732 1797 1796 habebantur.
1839 1740 2025 1797 Porro

465 1820 770 1893 Pontificii
800 1829 950 1893 Solii
975 1837 1285 1895 structura
1316 1831 1484 1893 varia
1518 1850 1899 1895 marmorum
1923 1849 2029 1911 ge-

459 1941 606 1988 nera
636 1926 712 1988 ad
747 1925 1022 2006 speciem
1054 1926 1185 1989 veri
1222 1925 1481 1990 mirifice
1514 1927 1674 2008 picta
1707 1925 2026 1991 coloribus

462 2021 847 2086 imitabatur.
903 2023 1167 2087 Suberat
1217 2024 1452 2105 primae
1496 2024 1946 2107 contignationi
1992 2044 2025 2087 a

463 2119 719 2183 Theatri
751 2119 1124 2202 pavimento·
1154 2121 1233 2184 ad
1282 2122 1584 2207 graduum
1634 2121 2026 2187 altitudinem

462 2215 736 2280 Africani
775 2216 972 2281 instar
1003 2220 1339 2283 marmoris
1368 2239 1583 2303 magna
1619 2220 1790 2284 basis
1810 2261 1831 2292 ‚
1863 2240 2026 2301 quae

466 2312 713 2396 palmos
742 2326 1031 2395 protensa
1062 2323 1190 2380 tres
1220 2326 1285 2381 et
1315 2318 1715 2401 quadraginta
1741 2362 1762 2390 ,
1793 2327 1860 2381 ut
1892 2317 2029 2382 fun·

465 2411 759 2477 (lamento
788 2406 957 2477 esset
1006 2415 1496 2498 praegrandibus
1532 2415 1866 2501 stylobatis
1918 2433 2031 2496 per

465 2519 798 2594 utramque
842 2510 1069 2575 faciem
1118 2512 1634 2585 excurrentibus,
1686 2510 2026 2595 palmarem

465 2606 724 2673 alteram
774 2610 1006 2693 specie*
1042 2609 1395 2673 Anthracini
1441 2608 1665 2693 lapidis
1722 2630 1906 2693 supra
1959 2630 2030 2675 se

463 2706 843 2787 excipiebat,
869 2705 968 2770 cui
996 2706 1423 2771 innitebantur
1452 2705 1799 2792 triglyphae
1824 2708 2029 2789 spirae

462 2801 784 2866 inauratae
816 2803 1244 2867 columnarum
1278 2803 1538 2869 duarum
1559 2848 1581 2879 ‚
1636 2824 1794 2888 quae
1838 2804 2032 2869 utrin-

470 2920 592 2983 que
626 2902 874 2967 Throno
902 2902 1295 2985 adjacebant.
1371 2928 1380 2939 ·

596 2998 1031 3061 Columnarum
1063 3019 1286 3085 scapus
1334 2998 1592 3063 striatus
1651 2996 1822 3063 striis
1879 3016 2031 3063 auro

468 3093 690 3170 illitis,
723 3097 1026 3180 strigibus
1057 3116 1208 3163 vero
1255 3097 1475 3183 cyanei
1540 3095 1761 3180 lapidis
1819 3093 2034 3161 colore

468 3194 652 3275 pictis
673 3240 691 3267 ,
723 3203 940 3258 aurato
967 3195 1266 3280 epistylio
1294 3195 1527 3260 ordinis
1558 3194 1859 3259 Corinthii
1908 3201 2031 3258 ter·

473 3292 848 3353 minabatur.
881 3293 972 3355 Ad
1003 3300 1341 3374 utrumque
1370 3291 1705 3357 columnae
1739 3290 1903 3356 latus
1943 3289 2034 3373 pi-

470 3384 570 3450 lae
602 3388 926 3470 stelaeque
947 3389 1203 3453 basibus
1221 3399 1285 3454 et
1304 3388 1589 3472 capitulis
1614 3385 1848 3471 pariter
1864 3389 2034 3453 inau-

475 3485 627 3550 ratis
654 3486 947 3549 floridum
976 3486 1292 3569 onychem
1327 3483 1728 3550 simulabant.

599 3588 767 3658 Quae
823 3582 1132 3646 columnis
1188 3581 1492 3664 stelisque
1552 3579 2035 3664 superimposita

469 3682 842 3745 excurrebat
877 3679 1226 3744 communis
1255 3696 1515 3751 corona,
1550 3675 1901 3743 maculosas
1929 3697 2035 3742 an-

473 3777 629 3861 tiqui
662 3778 993 3841 marmoris
1022 3776 1259 3839 crocini
1296 3794 1488 3840 venas
1509 3774 1850 3840 referebat.
1874 3775 2034 3840 nuic

474 3894 599 3940 non
631 3873 944 3939 absimilis
971 3872 1186 3937 colore
1216 3880 1353 3935 erat
1383 3871 1502 3936 alia
1559 3873 1848 3955 grandior
1883 3893 2033 3956 ope-

472 3973 563 4036 ris
590 3969 841 4054 fastigio
874 3971 1315 4052 superinducta
1339 4015 1360 4046 ‚
1389 3971 1566 4054 cujus
1599 3970 1853 4052 quidem
1882 3991 2032 4054 ope·

466 4069 554 4133 ris
585 4088 728 4151 pars
758 4067 963 4132 media
987 4085 1234 4130 sursum
1264 4066 1594 4132 arcuatain
1616 4066 2026 4149 semicyclum

467 4166 792 4232 desinebat
821 4210 836 4226 .
895 4163 1337 4228 Columnarum
1397 4183 1549 4228 vero
1602 4163 2030 4246 stolarumque

468 4266 585 4329 sub
612 4282 685 4325 ea
712 4272 1069 4345 tympanum
1096 4278 1337 4344 cyaneo
1350 4257 1541 4323 veluti
1556 4277 1864 4323 marmore
1887 4278 2028 4323 con·

467 4368 634 4425 stare
666 4355 1036 4427 videbatnm
1069 4354 1388 4436 zophorus
1417 4355 1548 4437 pari
1581 4354 1773 4418 modo
1802 4355 2027 4437 pictus,

466 4456 575 4540 qni
602 4455 770 4518 inter
800 4459 1100 4532 utrasque
1124 4452 1537 4532 procurrebat
1566 4467 1831 4514 coronas
1873 4455 2030 4514 Ana-

429 4559 436 4568 “
465 4550 712 4636 glypbis
741 4547 1067 4617 inauratis,
1090 4555 1155 4610 et
1187 4548 1344 4611 mira
1362 4548 1663 4611 varietate
1685 4548 2030 4621 distinctas,

463 4651 623 4715 banc
654 4645 1049 4732 praeferebat
1081 4643 1491 4730 Epigrapbem
1523 4645 1767 4729 magnis
1824 4643 2032 4709 literis

464 4746 677 4811 aureis
704 4761 1087 4826 expressam.

707 4888 1145 4948 BENEntcTA
1179 4886 1462 4947 GLottlA
1493 4886 1790 4948 nomm.

467 5027 707 5113 Aligeri
732 5026 860 5090 duo
886 5023 1097 5088 colore
1129 5041 1325 5088 aeneo
1345 5021 1718 5087 insistebant
1739 5030 2028 5088 arcuatae

464 5124 781 5208 supercilii
815 5119 1192 5188 extremitati
1223 5121 1489 5201 genibus
1514 5120 1736 5191 flexis,
1768 5126 1834 5183 et
1888 5118 2020 5202 pal·

457 5247 504 5290 n
531 5245 602 5293 at
631 5224 986 5302 florumque
1019 5225 1187 5283 serta
1219 5217 1506 5282 manibus
1533 5215 1917 5281 attollentes.

590 5323 931 5386 Adstabant
955 5319 1187 5399 pariter
1212 5318 1286 5380 ad
1319 5326 1656 5397 utrumque
1676 5322 1709 5377 Ἰ
1727 5316 1904 5378 broni
1937 5313 2023 5375 la·

465 5425 570 5489 tus
598 5421 882 5485 vestibus
917 5415 1114 5480 multo
1142 5434 1295 5477 auro
1329 5411 1654 5477 illustratis
1673 5411 1870 5476 solida
1903 5418 2016 5474 tte·

2111 755 2269 836 ‘gula
2304 757 2436 819 basi
2472 756 2822 821 insidebant
2854 776 2935 822 ex
2965 758 3346 851 Ala-baatrite
3376 760 3687 826 caeruleis

2125 852 2470 917 intersecto
2499 853 2811 928 lamellis,
2840 867 2899 918 et
2934 858 3146 923 aureis
3195 857 3380 921 lineis
3437 874 3695 923 corona·

2128 956 2192 1011 to
2213 992 2234 1021 ‚
2267 951 2365 1013 cui
2396 953 2708 1017 substrata
2732 949 2993 1018 interius
3021 960 3155 1017 erat
3182 956 3538 1019 stereobata
3560 974 3693 1020 cro·

2129 1048 2273 1113 cina
2302 1048 2599 1113 coronide
2621 1092 2641 1121 ‚
2672 1059 2732 1112 et
2765 1052 3045 1134 cymatio
3096 1051 3433 1116 caelaturis
3486 1051 3694 1118 aureis

2127 1145 2391 1209 variato.
2422 1146 2573 1207 Huic.
2617 1147 3014 1213 stereobatae
3072 1150 3329 1213 suberat
3383 1149 3696 1234 stylobata

2130 1243 2414 1324 persicae
2447 1244 2688 1307 arboris
2722 1243 2987 1310 floribus
3014 1245 3228 1310 colore
3258 1262 3380 1310 non
3437 1248 3697 1311 absimi-

2132 1337 2257 1410 lis,
2283 1338 2679 1423 longitudine
2712 1348 2877 1404 tanta
2903 1384 2924 1414 ‚
2965 1350 3194 1424 quanta
3254 1350 3316 1409 et
3373 1342 3702 1410 latitudine

2134 1454 2317 1516 supra
2354 1436 2550 1499 basim
2583 1435 2859 1501 infimam
2891 1439 3309 1503 anthracinam
3337 1484 3356 1513 ‚
3387 1461 3506 1524 qna
3547 1441 3701 1509 baec

2133 1541 2311 1597 extra
2350 1531 2510 1616 pilas
2536 1535 3031 1618 protendebatur
3056 1535 3350 1620 imposita
3372 1580 3392 1611 ,
3450 1537 3632 1620 cujus
3662 1558 3700 1603 a

2136 1627 2348 1692 fronte
2380 1649 2600 1713 magna
2637 1629 2808 1696 Pelta
2831 1674 2852 1705 ‚
2890 1632 3207 1699 Pontificia
3262 1634 3528 1720 insignia
3579 1638 3700 1702 sub

2138 1726 2412 1790 obscuro
2441 1745 2593 1790 auro
2619 1727 2781 1809 picta
2841 1727 3122 1795 reterens
3143 1772 3166 1806 ‚
3227 1733 3477 1798 extabat
3537 1734 3704 1801 inter

2138 1838 2446 1904 encarpos
2475 1830 2535 1888 et
2565 1825 2771 1887 vittas.

2199 1976 2204 1985 .
2268 1919 2358 1982 Ad
2386 1918 2628 1985 haecin
2663 1921 3145 1988 similitudinem
3186 1924 3320 1991 veri
3374 1928 3707 2001 marmoris

2134 2016 2450 2081 coloratae
2481 2017 2751 2084 culcitae
2781 2021 3038 2103 copioso
3067 2041 3258 2087 aureo
3284 2024 3704 2109 coccineoque

2139 2116 2347 2179 aerico
2379 2112 2658 2181 mirifice
2686 2123 2895 2182 textae
2919 2161 2940 2190 ‚
2969 2124 3285 2201 tamquam
3314 2123 3556 2186 venusti
3601 2144 3708 2206 po-

2137 2220 2276 2276 stes
2306 2221 2647 2295 utrumque
2677 2213 2905 2277 Throni
2946 2213 3116 2278 latus
3167 2217 3353 2297 eique
3413 2200 3709 2300 superci-

2143 2314 2384 2373 tantem
2417 2328 2455 2372 e
2487 2309 2694 2373 serico
2724 2308 2955 2373 villoso
2983 2309 3321 2375 umbellam
3344 2357 3366 2388 ‚
3413 2315 3527 2378 sub
3583 2332 3709 2399 qua

2144 2403 2473 2467 Pontificia
2503 2413 2633 2469 erat
2662 2404 2967 2469 Catbedra
2990 2449 3010 2480 ,
3040 2408 3250 2471 aureis
3302 2411 3523 2476 taeniis
3576 2412 3709 2476 tim·

2143 2500 2552 2582 briarumqne
2610 2501 2964 2567 maeandris
3022 2492 3349 2586 magnifice
3417 2516 3705 2574 ornatam

2138 2595 2756 2661 circumscribebant.
2790 2597 2957 2662 Ultra
2990 2599 3388 2681 supercilium
3422 2600 3587 2685 qnod
3614 2617 3706 2670 to·

2139 2692 2269 2757 tius
2297 2692 2445 2756 Solii
2478 2694 2855 2759 terminabat
2886 2702 3213 2770 ornatum,
3270 2696 3590 2764 eminebat
3646 2707 3704 2766 S.

2141 2788 2381 2854 Fidelis
2410 2789 2722 2855 Vexillum
2765 2790 2846 2853 ab
2907 2791 3157 2875 Angelis
3216 2792 3383 2856 inter
3439 2795 3703 2862 lucidam

2144 2887 2522 2953 nubeculam
2554 2886 3001 2970 apparentibus
3048 2888 3382 2953 elevatum.
3441 2896 3707 2961 Suberat

2147 2982 2308 3048 illud
2339 2995 2549 3050 autem
2603 2984 2813 3048 altiori
2867 2985 3508 3072 splendidissimaque
3564 2992 3706 3060 luce

2146 3081 2536 3149 circumfuso
2564 3083 2833 3166 Spiritus
2883 3084 3081 3147 sancti
3136 3087 3438 3171 symbolo
3463 3131 3481 3160 ,
3540 3091 3705 3157 uude

2142 3189 2278 3244 tum
2311 3181 2472 3246 radii
2503 3180 2691 3263 longe
2735 3179 2986 3264 lateque
3043 3182 3254 3246 diffusi
3319 3188 3631 3252 Vexillum
3662 3189 3710 3254 i·

2147 3295 2327 3360 psum
2349 3320 2371 3349 ‚
2404 3276 2885 3361 subjectumque
2918 3277 3223 3343 Pontificit
3253 3280 3479 3345 'throni
3529 3303 3710 3349 orna-

2143 3381 2278 3437 tum
2301 3372 2746 3448 illustrabam
2774 3383 2905 3437 tum
2928 3373 3141 3457 plures
3162 3374 3553 3461 aligerorum
3578 3383 3710 3446 vul-

2143 3477 2251 3535 tus
2276 3471 2446 3536 inter
2477 3474 2679 3536 nubes
2710 3469 2882 3536 luteo
2937 3473 3153 3537 colore
3210 3493 3582 3556 expressas,
3639 3489 3709 3547 et

2147 3585 2304 3633 auro
2332 3568 2608 3650 plurimo
2634 3569 2912 3633 nitentes
2940 3570 3324 3638 descendere
3366 3577 3708 3656 conspicie-

2146 3664 2392 3728 bantur.
2425 3674 2827 3732 venustatem
2860 3686 3114 3750 quoque
3163 3673 3429 3754 augebat
3488 3673 3708 3740 labens

2145 3764 2229 3827 ab
2257 3770 2527 3844 utroque
2553 3763 2768 3827 vexilli
2798 3764 2996 3830 latere
3025 3781 3310 3850 magnum
3359 3771 3543 3834 serici
3600 3772 3707 3836 vil-

2140 3858 2260 3924 losi
2292 3860 2464 3923 rubri
2495 3859 2998 3941 paludamentum
3020 3906 3042 3935 ‚
3072 3864 3298 3930 taeniis
3344 3876 3529 3950 atque
3561 3869 3709 3935 laci·

2145 3955 2271 4016 niis
2300 3955 2507 4019 aureis
2538 3956 2616 4019 ad
2661 3973 2807 4021 oras
2863 3968 3143 4022 assutum
3171 4006 3191 4035 ,
3246 3963 3415 4044 quod
3470 3968 3703 4029 sensim

2143 4041 2441 4116 diffusum
2475 4053 2550 4116 ad
2582 4052 2845 4135 angulos
2873 4065 3170 4121 externos
3196 4060 3510 4125 coronidis
3555 4063 3707 4144 pila·

2143 4167 2283 4212 rum
2318 4165 2481 4231 quae
2510 4148 2746 4213 Solium
2778 4150 3304 4236 intercipiebant,
3362 4167 3507 4238 post
3562 4177 3707 4224 con·

2140 4246 2399 4310 cinnam
2431 4245 2864 4330 alternamque
2890 4250 3187 4313 flexuram
3220 4252 3451 4316 iterum
3484 4254 3704 4322 labens

2145 4355 2486 4427 utrumque
2508 4345 2855 4409 inauratum
2889 4346 3133 4429 signum
3152 4390 3174 4420 ‚
3203 4349 3491 4415 lustitiae
3538 4352 3705 4416 scili·

2143 4450 2245 4507 cet
2274 4449 2338 4506 et
2372 4441 2731 4526 Religionis,
2761 4461 2795 4504 a
2822 4447 2999 4525 tergo
3018 4445 3456 4529 undecumque
3477 4449 3705 4514 vestie·

2145 4541 2285 4604 batt
2312 4539 2473 4602 Huic
2498 4538 2966 4602 alterunrvelut
2998 4541 3462 4626 amplissimum
3519 4565 3705 4610 cono·

2146 4655 2333 4718 peum
2365 4636 2721 4718 subjectum
2752 4643 2883 4698 erat
2918 4644 2978 4699 et
3013 4637 3312 4702 sociatum
3353 4657 3431 4704 ex
3491 4642 3701 4705 dama·

2150 4751 2344 4796 sceno
2370 4730 2600 4795 coloris
2630 4730 2798 4792 rubri
2829 4728 3109 4797 fasciolis
3139 4734 3348 4798 aureis
3393 4735 3698 4802 discrimi-

2144 4840 2313 4900 nato,
2343 4826 2697 4907 iisdemque
2727 4845 2800 4889 ac
2828 4825 3120 4892 villosum
3145 4831 3400 4893 rubrum
3434 4831 3696 4906 laciniis,

2145 4924 2311 5010 quod
2330 4945 2364 4987 a
2396 4922 2593 5005 gloria
2629 4923 2872 4986 Domini
2898 4925 2978 4987 de
2998 4945 3118 5007 qua
3148 4927 3438 5008 superius
3457 4929 3693 4996 dictum

2142 5033 2240 5090 est
2267 5067 2289 5099 ‚
2320 5020 2620 5103 incipiens
2674 5020 2955 5095 demitti,
3012 5020 3316 5107 paulatim
3371 5027 3459 5091 ita
3513 5027 3696 5095 latius

2149 5119 2583 5188 discurrebat,
2618 5126 2683 5178 ut
2716 5116 2972 5182 laxitate
3003 5140 3115 5182 sua
3145 5140 3265 5184 non
3295 5121 3492 5186 solum
3528 5123 3696 5207 palu-

2145 5219 2505 5288 damentum
2540 5215 2742 5294 ipsum
2774 5215 2949 5296 quasi
3002 5214 3398 5301 ebla'mydem
3461 5221 3690 5288 Throni

2141 5311 2469 5400 exciperet
2500 5320 2568 5376 et
2597 5310 3049 5386 concluderet,
3076 5313 3187 5377 sed
3227 5316 3701 5384 circumvelaret

2143 5419 2511 5493 praeterea,
2539 5429 2725 5492 quam
2754 5407 2919 5472 latus
2957 5419 3140 5486 erat,
3199 5419 3398 5477 totum
3456 5413 3707 5481 Theatri
