4442 6300
1500 499 1847 567 QUtNQtlt
1885 496 2357 553 sanctonum
2397 495 2564 548 ιϊο.

410 643 726 732 suffragiis
755 646 880 711 sint
905 643 1207 727 probatas
1239 649 1669 711 instantaneae
1727 644 1970 712 scilicet

277 756 288 763 “
407 747 763 809 sanationes
791 743 1015 807 Luciae
1045 742 1376 806 Therasiae
1405 743 1564 807 Petti
1589 787 1611 817 ‚
1640 751 1705 807 et
1733 749 1964 825 Marga-

403 842 562 906 ritae
593 840 894 914 castelli,
926 860 1083 922 quae
1113 839 1441 903 incurabili
1465 862 1717 922 prorsus
1746 841 1968 903 morbo

403 939 766 1037 laboranges
794 937 856 999 in
888 935 1115 1001 ultimo
1145 936 1308 1001 vitae
1340 938 1706 1002 discrimine
1762 957 1971 1002 versa-

405 1037 673 1099 banturz
707 1033 863 1109 Quid
895 1032 1070 1097 aliud
1101 1041 1409 1108 remanet,
1436 1034 1555 1097 nisi
1586 1034 1764 1097 illum
1791 1033 1970 1117 juxta

403 1130 930 1213 sapientissimum
962 1133 1462 1194 SANCTITATIS
1492 1137 1810 1197 VESTRAE
1855 1138 1967 1196 De·

404 1238 648 1293 cretum
698 1229 764 1290 in
821 1244 1081 1291 numero
1140 1233 1501 1292 Sanctorum
1559 1228 1967 1294 describere?

409 1328 594 1403 Quod
618 1333 689 1389 ut
717 1325 829 1391 fiat
858 1325 1041 1390 enixe
1073 1345 1428 1408 precamur.
1457 1334 1522 1390 et
1549 1327 1636 1392 ita
1664 1325 1799 1391 fieri
1832 1328 1972 1393 aba·

407 1444 538 1507 que
593 1422 723 1489 ulla
746 1421 1164 1491 haesitatione
1192 1423 1517 1488 sentimus.

481 1618 958 1682 nommcus
990 1621 1106 1680 Tu.
1139 1592 1246 1680 ss.
1281 1620 1432 1681 111.
1473 1618 1897 1695 Apostolorum

694 1717 1015 1792 Presbyter
1042 1719 1391 1779 cardinalis
1422 1719 1685 1780 Rim‘ora.

453 1918 460 1925 ·
530 1905 934 1975 Admirabilis
963 1906 1147 1988 plane
1177 1904 1296 1971 tuit
1322 1951 1342 1979 ‚
1370 1913 1831 1974 BEATISSOEE
1852 1915 1975 1972 ΡΑ-

412 2010 566 2069 TER
591 2047 613 2077 ‚
640 2005 770 2070 vita
801 2005 972 2070 beati
1004 2004 1245 2069 Camilli
1276 2007 1356 2071 de
1381 2005 1618 2079 Lenis,
1676 2008 1781 2089 qui
1839 2008 1971 2088 plu·

407 2101 538 2164 ries
567 2100 836 2166 humana
868 2101 1238 2165 infirmitate
1290 2102 1354 2164 in
1410 2103 1726 2174 sinistram
1785 2105 1977 2169 delle·

404 2203 585 2261 ctens
606 2238 628 2269 ‚
659 2195 903 2279 pluries
936 2196 1273 2275 manifesto
1302 2200 1412 2263 Dei
1444 2200 1643 2285 digito
1701 2199 1824 2266 tuit
1882 2223 1977 2267 re-

410 2301 667 2358 vocatus
696 2293 758 2355 in
821 2296 1149 2359 dexteram
1170 2339 1191 2368 ,
1249 2295 1451 2360 donec
1506 2315 1623 2378 per
1673 2298 1973 2363 virtutum

411 2391 694 2455 omnium
723 2392 989 2475 gradus,
1019 2392 1353 2474 praecipue
1403 2413 1556 2458 vero
1609 2395 1977 2461 ardentissi-

414 2508 554 2552 mae
586 2507 734 2571 erga
763 2493 958 2553 Deum
1016 2495 1209 2571 atque
1263 2489 1550 2556 homines
1606 2491 1975 2568 charitatis,

411 2583 815 2653 ascensiones
843 2585 909 2649 in
939 2587 1130 2651 corde
1154 2607 1269 2652 suo
1301 2586 1638 2671 disponens
1660 2632 1682 2663 ,
1725 2590 1976 2656 Ordinis

407 2682 568 2748 adeo
598 2682 678 2747 da
707 2682 1046 2749 christiana
1107 2685 1453 2768 Republica
1506 2687 1977 2754 benemerentis

407 2777 607 2846 fuerit
634 2780 966 2846 institutor
989 2789 1053 2845 et
1083 2789 1334 2848 Auctor.

541 2881 730 2940 Porro
759 2899 797 2943 a
825 2884 957 2942 neo
980 2920 1002 2951 ‚
1031 2877 1139 2960 qui
1171 2877 1534 2962 magnificus
1571 2887 1671 2946 est
1723 2880 1786 2944 in
1840 2902 1980 2947 san·

412 2972 628 3037 ctitate
650 3015 671 3046 ,
700 2994 778 3038 eo
808 2973 1185 3055 impetrante
1207 3019 1228 3048 ‚
1261 2982 1352 3039 tot
1380 2975 1556 3059 signa
1583 2976 1646 3039 in
1704 2977 1844 3044 dies
1902 2999 1975 3043 ac

413 3070 692 3154 prodigia
720 3071 1014 3144 eduntur,
1046 3082 1113 3136 ut
1142 3093 1283 3135 meo
1315 3072 1569 3157 quidem
1602 3074 1838 3159 judicio
1866 3078 1978 3138 mi-

412 3168 580 3248 nime
612 3170 690 3232 sit
722 3169 1132 3234 dubitandum
1156 3212 1178 3242 ‚
1225 3172 1374 3253 quin
1429 3172 1522 3254 Ei
1563 3179 1980 3238 SANCTITAS

412 3269 717 3331 VESTRA
745 3288 1073 3351 supremos
1103 3267 1166 3358 in
1198 3269 1389 3333 terris
1417 3268 1689 3336 honores
1720 3276 1982 3354 Aposto-

413 3358 538 3426 lica
565 3362 948 3429 Auctoritate
979 3365 1291 3430 decernat.

413 3554 804 3619 Joamvss
843 3555 1237 3622 BAPTISTA
1276 3564 1391 3622 ra.
1424 3562 1484 3624 s.
1521 3539 1763 3626 uaria,
1790 3563 1979 3642 Δημ-

498 3657 697 3718 lorum
727 3659 1046 3734 Presbyter
1067 3661 1425 3733 ⁴(Im-ainata}
1457 3661 1738 3736 spinula.

543 3851 1007 3916 BEATISSIME
1037 3858 1314 3916 PATER.
1346 3851 1655 3919 Mirabilis
1685 3860 1856 3920 Deus
1913 3854 1982 3917 in

419 3942 538 4017 iis.
570 3966 730 4028 quos
760 3945 938 4032 eligit
967 3948 1091 4011 sibi
1121 3949 1198 4013 ad
1230 3948 1505 4033 gloriam
1555 3951 1649 4016 sui
1708 3951 1981 4017 nominis

418 4041 939 4123 amplificandam,
968 4046 1361 4129 Proximique
1391 4052 1525 4114 tum
1544 4048 1816 4121 animae,
1848 4057 1980 4113 tum

420 4138 704 4221 corporis
731 4139 1066 4204 curandam
1093 4140 1362 4206 salutem
1379 4187 1401 4217 ‚
1432 4143 1723 4211 excelsae
1765 4147 1982 4211 dexte-

417 4252 524 4300 rae
550 4256 701 4303 suae
732 4239 1079 4302 mutatione
1112 4237 1259 4304 fecit
1287 4241 1588 4307 virtutem
1622 4245 1685 4306 in
1744 4249 1812 4308 B.
1874 4249 1982 4322 Ca-

418 4330 714 4404 millo,de
740 4333 958 4399 Lellis.
986 4342 1047 4400 Ia
1076 4334 1230 4408 licet
1256 4338 1434 4419 prius
1462 4339 1848 4410 Adolescens
1886 4363 1984 4406 er·

421 4438 626 4495 rasset
656 4431 719 4494 in
749 4432 938 4507 invio,
967 4433 1044 4497 ad
1073 4441 1306 4500 tantam
1340 4436 1753 4502 nibilominus
1782 4439 1984 4504 heroi-

414 4542 631 4590 carum
657 4525 963 4593 virtutum
993 4529 1474 4612 amplitudinem
1503 4535 1985 4615 praeordinatus

415 4619 538 4688 fuit
559 4668 581 4697 ‚
611 4633 682 4687 ut
712 4645 868 4692 nova
897 4627 1248 4694 Ecclesiam
1281 4629 1458 4713 prole
1492 4629 1982 4708 remundaverit,

413 4736 451 4784 a
479 4741 603 4803 qua
632 4741 781 4808 erga
812 4724 1175 4789 Proximum
1205 4746 1242 4790 a
1270 4726 1524 4793 nemine
1552 4738 1739 4793 antea
1765 4749 1848 4793 ex
1890 4738 1986 4795 tot

414 4835 734 4882 sacrorum
787 4820 1085 4886 ordinum
1148 4824 1617 4890 Institutoribus
1670 4828 1986 4912 excogita-

413 4919 548 4976 tum
587 4921 912 4980 extremae
972 4916 1295 4984 charitatis
1354 4919 1635 4985 officium
1696 4944 1984 5007 opusque

417 5017 780 5075 exercetur..
801 5014 995 5079 Sicuti
1028 5015 1243 5099 itaque
1270 5016 1334 5079 in
1364 5018 1719 5103 hujusmodi
1750 5022 1979 5106 insigni

416 5107 645 5173 virtute
671 5115 838 5175 Deus
866 5111 1003 5196 ipse
1028 5111 1193 5197 legis
1222 5136 1376 5180 suae
1404 5117 1606 5182 basim
1648 5126 1981 5202 totumque

413 5201 881 5271 fundamentum
912 5212 1227 5276 constituit
1250 5236 1268 5273 ι
1299 5213 1386 5275 nil
1419 5214 1674 5290 mirum,
1707 5218 1872 5298 quod
1906 5218 1980 5281 il-

417 5300 478 5367 la
507 5303 793 5368 omnium
826 5304 1094 5372 aliarum
1126 5310 1517 5376 heroicarum
1548 5314 1844 5379 virtutum
1876 5337 1982 5400 ge·

417 5415 565 5465 nera
594 5404 664 5466 B.
694 5403 961 5469 Camillo
989 5405 1363 5482 contulerit,
1393 5409 1628 5490 quibus
1667 5412 1882 5478 vivens
1911 5433 1975 5478 e·

753 5532 968 5575 sanan.
1008 5535 1123 5575 xiv.
1166 5536 1312 5576 rear.
1354 5526 1481 5578 vu.

3350 497 3453 550 1⁸7

2079 640 2343 718 micuit,
2372 647 2441 705 ut
2468 647 2765 722 tanquam
2792 638 3011 707 lumen
3033 639 3101 705 in
3129 640 3518 707 Candelabro
3538 660 3646 724 po·

2080 740 2269 805 situm
2299 739 2528 804 ceteris
2557 738 2817 803 luceret.
2847 739 3454 805 Praestantissimum
3503 756 3645 820 pro·

2081 844 2299 919 pterea
2329 836 2618 900 omnibus
2644 836 2821 899 dedit
2837 835 3202 918 exemplum
3227 879 3249 909 ‚
3278 835 3646 918 praesertim

2081 953 2236 996 vero
2265 951 2408 995 cum
2440 932 2543 995 vix
2572 931 2805 997 Ordine
2832 932 3122 997 instituto
3143 977 3163 1005 ‚
3193 938 3511 1015 grassante
3541 952 3646 1014 pe-

2081 1037 2175 1093 ste
2207 1050 2281 1094 se
2309 1030 2514 1112 ipsum
2546 1034 2716 1101 Deo,
2748 1050 3023 1112 suesque
3053 1030 3362 1094 Alumnos
3392 1049 3504 1112 pro
3534 1048 3648 1109 pu·

2079 1124 2249 1190 blica
2280 1124 2479 1192 salute
2508 1126 2865 1192 devoveret.
2887 1134 3152 1209 AEquum
3185 1146 3372 1209 porro
3402 1136 3503 1189 est
3524 1170 3545 1198 ,
3576 1134 3648 1189 ut

2079 1241 2118 1286 a
2145 1228 2629 1288 SANCTITATE
2657 1229 2965 1287 VESTRA
2997 1222 3154 1291 intra
3211 1222 3484 1287 Coclites
3540 1222 3652 1286 ad·

2078 1330 2446 1387 numeretur
2464 1361 2487 1393 ‚
2517 1339 2785 1402 quorum
2816 1320 3134 1386 consortio
3155 1320 3287 1405 jam
3318 1320 3574 1403 gaudet.

2195 1515 2657 1579 sarnatus
2694 1494 2811 1577 :rass
2835 1518 2898 1579 s.
2926 1518 3188 1579 sabim
3222 1518 3545 1595 amma·
3648 1514 3657 1521 ·

2530 1615 2872 1675 cardinalia
2902 1619 2974 1677 do
3008 1615 3186 1674 Ilcio.

2205 1804 2381 1879 Quod
2413 1804 2476 1867 in
2500 1824 2833 1885 corporum
2862 1806 3185 1872 curatione
3241 1806 3319 1871 ad
3376 1805 3651 1875 caeleste

2079 1902 2425 1986 prodigium
2456 1901 2751 1974 refertur,
2779 1924 2925 1967 cum
2956 1904 3109 1969 haec
3138 1906 3201 1967 in
3231 1905 3487 1969 instanti
3506 1925 3652 1969 con-

2086 2002 2322 2083 tingat,
2351 1999 2582 2083 potiori
2611 1999 2750 2079 iure
2781 1998 2859 2062 de
2887 2000 3235 2068 animarum
3260 2002 3657 2077 instantanea

2085 2098 2410 2163 sanatione
2464 2099 2875 2163 asserendum
2937 2098 3198 2165 videtur.
3274 2102 3648 2186 Huiusmodi

2085 2195 2340 2260 Divinae
2369 2193 2838 2260 misericordiae
2858 2196 3209 2280 prodigium
3229 2205 3531 2280 expertus
3547 2210 3652 2264 est

2082 2293 2306 2358 beatus
2334 2291 2630 2357 Camillus
2656 2292 2737 2356 de
2769 2289 2999 2363 Lenis,
3041 2291 3149 2375 qui
3205 2293 3522 2376 inopinata
3580 2306 3651 2363 et

2086 2387 2578 2455 extraordinaria
2605 2388 2685 2457 de
2714 2386 2901 2461 Caelo
2929 2387 3071 2453 luce
3102 2387 3391 2472 perfusus
3445 2392 3525 2456 de
3555 2415 3655 2459 re-

2088 2495 2275 2571 pente
2305 2488 2369 2549 in
2400 2506 2627 2551 novum
2655 2484 2973 2549 hominem
3010 2495 3285 2553 mutatus
3314 2489 3393 2553 de
3453 2490 3653 2561 Belial

2086 2586 2164 2650 ad
2193 2585 2501 2651 Christum
2535 2584 2864 2649 transitum
2896 2582 3065 2649 fecit.
3096 2592 3173 2650 Ut
3200 2596 3412 2653 autem
3448 2598 3660 2654 antea-

2084 2692 2224 2749 ctae
2253 2682 2420 2747 vitae
2449 2682 2711 2746 crimina
2739 2681 2985 2765 plenius
3011 2684 3331 2767 expiaret,
3389 2687 3658 2769 napa-ri.

2088 2800 2261 2842 mum
2291 2778 2776 2863 capuccinorum
2808 2779 3163 2844 Institutum
3183 2779 3510 2863 amplexus
3527 2794 3651 2858 est,

2087 2877 2199 2941 sed
2228 2898 2370 2942 cum
2402 2878 2485 2940 ob
2517 2875 2891 2940 valetudinis
2921 2877 3420 2943 imbecillitatem
3451 2881 3515 2943 in
3573 2904 3653 2947 eo

2083 2993 2453 3056 permanere
2483 2991 2605 3035 non
2635 2980 2891 3054 posset,
2923 2972 3369 3041 molestissimo
3399 2988 3468 3043 et
3520 2978 3653 3060 ple-

2088 3091 2170 3135 no
2197 3069 2435 3135 laboris
2461 3068 2850 3133 infirmorum
2882 3070 3140 3135 servitio
3168 3094 3238 3139 se
3266 3074 3559 3151 addixit,
3586 3079 3654 3140 in

2087 3192 2214 3252 quo
2244 3169 2515 3234 maxima
2543 3167 2863 3233 charitatis
2882 3211 2901 3241 ‚
2923 3169 3297 3238 humilitatis
3324 3182 3391 3238 et
3415 3176 3655 3256 patien-

2087 3267 2212 3331 tiae
2242 3266 2553 3349 praestitit
2580 3272 2943 3348 argumenta
2966 3311 2985 3338 .
3015 3288 3177 3348 quae
3212 3271 3409 3354 magis
3436 3292 3508 3336 ac
3529 3293 3655 3338 ma.

2088 3367 2185 3449 gis
2215 3365 2524 3448 patefacta
2555 3361 2730 3427 fuere
2753 3363 2817 3426 in
2843 3363 3183 3430 dirissimis
3210 3366 3463 3433 illorum
3498 3379 3656 3436 tem-

2087 3483 2313 3545 porum
2339 3462 2838 3535 calamitatibus,
2867 3462 3102 3544 quibus
3140 3472 3338 3530 Roma
3394 3465 3655 3535 afflicta-

2093 3563 2296 3628 batur.

2216 3658 2496 3722 Eandem
2525 3656 2591 3718 in
2619 3653 2930 3720 obeundis
2967 3655 3468 3738 perfectissimae
3513 3661 3658 3727 cha·

2090 3755 2298 3821 ritatis
2330 3753 2698 3817 muneribus
2726 3752 3115 3820 sanctissime
3144 3755 3343 3827 obiit,
3370 3764 3460 3822 tot
3487 3759 3659 3842 ejus·

2092 3853 2241 3916 dem
2268 3850 2584 3917 charitatis
2602 3849 2906 3914 haeredes
2937 3850 3373 3933 relinquendo.
3390 3866 3543 3937 quot
3563 3859 3655 3921 in·

2090 3950 2311 4016 stituta
2334 3951 2416 4013 ab
2447 3969 2524 4013 eo
2555 3945 2793 4030 Religio
2822 3947 2900 4010 de
2930 3947 3267 4015 christiana
3318 3952 3658 4034 Republica

2075 4049 2310 4132 optime
2325 4045 2919 4112 meritaSacerdotes
2930 4044 3303 4112 etAlumnos
3312 4061 3652 4116 enumerat.

2216 4152 2374 4210 Cum
2402 4150 2606 4208 autem
2639 4140 2812 4205 Beati
2838 4140 3030 4225 hujus
3060 4147 3457 4214 sanctitatem
3486 4154 3657 4214 Deus

2090 4242 2228 4326 ipse
2250 4287 2271 4315 ,
2299 4240 2407 4323 qui
2437 4246 2537 4303 est
2564 4236 2879 4302 mirabilis
2909 4239 2973 4302 in
3003 4241 3243 4305 Sanctis
3270 4242 3435 4318 suis,
3478 4244 3659 4311 innu-

2093 4339 2288 4404 meris
2317 4343 2459 4420 post
2488 4344 2756 4401 mortem
2786 4335 2986 4419 signis
3016 4341 3543 4422 comprobaverit,
3576 4353 3651 4410 ut

2093 4437 2278 4521 plane
2309 4442 2572 4508 testatur
2598 4432 3144 4515 frequentissimus
3177 4436 3256 4500 ad
3304 4437 3446 4520 ejus
3501 4449 3667 4507 Aras

2090 4554 2435 4600 concursus
2455 4575 2478 4606 ‚
2520 4531 2993 4616 sapientissimo
3048 4537 3274 4599 Sacrae
3329 4539 3657 4603 Generalis

2094 4633 2347 4697 Rituum
2377 4629 2886 4726 congregationis
2907 4629 3151 4714 judicio
3173 4675 3195 4706 ‚
3228 4653 3389 4714 quae
3408 4642 3545 4700 tuto
3576 4638 3658 4701 ad

2090 4731 2234 4815 ejus
2260 4727 2807 4798 canonizationem
2840 4727 3095 4811 procedi
3123 4749 3311 4812 posse
3335 4732 3655 4816 judicavit,

2091 4827 2315 4894 libenti
2346 4826 2550 4892 animo
2579 4824 2913 4892 adhaereo.

2170 5024 2540 5088 nomme
2550 5023 2642 5085 Hs
2674 5024 2789 5083 Tit.
2821 5023 2882 5084 S.
2910 5025 3206 5085 Bernards‘
3260 4981 3599 5104 Presbyter*

2491 5121 2836 5188 cardinalia
2868 5120 3254 5181 Passionem.

2218 5310 2505 5379 Gloriosa
2560 5309 2695 5374 filia
2754 5308 2941 5394 Regis
3007 5309 3331 5387 Ecclesia,
3410 5313 3660 5385 stilicet
3736 5355 3747 5362 ,

2089 5430 2318 5496 sponsa
2345 5406 2615 5483 Christi,
2660 5406 2991 5474 exhibetur
3048 5410 3234 5476 nobis
3290 5411 3356 5474 in
3411 5413 3659 5482 Psalmo

2544 5526 2563 5544 ⁸
3255 5525 3328 5576 22
