4442 6300
1500 574 1845 644 onmem:
1889 575 2353 629 sancromtm
2393 542 2560 629 ιτα.
3410 574 3479 625 ιτ

415 728 541 785 tam
571 702 782 784 Dirina
812 722 940 783 vita
966 730 1032 785 et
1059 719 1417 784 admirabili
1444 727 1742 801 tantaque
1769 739 1973 783 rerum

422 817 830 881 maximarum
864 818 1199 887 varietate,
1229 837 1469 899 proque
1502 816 1649 879 tanti
1682 816 1867 897 hujus
1896 815 1984 878 lo·

2097 721 2308 785 credis
2343 729 2402 783 P.
2437 727 2529 792 B.‚
2560 720 2649 785 uti
2682 718 2836 786 hanc
2864 720 3099 784 orando
3150 718 3670 803 obsecr-sudoque

2098 839 2132 882 a
2176 828 2376 884 matre
2420 820 2539 886 sibi
2570 820 2813 884 veniam
2862 821 3274 900 impetraret?
3329 818 3663 882 triennium

425 917 480 977 ci
513 915 853 995 majestate
876 925 940 976 et
972 914 1322 994 frequentia
1353 916 1565 976 minus
1589 912 1987 994 splendidum
2096 927 2466 999 perpetuum
2494 944 2509 980 ι
2553 924 2723 992 Quae
2752 938 2854 981 res
2883 919 3035 981 mira
3069 937 3217 981 sane
3252 916 3327 978 iis
3374 916 3667 981 omnibus

426 1022 495 1074 et
525 1013 769 1074 illustre
802 1028 998 1093 genus
1027 1010 1143 1074 erit
1176 1011 1485 1074 Orationis
1516 1028 1719 1081 meae,
1750 1029 1990 1090 aequus

423 1108 634 1173 tamen
659 1110 747 1172 sis
774 1107 926 1170 mibi
954 1116 1019 1170 et
1051 1110 1387 1191 benignus;
1416 1107 1699 1188 illudque
1722 1106 1825 1188 pie
1850 1125 1988 1169 cum

427 1208 638 1270 animo
672 1214 779 1268 tuo
810 1211 1031 1286 putes,
1074 1214 1137 1269 et
1165 1206 1225 1268 id
1259 1206 1484 1268 su‘mmi
1517 1225 1726 1267 rerum
1775 1202 1988 1265 mode-

433 1304 662 1367 ratoris
690 1303 800 1366 Dei
832 1305 1150 1367 voluntate
1196 1303 1480 1366 evenisse
1503 1345 1523 1373 ‚
1551 1308 1620 1365 ut
1650 1310 1774 1364 tam
1820 1299 1992 1364 claro

431 1421 784 1484 magnoque
812 1400 946 1464 viro
974 1401 1265 1464 laudator
1292 1400 1649 1481 obtingeret
1678 1407 1805 1461 tam
1832 1397 1994 1480 jeju·

430 1517 550 1562 nus
579 1509 644 1562 et
683 1497 1051 1578 impolitus;
1095 1518 1219 1577 quo
1249 1508 1470 1578 nempe
1501 1518 1614 1560 suo
1642 1496 1849 1577 potius
1893 1515 1994 1558 res

435 1595 612 1679 ipsae
641 1596 943 1676 pondere,
963 1615 1148 1675 quam
1181 1594 1457 1658 oratoris
1487 1593 1845 1674 eloquentia
1876 1599 1996 1656 sta·

434 1711 504 1755 re
531 1693 879 1756 videantur.
910 1700 1140 1755 Verum
1172 1693 1316 1772 quid
1350 1713 1468 1772 ego
1496 1690 1764 1771 primum
1797 1691 1877 1751 de
1921 1690 1995 1750 il-

430 1788 497 1853 lo
527 1789 724 1851 dicam
750 1790 784 1850 Ἰ
815 1797 903 1849 An
923 1830 943 1858 ,
976 1788 1141 1869 quod
1170 1787 1537 1869 plerumque
1572 1787 1634 1847 in
1680 1786 1995 1850 laudando

432 1886 768 1958 usuvenit,
812 1907 847 1949 a
888 1886 1134 1965 patriae
1164 1892 1224 1946 et
1257 1885 1461 1967 gentis
1490 1883 1820 1948 nobilitate
1845 1927 1865 1955 ‚
1908 1882 1997 1947 fa·

431 1983 636 2045 miliae
682 1983 905 2061 opibus
939 1990 999 2046 et
1030 1980 1296 2045 fortunis
1320 2025 1338 2050 ,
1384 1981 1814 2063 majorumque
1857 1980 2031 2063 ejus·

431 2078 657 2148 Domi,
690 2077 972 2158 forisque
1005 2076 1329 2159 praeclare
1360 2077 1556 2159 gestis
1587 2078 1775 2140 rebus
1819 2096 1996 2141 exor-

433 2176 622 2241 diar?
650 2177 822 2238 Haud
858 2175 1144 2254 equidem
1176 2174 1433 2245 faciam;
1458 2179 1674 2255 Neque
1705 2176 1870 2238 enim
1900 2181 1996 2237 est

434 2294 632 2355 opus,
678 2274 728 2336 si
762 2272 914 2334 illud
953 2293 1169 2335 verum
1204 2280 1332 2342 est,
1377 2291 1496 2335 non
1545 2292 1732 2352 egere
1772 2271 1995 2337 alienis

429 2369 718 2434 laudibus
739 2413 762 2442 ,
796 2370 903 2451 qui
935 2370 1210 2433 abundet
1241 2369 1391 2432 suis.
1423 2369 1715 2442 Quamvis
1743 2370 1794 2431 si
1824 2369 1995 2433 bisce

431 2468 620 2533 etiam
656 2468 956 2539 externis,
979 2462 1041 2530 et
1064 2468 1439 2548 contemptis
1468 2466 1530 2527 in
1565 2468 1781 2539 rebus,
1814 2488 1883 2530 ac
1901 2467 1992 2551 (a)

432 2581 554 2629 uon
580 2564 792 2646 potius
821 2563 1073 2648 gloriari
1106 2585 1219 2627 nos
1249 2569 1537 2643 oporteat
1570 2564 1631 2625 in
1676 2564 1998 2627 infirmita-

432 2662 599 2724 tibus
632 2661 886 2733 nostris,
918 2680 1031 2722 nec
1063 2682 1199 2724 eam
1225 2661 1482 2749 quidem
1513 2660 1759 2723 laudem
1780 2672 1995 2726 nostro

433 2759 712 2824 defuisse
746 2758 1042 2839 Regalato
1061 2756 1244 2821 facile
1267 2759 1499 2838 possim
1525 2760 1877 2822 ostendere.
1904 2766 1995 2821 An

433 2873 558 2919 non
604 2863 787 2917 natus
815 2856 949 2936 ipse
980 2864 1077 2918 est
1121 2854 1468 2918 vallisoleti
1504 2856 1565 2916 in
1597 2856 1762 2918 Urbe
1806 2856 1998 2920 totius

436 2952 746 3017 Castellae
782 2952 1058 3033 principe
1081 2954 1113 3013 Ἰ
1142 2972 1216 3013 an
1250 2973 1371 3015 non
1403 2960 1498 3015 est
1527 2954 1722 3016 veteri
1768 2961 1953 3034 gente
1973 2997 1993 3025 ,

436 3047 804 3130 familiaque
846 3048 1292 3112 nobilissima?
1335 3070 1454 3112 non
1499 3062 1563 3111 et
1592 3048 1670 3111 iis
1712 3049 2000 3130 genitori-

436 3143 590 3217 bus,
621 3145 730 3226 qui
763 3165 903 3209 cum
938 3165 1165 3227 genere
1198 3145 1357 3225 ipso,
1392 3144 1716 3227 dignitate,
1752 3145 1999 3227 opibus,

439 3241 831 3323 fortunisque
861 3262 1042 3322 quam
1069 3241 1340 3306 maxime
1368 3243 1694 3316 florerent3
1716 3249 1846 3304 tum
1875 3244 2001 3324 pie-

434 3346 559 3402 tate
581 3383 602 3412 ,
659 3359 732 3402 ac
775 3338 1118 3420 religione,
1172 3347 1358 3419 atque
1409 3340 1605 3402 effusa
1651 3341 1712 3400 in
1764 3359 1999 3421 egenos

434 3436 783 3516 Christique
818 3455 1122 3516 pauperes
1153 3436 1531 3517 benignitate
1576 3436 1756 3517 longe
1788 3443 1999 3499 essent

434 3532 495 3594 in
524 3533 788 3595 Civitate
819 3553 926 3595 sua
952 3532 1301 3612 principes?
1318 3533 1436 3594 Sed
1468 3534 1641 3603 baec,
1671 3541 1857 3612 atque
1889 3533 1999 3595 bu-

433 3629 702 3710 jusmodi
726 3628 1027 3709 pleraque
1050 3628 1168 3691 alia
1193 3630 1465 3709 prudeus
1488 3626 1828 3709 volensque
1854 3629 1999 3691 mis-

436 3745 509 3788 sa
550 3725 749 3796 facio,
801 3746 878 3788 ne
923 3746 1063 3788 eum
1112 3746 1337 3788 ornare
1366 3726 1639 3789 voluisse
1671 3728 1882 3789 videar
1922 3745 2000 3788 ex

444 3819 659 3884 alienis
686 3823 1066 3893 virtutibus,
1112 3824 1217 3903 qui
1266 3823 1414 3885 satis
1445 3825 1527 3885 sit
1571 3824 1704 3904 ipse
1750 3831 2000 3886 ornatus

438 3937 516 3981 ex
548 3919 718 3992 suis3
749 3929 938 4000 atque
967 3920 1042 3982 ad
1078 3939 1184 3982 eas
1216 3920 1509 3982 accedam
1541 3920 1795 3993 laudes,
1841 3940 2000 4001 quae

434 4021 601 4078 totae
633 4025 1172 4096 quantaecumque
1207 4023 1345 4079 sunt
1365 4059 1385 4087 ,
1418 4038 1578 4098 quae
1603 4027 1773 4080 certe
1805 4019 1996 4079 maxi·

435 4130 575 4175 mae
609 4122 787 4184 sunt,
822 4123 1028 4185 totae,
1060 4115 1313 4191 inquam
1339 4156 1358 4182 ,
1390 4113 1803 4193 propriaeque
1834 4113 2001 4176 Petri

436 4208 639 4291 ipsius
670 4210 865 4272 nostri
901 4217 1074 4273 sunt:
1100 4216 1550 4291 Exponamque
1575 4210 1832 4288 primum
1866 4211 1998 4291 qui-

433 4305 553 4366 bus
585 4304 737 4368 olim
766 4307 1058 4386 gradibus
1082 4306 1219 4388 ejus
1250 4318 1423 4368 aetas
1451 4306 1525 4367 ad
1552 4326 1858 4368 summam
1881 4306 1999 4370 vir-

437 4401 589 4463 tutis
620 4400 925 4482 officiique
954 4401 1406 4482 perfectionem
1434 4402 1816 4473 ascenderim
1850 4423 1997 4481 quo,

429 4497 752 4577 principiis
782 4498 1069 4579 cognitis,
1095 4498 1336 4577 reliqua
1365 4496 1616 4561 facilius
1648 4497 2000 4579 intelligan-

435 4597 553 4682 tur.
590 4595 900 4656 Decenuis
947 4594 1147 4655 adbuc
1175 4614 1332 4673 puer
1376 4602 1508 4656 erat
1552 4601 1809 4664 Petrus,
1854 4614 1996 4656 cum

433 4698 608 4770 patre
631 4690 761 4771 jam
796 4691 918 4751 vita
950 4690 1187 4760 functo,
1218 4690 1371 4750 nihil
1401 4710 1655 4770 prorsus
1688 4690 1999 4754 admirans

432 4784 739 4848 fluxarum
762 4805 833 4848 ac
855 4785 1141 4848 labilium
1153 4787 1339 4869 hujus
1365 4786 1575 4847 mundi
1597 4806 1823 4856 rerum,
1840 4785 2002 4868 cogi·

435 4890 566 4944 tare
597 4883 676 4943 de
716 4881 973 4944 caelesti
1002 4883 1229 4964 patria,
1251 4890 1633 4962 aeternaque
1665 4882 1865 4946 salute
1891 4904 1999 4944 sua

429 4977 860 5040 vehementius
887 4979 1117 5058 coepit.
1148 4984 1426 5058 Cumque
1471 4978 1760 5041 divinitus
1792 4979 1999 5041 vocari

431 5073 565 5151 ipse
587 5073 709 5133 sibi
732 5073 1051 5136 videretur
1086 5074 1150 5133 iu
1185 5074 1314 5136 divi
1346 5075 1653 5136 Francisci
1692 5074 2001 5137 Assisina·

2102 1013 2304 1075 videri
2348 1015 2534 1075 debet
2562 1058 2579 1084 ,
2625 1016 2729 1095 qui
2758 1023 2975 1093 putare
3006 1034 3214 1077 secum
3246 1013 3438 1074 velint
3462 1011 3664 1083 ,theri

2100 1128 2494 1191 nequaquam
2544 1111 2863 1191 potuisse,
2909 1111 3053 1191 quin
3084 1110 3321 1173 interea
3366 1109 3491 1173 loci
3538 1130 3668 1172 om-

2105 1226 2218 1268 nes
2262 1227 2402 1270 cum
2449 1204 2562 1269 illo
2606 1206 2988 1277 blanditiae,
3033 1226 3252 1279 omnes
3284 1205 3667 1282 illecebrae,

2104 1311 2273 1366 artes
2303 1303 2703 1384 rationesque
2746 1323 2962 1367 omnes
3006 1302 3490 1376 adhiberentur,
3536 1302 3668 1384 qui-

2109 1399 2226 1463 bus
2255 1399 2562 1463 credibile
2594 1388 2798 1462 fuerat
2828 1399 3206 1463 commoveri
3235 1420 3496 1480 puerum
3529 1420 3670 1480 pos·

2108 1517 2211 1568 se,
2243 1499 2323 1562 ab
2355 1518 2558 1578 eoque
2590 1497 2855 1561 consilio
2885 1498 3200 1560 revocari:
3249 1504 3323 1559 Et
3356 1497 3669 1560 nibilomi-

2108 1615 2222 1657 nus
2254 1593 2484 1658 frustra
2515 1596 2589 1658 ad
2621 1616 2762 1657 eum
2795 1595 3163 1658 vincendum
3198 1596 3401 1659 omnia
3435 1594 3666 1671 fuiss03

2106 1691 2392 1771 quinimo
2420 1692 2645 1754 victam
2681 1690 2793 1751 filii
2825 1692 3184 1753 assiduitate
3216 1698 3279 1754 et
3323 1692 3665 1756 constantia

2109 1797 2370 1850 matrem
2397 1789 2622 1868 ipsam,
2650 1806 2782 1847 rem
2813 1788 3064 1850 tandem
3099 1788 3344 1850 omnem
3375 1784 3663 1871 ejusdem

2106 1882 2410 1946 voluntati
2451 1882 2833 1962 arbitrioque
2862 1882 3246 1963 permisisse.
3280 1888 3515 1946 Annum
3555 1884 3669 1969 igi·

2104 1986 2205 2041 tur
2231 1999 2419 2062 agens
2454 1987 2667 2041 Petrus
2694 1987 2910 2041 noster
2938 1979 3248 2041 decimum
3279 1981 3527 2042 tertium
3555 1982 3670 2044 Mi-

2106 2096 2327 2141 norum
2359 2078 2636 2140 familiae
2661 2078 2722 2138 in
2750 2078 2948 2157 patrio
2982 2077 3294 2140 Coenobio
3317 2098 3540 2142 nomen
3560 2078 3665 2143 de·

2107 2174 2230 2249 dit;
2275 2186 2462 2256 atque
2493 2197 2530 2238 e
2559 2175 2825 2256 vestigio
2869 2177 2951 2238 ita
2984 2176 3060 2238 ad
3093 2175 3389 2238 virtutem
3431 2176 3669 2240 incum-

2107 2272 2298 2341 bere,
2343 2272 2407 2332 in
2452 2291 2650 2352 eaque
2696 2271 2997 2353 proficere
3042 2270 3286 2351 coepit,
3330 2278 3396 2333 ut
3452 2293 3668 2338 omnes

2104 2369 2381 2431 omnium
2417 2369 2480 2428 in
2509 2390 2576 2431 se
2605 2368 2820 2431 oculos
2848 2377 3261 2430 converteret.
3282 2368 3666 2435 Admirabile

2107 2466 2274 2529 enim
2320 2472 2451 2528 erat
2481 2467 2542 2525 in
2576 2463 2692 2527 illo
2722 2463 3041 2527 assiduum
3088 2464 3303 2526 orandi
3351 2466 3665 2540 studium,

2103 2562 2496 2625 admirabilis
2539 2564 2693 2625 item
2738 2563 3140 2632 obedientia,
3186 2569 3372 2642 atque
3413 2564 3491 2627 ad
3535 2585 3666 2629 om·

2105 2662 2247 2729 nia,
2281 2681 2441 2742 quae
2472 2660 2593 2722 sibi
2625 2659 3190 2729 demandarentur,
3221 2660 3508 2722 obeunda
3541 2682 3671 2722 mu·

2112 2777 2258 2821 nera
2303 2758 2607 2820 alacritas.
2649 2764 2899 2819 Praeter
2926 2756 3120 2827 baec,
3167 2756 3532 2838 disciplinae
3576 2779 3669 2823 se·

2104 2856 2434 2916 veritatem
2467 2861 2531 2915 et
2561 2853 2694 2933 ipse
2725 2853 3004 2923 amabat,
3035 2851 3410 2934 colebatque
3433 2896 3453 2924 ,
3485 2873 3672 2934 quan·

2107 2956 2240 3012 tum
2273 2949 2401 3011 illis
2432 2957 2574 3010 tunc
2602 2948 2662 3008 in
2691 2947 2953 3011 aedibus
2990 2947 3263 3016 licebat,
3296 2948 3672 3030 plurimum3

2110 3066 2270 3129 quae
2293 3047 2577 3126 quoniam
2601 3045 2830 3107 sensim
2850 3044 3105 3124 dilapsa,
3129 3045 3448 3126 antiquum
3471 3046 3677 3127 splen·

2112 3143 2325 3207 dorem
2353 3143 2482 3227 jam
2513 3142 2825 3210 amiserat,
2861 3142 3101 3205 restitui
3132 3140 3299 3205 illam
3331 3150 3390 3206 et
3423 3162 3675 3208 renova-

2113 3241 2167 3303 ri
2215 3242 2278 3301 in
2313 3249 2441 3304 tota
2484 3237 2712 3301 familia
2743 3238 3150 3303 vehementer
3192 3241 3471 3321 optabat.
3516 3241 3676 3306 Huic

2117 3337 2541 3417 perficiendae
2588 3338 2678 3398 rei
2726 3336 3123 3399 commodum
3168 3338 3430 3408 accidit,
3472 3350 3538 3403 ut
3570 3347 3678 3403 Pe·

2114 3444 2250 3497 trus
2286 3433 2687 3498 Viliacretius
2715 3432 3001 3514 ejusdem
3036 3434 3330 3498 Familiae
3355 3436 3676 3512 Sacerdos,

2110 3532 2406 3611 idemque
2437 3530 2732 3610 Magister
2759 3529 3136 3612 'theologiae
3159 3574 3179 3602 ,
3211 3533 3676 3615 praestantique

2112 3627 2223 3689 Vir
2252 3626 2579 3702 religione,
2609 3623 3045 3686 vallisoletum
3077 3628 3338 3700 veniret3
3370 3627 3500 3707 qui,
3534 3647 3674 3690 cum

2115 3743 2339 3786 novum
2369 3723 2683 3802 quoddam
2713 3722 3254 3802 asperrimumque
3284 3725 3446 3787 vitae
3482 3744 3678 3807 genus

2113 3819 2408 3881 invehere
2466 3819 2631 3880 inter
2677 3839 2823 3880 suos
2880 3820 3236 3891 statuisset,
3292 3824 3629 3900 quaerebat
3656 3866 3678 3895 ,

2116 3915 2369 3979 volente
2401 3916 2650 3978 Ordinis
2679 3915 3026 3984 Praefecto,
3059 3938 3216 3997 quos
3247 3916 3321 3981 ad
3355 3938 3490 3981 eam
3510 3920 3675 3985 vitae

2112 4014 2417 4074 rationem
2456 4012 2573 4073 sibi
2605 4011 2819 4073 Socios
2851 4012 3240 4095 adjungeret,
3273 4035 3540 4098 namque
3569 4017 3680 4079 ini-

2108 4115 2171 4171 ta
2205 4109 2414 4171 statim
2449 4109 2768 4172 socictate.
2796 4109 3128 4192 Regalatus
3159 4118 3370 4174 noster
3389 4133 3533 4175 eum
3557 4114 3682 4176 ala·

2111 4206 2204 4270 cri
2234 4206 2443 4267 animo
2465 4215 2881 4287 persequutus
2911 4215 3002 4269 est
3039 4207 3113 4270 ad
3133 4206 3284 4269 illud
3312 4211 3523 4274 nescio
3543 4215 3680 4293 gur-

2114 4303 2453 4385 gustiolum
2483 4322 2632 4364 vere
2664 4302 2863 4363 dicam
2893 4345 2912 4371 ,
2941 4323 3016 4366 an
3052 4307 3479 4374 coenobium,
3513 4305 3680 4388 quod

2110 4418 2234 4461 non
2276 4398 2460 4480 longe
2505 4399 2583 4458 ab
2620 4397 2934 4476 Aquileria
2980 4410 3342 4464 extruxerat
3389 4403 3679 4467 villacre·

2110 4498 2273 4567 tius;
2305 4496 2412 4556 ubi
2442 4494 2811 4557 incredibile
2844 4496 3011 4557 dictu
3044 4507 3175 4568 est,
3203 4507 3497 4577 quantum
3536 4503 3675 4564 bre-

2111 4592 2215 4662 vi,
2259 4611 2338 4652 eo
2371 4596 2634 4651 Doctore
2680 4598 2743 4649 et
2788 4591 2990 4662 duce,
3035 4592 3395 4674 profecerit.
3446 4597 3683 4659 Semoti

2113 4687 2206 4747 bic
2231 4688 2308 4748 ab
2339 4688 2505 4747 omni
2534 4687 2737 4756 turba,
2761 4686 2865 4747 vili
2892 4687 3036 4749 cibo
3066 4689 3344 4753 victitare
3370 4699 3428 4750 et
3453 4692 3678 4771 parcis·

2116 4783 2315 4850 simos
2352 4782 2514 4850 dies,
2547 4789 2889 4864 noctesque
2922 4782 3056 4845 fere
3089 4794 3422 4865 perpetuas
3450 4788 3684 4851 orando

2112 4880 2548 4959 precandoque
2582 4899 2993 4950 consumere,
3030 4880 3344 4962 nullisque
3377 4903 3495 4945 non
3530 4881 3685 4946 ami-

2111 4976 2488 5039 ctatiouibus
2531 4975 2633 5057 (b)
2675 4995 2903 5056 corpus
2948 4997 3123 5037 suum
3167 4979 3464 5061 castigare
3509 4987 3571 5041 et
3613 4979 3676 5041 in

2114 5074 2482 5135 servitutem
2532 5073 2856 5151 redigere;
2900 5081 2966 5134 ut
3012 5074 3241 5135 mirum
3288 5095 3406 5137 non
3452 5075 3571 5143 sit,
3617 5077 3671 5139 si

344 5167 351 5175 '
434 5170 515 5231 tis
543 5167 937 5231 sodalitatem
966 5211 986 5240 ,
1016 5179 1204 5250 atque
1236 5170 1299 5230 in
1330 5191 1464 5233 eam
1495 5192 1679 5252 quam
1712 5170 2004 5234 celeriter
2117 5177 2323 5233 tantae
2367 5169 2612 5231 virtutis
2641 5168 2802 5231 fama
2830 5168 3018 5250 longe
3046 5169 3297 5250 lateque
3342 5181 3671 5254 pervagata

428 5262 668 5348 ingredi
727 5274 1026 5345 cuperet,
1068 5266 1340 5347 quandiu
1383 5267 1567 5329 illum
1625 5267 2001 5349 perdurasse
2119 5274 2245 5330 tam
2278 5264 2509 5328 multos
2554 5265 2724 5328 brevi
2761 5274 3047 5346 tempore
3090 5267 3524 5342 advocaverit,
3567 5270 3675 5351 qui

531 5471 617 5543 (a)
652 5471 706 5525 2.
756 5469 1004 5524 Corinth:
1049 5471 1134 5525 12.
1174 5490 1229 5525 v.
1272 5474 1323 5525 6.

2211 5473 2305 5545 (h)
2346 5476 2395 5525 1.
2440 5473 2648 5527 Cor-inc.
2694 5489 2815 5538 cap.
2855 5475 2908 5527 θ.
2948 5493 3007 5527 v.
3035 5475 3125 5528 27.
