4442 6300
949 539 1057 593 390
2096 533 2339 590 ΙΝΒΕΧ
2378 534 2667 589 RERUM.

769 696 937 753 tatur,
958 703 1088 758 pag.
1118 683 1244 740 308.
1273 682 1522 737 Medium
1558 681 1701 739 inter
1737 699 1794 737 se
1821 682 2081 738 babentes
2111 679 2393 751 Marium‘f

769 775 986 830 Mellini
1015 776 1205 827 Sacrae
1235 775 1411 827 Rotae
1438 770 1720 824 Auditorii
1752 772 2028 825 Decanum
2069 770 2135 823 ad
2190 771 2358 823 susci·

767 863 1024 933 piendam
1056 863 1193 915 Suae
1233 859 1542 914 sanctitatis
1582 860 1805 912 Mittam
1859 859 2227 924 destinatum,
2259 860 2360 910 Pa-

771 968 894 1020 pam
925 951 981 1002 in
1010 949 1235 1002 sublimi
1266 947 1505 1002 delatum
1534 946 1847 1000 immediate
1871 955 2189 1017 sequuntur,
2220 944 2356 998 ibid.

888 1035 1239 1092 cubicularii
1260 1043 1407 1090 extra
1438 1036 1726 1087 cameram
1778 1051 1846 1087 ex
1896 1051 2042 1086 novo
2071 1034 2360 1085 Pontificis

771 1126 989 1179 indulto
1022 1143 1184 1195 supra
1211 1125 1384 1176 laxam
1425 1131 1607 1193 togam
1660 1121 1867 1175 coloris
1919 1119 2075 1174 rubri
2123 1120 2361 1173 induunt

773 1214 944 1267 mado
974 1214 1250 1283 Capitium
1279 1211 1417 1264 circa
1447 1211 1650 1263 collum
1679 1217 1947 1282 aptatum,
1987 1217 2042 1263 et
2066 1224 2236 1281 acque
2261 1225 2363 1278 per

772 1303 1030 1356 humeros
1057 1300 1234 1354 fluens
1252 1338 1267 1365 ,
1291 1316 1424 1369 pag.
1451 1299 1580 1353 307.

889 1388 1240 1445 Cubicularii
1264 1397 1368 1441 tam
1409 1397 1556 1441 extra
1584 1388 1894 1453 cameram,
1922 1402 2084 1458 quam
2110 1385 2360 1437 Honora·

772 1476 846 1535 rii
870 1489 924 1535 et
950 1479 1127 1533 intimi
1158 1494 1320 1548 quem
1349 1474 1580 1529 habeant
1616 1477 1798 1529 locum
1851 1477 1906 1527 in
1937 1474 2361 1545 supplicationi-

772 1568 910 1636 bus,
932 1586 1061 1638 pag.
1099 1566 1222 1619 131.
1278 1565 1403 1619 305.
1432 1581 1591 1635 quem
1632 1566 1687 1616 in
1717 1563 1951 1617 Theatro
1981 1563 2361 1617 canonizatio·

775 1659 863 1709 nis
892 1663 1174 1724 occupent.
1202 1652 1347 1708 Vide
1375 1651 1850 1721 Ichnogroplziam
1883 1650 2134 1704 Tleeutri.

891 1745 1151 1799 Cursores
1173 1740 1485 1811 Apostolici
1518 1740 1867 1806 (lardinales,
1894 1741 2138 1810 aliosque
2164 1752 2359 1793 omnes

776 1833 880 1906 qui
907 1831 1255 1885 Consistorio
1286 1830 1367 1884 vel
1392 1827 1618 1899 publico
1671 1830 1755 1882 vel
1805 1828 2167 1899 semipublico
2224 1828 2362 1881 inte-

775 1941 920 1978 resse
950 1920 1176 1986 debent‚
1205 1920 1288 1973 vel
1314 1920 1497 1972 locum
1523 1916 1725 1971 babent
1776 1918 1832 1970 in
1863 1919 2144 1988 cappellis
2170 1918 2361 1971 Ponti·

774 2012 945 2075 ficiis,
974 2009 1041 2066 de
1067 2010 1223 2073 loco,
1276 2007 1397 2073 die,
1425 2015 1478 2060 et
1528 2005 1662 2059 hora
1687 2008 2001 2060 Conventus
2048 2005 2359 2060 celebrandi

775 2101 1091 2163 admonent,
1114 2094 1282 2148 Domi
1309 2111 1531 2166 quoque
1556 2095 1739 2147 relicta
1767 2093 1982 2161 scheda,
2001 2110 2131 2165 pag.
2157 2095 2245 2147 10.
2269 2093 2357 2146 17.

773 2189 862 2243 32.
895 2189 982 2241 83.
1008 2188 1099 2240 98.
1130 2184 1253 2237 183.
1284 2185 1407 2237 180.
1437 2182 1564 2235 218.
1591 2182 1718 2235 25³.
1745 2181 1875 2235 292.

889 2275 1214 2329 Schedulam
1232 2273 1421 2326 Notus
1432 2271 1656 2343 proprii
1674 2272 1875 2325 summi
1889 2270 2175 2325 Pontificis
2195 2288 2361 2325 mann

778 2366 1153 2435 obsignatam,
1182 2361 1251 2414 de
1303 2360 1502 2414 ordine
1554 2359 1612 2411 in
1642 2359 2007 2414 Processione
2047 2359 2145 2412 SS.
2176 2359 2360 2415 sacra-

779 2453 950 2509 menti
982 2450 1248 2506 servando
1279 2459 1446 2519 prout
1473 2448 1613 2502 Sede
1651 2450 1812 2519 plena
1865 2447 1982 2501 fieri
2037 2447 2207 2514 solet,
2237 2456 2363 2505 anto

779 2542 1003 2595 initium
1061 2538 1307 2608 ejusdem
1338 2538 1798 2607 supplicationis,
1846 2536 2008 2588 etiam
2036 2536 2361 2605 Apostolica

785 2630 926 2684 Sede
956 2635 1190 2693 vacante,
1221 2627 1419 2696 legere,
1446 2634 1500 2678 et
1530 2624 1754 2678 recitare
1783 2631 2052 2689 tenentur,
2072 2640 2202 2692 pag.
2232 2622 2358 2677 130.

890 2718 1157 2769 Cursores
1208 2712 1519 2769 Cardinalis
1547 2713 1783 2778 vicarii,
1834 2720 1889 2765 et
1935 2710 2230 2764 servientes
2255 2712 2358 2764 Ar-

779 2821 997 2859 morum
1030 2821 1151 2857 cum
1200 2804 1317 2855 suis
1346 2800 1543 2855 Maziis
1571 2800 1996 2855 Processionem
2050 2800 2150 2853 SS.
2177 2800 2361 2853 Sacra·

774 2895 946 2949 menti
974 2891 1323 2957 custodiunt,
1347 2909 1478 2962 pag.
1509 2888 1633 2943 138.

895 2984 1100 3038 Ciu-rus
1125 2982 1191 3035 ab
1224 2979 1444 3052 Equilis
1472 2979 1752 3034 Praefecto
1796 2978 2116 3033 marchione
2140 2977 2356 3048 Pyrrho

774 3074 919 3126 vase
944 3071 1343 3126 Pietramelara:
1371 3068 1592 3123 Cibaria
1620 3086 1650 3122 e
1678 3084 1822 3137 penu
1851 3067 2192 3137 Apostolica,
2213 3068 2361 3118 Pon-

781 3163 944 3214 tilicis
997 3163 1147 3231 jussu
1186 3158 1607 3230 suppeditantur
1656 3157 1905 3229 quotidie
1957 3158 2242 3209 nonnullis
2294 3174 2359 3210 ex

777 3249 1028 3303 orientali
1060 3248 1313 3317 Regione
1343 3247 1450 3298 buc
1477 3247 1721 3317 appulsis
1755 3246 2077 3316 Episcopis‚
2099 3262 2232 3315 pag.
2265 3245 2355 3299 98.

892 3338 1100 3391 currus
1127 3345 1363 3407 quatuor
1407 3337 1650 3406 seiuges,
1700 3336 1838 3387 alios
1889 3334 2103 3404 bijuges
2128 3333 2357 3403 Legatus

776 3423 1240 3479 extraordinarius
1268 3425 1437 3496 Regis
1467 3416 1748 3495 utriusque
1774 3422 1997 3478 Siciliae
2035 3438 2219 3475 secum
2267 3419 2359 3474 ba-

778 3514 874 3568 bet
902 3514 960 3565 in
993 3529 1097 3565 suo
1125 3530 1341 3568 accessu
1373 3513 1440 3565 ad
1467 3514 1818 3578 Vaticanum,
1839 3529 1969 3582 pag.
1994 3510 2123 3565 302.

897 3600 1190 3656 Custodias
1217 3610 1470 3673 utrasque
1501 3610 1604 3653 tam
1630 3601 1980 3666 Sacramenti,
2002 3617 2164 3670 quam
2188 3598 2358 3652 Oleo·

780 3708 902 3746 rum
934 3690 1259 3744 Sanctorum
1288 3690 1584 3761 diligenter
1610 3689 1835 3759 inspicit
1859 3689 2006 3757 Papa
2032 3689 2088 3739 in
2118 3695 2238 3740 actu
2266 3685 2359 3739 Sa-

780 3796 900 3834 crae
928 3778 1277 3831 visitationis
1300 3778 1681 3832 Lateranensis
1706 3777 1999 3841 Basilicae,
2021 3793 2153 3846 pag.
2181 3775 2236 3828 ll.

890 3866 1189 3921 Custodiae
1215 3868 1490 3920 Helvetiae
1509 3866 1635 3917 Dux
1656 3868 1844 3935 Eques
1869 3863 2180 3917 Ludovicus
2226 3863 2361 3916 Psit-

779 3955 889 4021 ser,
917 3956 1048 4026 quid
1078 3973 1181 4025 pro
1209 3972 1309 4008 suo
1340 3971 1564 4009 munere
1614 3962 1762 4025 gerat
1813 3955 1870 4006 in
1901 3954 2025 4024 ipso
2056 3952 2358 4007 canoniza-

779 4045 952 4097 tionis
980 4044 1100 4112 die,
1125 4062 1255 4115 pag.
1283 4042 1412 4097 291.
1439 4043 1656 4097 Triduo
1687 4052 1807 4096 ante
1834 4061 1937 4095 una
1964 4060 2088 4095 cum
2116 4041 2239 4095 aliis
2277 4043 2359 4094 in-

783 4142 948 4187 terest
999 4133 1310 4187 lustrationi
1341 4132 1592 4197 Tbeatri,
1645 4130 1779 4184 ibid.
1819 4131 2073 4202 Equitat,
2125 4137 2361 4201 quatuor

780 4219 1064 4290 peditibus
1094 4220 1320 4290 stipatus
1350 4220 1587 4287 famulis,
1609 4236 1734 4273 cum
1752 4220 1953 4291 Legato
1972 4218 2141 4290 Regis
2164 4219 2361 4273 utrius-

781 4324 888 4377 que
917 4307 1135 4361 Siciliae
1153 4344 1170 4374 ,
1190 4325 1319 4377 pag.
1347 4307 1473 4360 302.

895 4397 1091 4458 Custos
1124 4395 1487 4451 oblationum
1514 4413 1542 4448 a
1571 4394 2054 4450 caeremoniarum
2079 4392 2361 4466 Apostoli·

786 4500 970 4539 carum
999 4484 1281 4540 Praefecto
1309 4484 1639 4552 destinatur,
1663 4502 1794 4556 pag.
1820 4483 1947 4537 321.
2015 4520 2024 4529 .

1547 4659 1602 4716 D

886 4837 1188 4893 Decanatus
1211 4836 1270 4894 in
1293 4837 1699 4890 Advocatorum
1724 4836 2202 4892 consistorialium
2229 4839 2358 4892 col·

785 4926 931 4995 legio
957 4944 1133 4998 neque
1161 4946 1188 4979 a
1214 4925 1549 4978 sanioribus
1577 4935 1666 4978 aut
1694 4925 2153 4994 Coadjutoribus,
2181 4943 2358 4997 neque

779 5034 812 5072 a
841 5016 1163 5070 Senioribus
1189 5015 1255 5068 ab
1283 5016 1435 5071 Urbe
1465 5014 1798 5080 absentibus,
1828 5031 2005 5086 neque
2032 5014 2098 5069 ab
2127 5017 2360 5087 Episco-

782 5103 899 5173 pis‚
931 5113 1020 5156 aut
1047 5104 1303 5157 Praelatis
1331 5103 1640 5172 obtinetur,
1660 5122 1794 5174 pag.
1822 5102 1946 5157 141.

895 5191 1158 5247 Dcsanus
1183 5192 1462 5246 Auditorii
1496 5194 1684 5246 Sacrae
1713 5194 1886 5248 Rotae
1938 5194 2006 5246 ad
2058 5192 2360 5263 suscipien-

2567 680 2934 736 Decerm'mus
2959 678 3255 750 respondet
3275 679 3419 749 Papa
3444 675 3726 731 Advocato
3756 671 4048 730 consisto-

2457 771 2578 823 riali
2610 772 2917 824 Decretales
2943 769 3126 823 literas
3175 768 3497 838 deposcenti
3549 784 3715 837 super
3746 766 4049 819 canonisa-

2462 860 2611 912 tione
2643 860 2964 911 Sanctorum
2986 895 3003 923 ,
3024 875 3159 928 pag.
3187 858 3314 912 313.

2573 944 3030 1001 Declamatiotres
3054 944 3314 1016 profanae
3342 962 3372 996 a
3392 942 3759 999 Consistoriis
3783 942 4047 1009 sublatae,

2459 1034 2669 1089 Urbani
2700 1037 2834 1087 vlt.
2860 1030 3130 1100 Decreto,
3152 1050 3281 1104 pag.
3314 1033 3438 1086 1³4.

2571 1127 2870 1180 Decretum
2899 1122 3351 1177 canonizationis
3378 1121 3525 1175 beati
3540 1120 3753 1174 Fidelis
3780 1138 3809 1171 a
3836 1118 4047 1188 Sigma-

2460 1215 2613 1284 ringa
2653 1213 2892 1285 publicat
2919 1214 3068 1283 Papa
3108 1213 3169 1264 in
3209 1206 3506 1265 coenobio
3528 1209 4004 1278 *capuccinorum
4026 1242 4047 1274 ,

2455 1322 2585 1374 pag.
2611 1302 2665 1355 2.
2696 1305 2747 1355 3.
3472 1316 3477 1321 ·

2571 1392 2735 1463 Signa
2764 1390 2998 1445 laetitiae
3016 1391 3174 1445 ‘edita
3200 1390 3303 1444 bac
3329 1388 3398 1444 de
3424 1404 3610 1442 caussa
3637 1385 3697 1438 in
3726 1402 3908 1439 earum
3938 1387 4047 1438 Ec·

2461 1482 2652 1546 closis,
2682 1478 2818 1533 ibid.

2571 1569 2861 1622 Decretum
2892 1564 3344 1622 canonizationis
3395 1563 3539 1618 beati
3569 1562 3717 1617 Petri
3756 1559 4005 1630 Regalati
4025 1596 4046 1626 ‚

2453 1670 2585 1730 pag.
2615 1657 2665 1709 4.
2694 1665 2748 1710 et
2772 1656 2955 1711 beatae
2983 1655 3307 1710 catharinae
3336 1653 3405 1708 de
3431 1652 3639 1705 Rieciis
3666 1651 3783 1705 edit
3806 1650 3955 1718 Papa
3983 1649 4047 1703 in

2462 1746 2654 1799 choro
2707 1746 3194 1799 carthusianorum
3248 1742 3339 1798 die
3388 1742 3555 1794 Pesto
3608 1740 3664 1793 S.
3716 1737 3996 1819 monis
4018 1775 4040 1805 ‚

2454 1851 2585 1904 pag.
2614 1832 2667 1885 4.
2696 1833 2750 1886 8.

2570 1920 2862 1976 Decretum
2912 1936 3077 1990 super
3100 1917 3384 1979 Miraculis
3400 1916 3557 1972 *beati
3580 1914 3803 1971 Camilli
3830 1912 3899 1967 de
3922 1912 4045 1967 Let-

2456 2008 2559 2076 lis,
2578 2028 2709 2080 pag.
2735 2010 2790 2062 7.

2573 2100 2862 2152 Decretum
2917 2114 3083 2168 super
3104 2093 3388 2149 Hiraculis
3414 2092 3559 2148 besti
3585 2089 3823 2163 Josephl
3852 2110 3882 2143 a
3905 2092 4049 2145 Leo·

2458 2187 2635 2252 nissa,
2657 2204 2786 2256 pag.
2815 2187 2871 2239 8.

2456 2276 2467 2285 “
2569 2276 2860 2329 Decretum
2889 2273 3340 2328 canonizationis
3387 2270 3539 2327 beati
3565 2268 3795 2325 Camilli
3830 2266 3897 2322 de
3920 2267 4047 2329 Lel-

2458 2362 2828 2434 lis,pag.11.

2567 2454 2863 2508 Decretum
2890 2450 3342 2507 canonizationis
3390 2447 3540 2504 beati
3562 2443 3805 2516 Josepbi
3849 2465 3880 2500 a
3902 2445 4046 2509 Leo-

2457 2543 2638 2611 nissa‚
2668 2541 2756 2595 12.

2567 2633 2858 2691 Decretum
2884 2647 2996 2700 qno
3025 2636 3268 2695 cavetur,
3295 2636 3355 2682 ut
3403 2625 3724 2701 cardinales
3773 2621 3869 2695 qui
3921 2628 4044 2675 ante

2461 2721 2866 2776 cardinalatum
2890 2719 3050 2773 alicui
3074 2718 3350 2772 Ecclesiae
3379 2717 3437 2768 in
3457 2714 3704 2787 partibus
3724 2711 4042 2765 lnfldelium

2457 2819 2613 2864 erant
2636 2809 2969 2880 praepositi,
3019 2808 3075 2859 in
3107 2808 3420 2877 receptione
3448 2804 3657 2861 Aaauti
3708 2811 3764 2857 et
3788 2800 3959 2854 Tituli
4013 2817 4043 2852 a

2458 2898 2700 2950 vinculo
2728 2896 2993 2966 praefatae
3021 2895 3298 2948 Ecclesiae
3351 2910 3450 2963 per
3481 2890 3812 2945 Pontificem
3864 2887 4045 2943 absd-

2458 2995 2681 3050 vantur,
2703 3002 2833 3054 pag.
2863 2983 2955 3036 31.

2568 3076 2859 3127 Decretum
2888 3074 3002 3127 sive
3030 3072 3298 3126 Statutmn
3326 3087 3439 3140 qno
3465 3064 3855 3138 praescribitur
3879 3063 4041 3123 Ordo

2457 3161 2863 3232 praecedentiae
2902 3161 3046 3215 iuter
3072 3162 3336 3213 volantes
3365 3151 4044 3228 signaturarffastifiaeaet

2458 3250 2705 3316 Gratiae,
2728 3267 2856 3321 pag.
2881 3247 3011 3302 294.

2566 3341 2858 3394 Decretum
2908 3339 3023 3391 sive
3052 3335 3329 3391 Sententia
3356 3331 3807 3396 canonizationis
3854 3331 4042 3386 banto-

2458 3445 2578 3482 rum
2607 3427 2821 3482 Fidelis
2847 3445 2877 3479 a
2903 3425 3275 3496 Sigmaringa‚
3311 3424 3538 3478 camilli
3567 3422 3637 3477 dn
3662 3421 3862 3487 Lellis,
3888 3418 4044 3472 Petu-t

2455 3516 2697 3584 Regalati
2717 3552 2732 3580 ,
2759 3516 2800 3567 J
2806 3512 3000 3584 osepbi
3026 3532 3057 3565 a
3080 3513 3346 3568 Leonissa
3390 3522 3446 3566 et
3473 3510 3793 3567 catharinae
3820 3509 3891 3566 de¹
3911 3506 4044 3561 Rjo-

2455 3603 2587 3670 ciis,
2606 3621 2742 3673 pag.
2769 3601 2897 3656 312.

2568 3691 2895 3746 Dec-recales
2917 3688 3183 3744 linense.
3209 3686 3355 3742 Vide
3379 3686 3626 3741 litem.

2569 3779 2885 3850 Descriptio
2905 3780 3077 3832 Aulae
3101 3778 3168 3832 ad
3191 3776 3537 3832 consistoria
3561 3771 3923 3846 semipablica
3947 3770 4040 3825 ba-

2456 3867 2636 3925 benda
2652 3905 2669 3933 ,
2691 3886 2820 3937 pag.
2848 3868 2939 3921 ⁹8.

2571 3956 2913 4010 Delinean'o.
2941 3955 3086 4010 Vide
3110 3951 3546 4025 Iclmographta.

2567 4044 2969 4100 Denuneiosio.
2995 4044 3139 4098 Vide
3164 4041 3475 4097 Intimatio.

2521 4139 2531 4150 ‘
2570 4134 2857 4188 Diae-onia
2909 4131 3295 4188 cardinalibus
3348 4133 3487 4186 olim
3535 4128 3801 4200 assignata
3848 4143 3989 4197 quse
4014 4120 4044 4178 ἲ

2453 4239 2586 4295 pag.
2611 4222 2704 4276 28.

2571 4312 2636 4363 ln
2659 4311 2955 4366 Diaconiae
2976 4309 3339 4382 assignatione
3360 4309 3506 4362 nulla
3527 4307 3588 4360 lit
3607 4306 3812 4360 mentio
3840 4301 4039 4371 Tituli,-

2460 4400 2588 4454 licet
2612 4399 2784 4455 bodie
2835 4409 2890 4454 et
2915 4402 3034 4472 ipsa
3060 4398 3330 4454 Diaconia
3381 4398 3456 4451 sit
3482 4395 3761 4460 Ecclesia,
3792 4410 3924 4465 pag.
3948 4390 4042 4445 29.

2458 4489 2605 4544 Vide
2638 4490 2876 4543 Titulus.

2569 4575 2820 4631 Diacom'
2849 4575 3163 4630 cardinales
3193 4573 3429 4627 instituti
3476 4580 3536 4626 ut
3585 4578 3897 4642 praeessent
3944 4565 4041 4619 uui

2457 4666 2627 4726 Urbis
2653 4664 2892 4734 Regioni
2946 4664 3013 4716 ad
3041 4666 3430 4731 Eleemosynas
3468 4660 3806 4730 Pauperibus
3856 4655 4045 4708 distri-

2456 4753 2730 4819 buendas,
2754 4770 2882 4824 pag.
2909 4750 3000 4805 28.
3033 4757 3232 4805 curam
3260 4747 3583 4803 Animarum
3611 4764 3724 4799 non
3755 4744 4045 4811 habebant,

2458 4843 2553 4896 sed
2582 4850 2789 4895 tantum
2819 4840 3350 4893 administrationem
3377 4838 3686 4902 bonorum,
3716 4832 3853 4888 ibid.

2566 4929 2802 4983 Diaconi
2835 4927 3152 4982 cardinales
3179 4934 3308 4979 sunt
3330 4941 3562 4980 numero
3586 4920 3999 4994 quatuordecim
4021 4956 4040 4987 ‚

2452 5037 2582 5090 pag.
2607 5018 2700 5072 29.

2568 5107 2805 5160 Diaconi
2835 5104 3152 5162 cardinales
3173 5103 3505 5158 Assistentes
3532 5098 3869 5154 Pontifici-in
3896 5098 4045 5150 con-

2457 5195 2694 5250 sistoriis
2720 5194 2997 5260 Publicis,
3030 5202 3322 5264 postquam
3351 5207 3543 5244 omnes
3595 5188 3663 5242 ad
3690 5190 3887 5241 Manus
3925 5187 4043 5255 ejus

787 5281 910 5334 dam
938 5282 1159 5334 Mitram
1190 5282 1400 5336 Summi
1431 5282 1717 5336 Pontificis
1746 5282 1915 5338 utitur
1953 5284 2096 5339 linea
2145 5283 2279 5338 vitta
2328 5302 2359 5338 e
2464 5285 2713 5338 osculum
2767 5282 3141 5347 accesserint,
3193 5279 3485 5333 discedunt
3532 5293 3845 5351 consessuri
3897 5273 4045 5330 inter

792 5375 939 5426 eollo
967 5371 1266 5441 pendente,
1286 5389 1416 5443 pag.
1445 5372 1571 5426 308.

2460 5374 2598 5427 alios
2627 5373 2841 5443 proprii
2868 5369 3129 5436 Ordinis,
3150 5386 3280 5442 pne.
3311 5367 3399 5424 33.
