<?xml version="1.0" encoding="UTF-8"?>
<!DOCTYPE html PUBLIC "-//W3C//DTD XHTML 1.0 Transitional//EN"
    "http://www.w3.org/TR/xhtml1/DTD/xhtml1-transitional.dtd">
<html xmlns="http://www.w3.org/1999/xhtml" xml:lang="en" lang="en">
 <head>
  <title>
</title>
<meta http-equiv="Content-Type" content="text/html;charset=utf-8" />
  <meta name='ocr-system' content='tesseract 3.04.00' />
  <meta name='ocr-capabilities' content='ocr_page ocr_carea ocr_par ocr_line ocrx_word'/>
</head>
<body>
  <div class='ocr_page' id='page_1' title='image "benedictixivpon00benegoog_0309.png"; bbox 0 0 4442 6300; ppageno 0'>
   <div class='ocr_carea' id='block_1_1' title="bbox 1485 481 2548 556">
    <p class='ocr_par' dir='ltr' id='par_1_1' title="bbox 1485 481 2548 556">
     <span class='ocr_line' id='line_1_1' title="bbox 1485 481 2548 556; baseline -0.007 -14"><span class='ocrx_word' id='word_1_1' title='bbox 1485 485 1833 556; x_wconf 70' lang='lat' dir='ltr'>omanus</span> <span class='ocrx_word' id='word_1_2' title='bbox 1872 481 2341 541; x_wconf 66' lang='lat' dir='ltr'>sanescunt«</span> <span class='ocrx_word' id='word_1_3' title='bbox 2380 484 2548 539; x_wconf 74' lang='lat' dir='ltr'>arc.</span> 
     </span>
    </p>
   </div>
   <div class='ocr_carea' id='block_1_2' title="bbox 442 628 2005 1300">
    <p class='ocr_par' dir='ltr' id='par_1_2' title="bbox 442 628 2005 1300">
     <span class='ocr_line' id='line_1_2' title="bbox 445 628 2001 717; baseline -0.004 -18"><span class='ocrx_word' id='word_1_4' title='bbox 445 643 585 706; x_wconf 88' lang='lat' dir='ltr'>tur,</span> <span class='ocrx_word' id='word_1_5' title='bbox 632 637 883 699; x_wconf 79' lang='lat' dir='ltr'>servent</span> <span class='ocrx_word' id='word_1_6' title='bbox 912 639 978 695; x_wconf 89' lang='lat' dir='ltr'>et</span> <span class='ocrx_word' id='word_1_7' title='bbox 1004 638 1255 697; x_wconf 81' lang='lat' dir='ltr'>eruent.</span> <span class='ocrx_word' id='word_1_8' title='bbox 1289 628 1464 708; x_wconf 82' lang='lat' dir='ltr'>Quod</span> <span class='ocrx_word' id='word_1_9' title='bbox 1496 632 1549 697; x_wconf 89' lang='lat' dir='ltr'>si</span> <span class='ocrx_word' id='word_1_10' title='bbox 1578 630 1902 717; x_wconf 61' lang='lat' dir='ltr'>virginitas</span> <span class='ocrx_word' id='word_1_11' title='bbox 1930 635 2001 695; x_wconf 90' lang='lat' dir='ltr'>ut</span> 
     </span>
     <span class='ocr_line' id='line_1_3' title="bbox 442 729 2002 815; baseline -0.003 -18"><span class='ocrx_word' id='word_1_12' title='bbox 442 732 630 798; x_wconf 82' lang='lat' dir='ltr'>docet</span> <span class='ocrx_word' id='word_1_13' title='bbox 657 730 1029 796; x_wconf 80' lang='lat' dir='ltr'>Ambrosius</span> <span class='ocrx_word' id='word_1_14' title='bbox 1056 729 1153 815; x_wconf 87' lang='lat' dir='ltr'>(a)</span> <span class='ocrx_word' id='word_1_15' title='bbox 1170 772 1190 802; x_wconf 90' lang='lat'>,</span> <span class='ocrx_word' id='word_1_16' title='bbox 1222 729 1303 794; x_wconf 88' lang='lat' dir='ltr'>de</span> <span class='ocrx_word' id='word_1_17' title='bbox 1329 729 1515 795; x_wconf 86' lang='lat' dir='ltr'>Caelo</span> <span class='ocrx_word' id='word_1_18' title='bbox 1542 731 1756 803; x_wconf 80' lang='lat' dir='ltr'>venit,</span> <span class='ocrx_word' id='word_1_19' title='bbox 1784 749 2002 795; x_wconf 87' lang='lat' dir='ltr'>ueces-</span> 
     </span>
     <span class='ocr_line' id='line_1_4' title="bbox 446 825 2002 912; baseline -0.004 -18"><span class='ocrx_word' id='word_1_20' title='bbox 446 851 517 894; x_wconf 89' lang='lat' dir='ltr'>se</span> <span class='ocrx_word' id='word_1_21' title='bbox 547 837 682 900; x_wconf 88' lang='lat' dir='ltr'>est,</span> <span class='ocrx_word' id='word_1_22' title='bbox 720 837 789 893; x_wconf 90' lang='lat' dir='ltr'>ut</span> <span class='ocrx_word' id='word_1_23' title='bbox 818 831 997 892; x_wconf 77' lang='lat' dir='ltr'>beata</span> <span class='ocrx_word' id='word_1_24' title='bbox 1026 826 1344 893; x_wconf 79' lang='lat' dir='ltr'>Catharina</span> <span class='ocrx_word' id='word_1_25' title='bbox 1374 826 1709 893; x_wconf 76' lang='lat' dir='ltr'>excellenti</span> <span class='ocrx_word' id='word_1_26' title='bbox 1752 825 2002 912; x_wconf 83' lang='lat' dir='ltr'>virgini-</span> 
     </span>
     <span class='ocr_line' id='line_1_5' title="bbox 447 925 2003 1009; baseline -0.003 -17"><span class='ocrx_word' id='word_1_27' title='bbox 447 938 597 1004; x_wconf 89' lang='lat' dir='ltr'>tate,</span> <span class='ocrx_word' id='word_1_28' title='bbox 616 928 745 991; x_wconf 91' lang='lat' dir='ltr'>imo</span> <span class='ocrx_word' id='word_1_29' title='bbox 774 933 865 990; x_wconf 90' lang='lat' dir='ltr'>tot</span> <span class='ocrx_word' id='word_1_30' title='bbox 891 925 1227 989; x_wconf 78' lang='lat' dir='ltr'>virtutibus</span> <span class='ocrx_word' id='word_1_31' title='bbox 1251 926 1531 1009; x_wconf 88' lang='lat' dir='ltr'>praedita</span> <span class='ocrx_word' id='word_1_32' title='bbox 1557 926 1619 988; x_wconf 91' lang='lat' dir='ltr'>in</span> <span class='ocrx_word' id='word_1_33' title='bbox 1639 925 1843 991; x_wconf 84' lang='lat' dir='ltr'>caelis</span> <span class='ocrx_word' id='word_1_34' title='bbox 1872 945 2003 988; x_wconf 89' lang='lat' dir='ltr'>res·</span> 
     </span>
     <span class='ocr_line' id='line_1_6' title="bbox 445 1021 2001 1110; baseline -0.003 -22"><span class='ocrx_word' id='word_1_35' title='bbox 445 1025 738 1110; x_wconf 85' lang='lat' dir='ltr'>plendeat</span> <span class='ocrx_word' id='word_1_36' title='bbox 764 1051 779 1086; x_wconf 74' lang='grc' dir='ltr'><strong>ε</strong></span> <span class='ocrx_word' id='word_1_37' title='bbox 812 1029 1086 1106; x_wconf 80' lang='lat' dir='ltr'>Cumque</span> <span class='ocrx_word' id='word_1_38' title='bbox 1110 1023 1235 1097; x_wconf 67' lang='lat' dir='ltr'>,boc</span> <span class='ocrx_word' id='word_1_39' title='bbox 1262 1024 1467 1105; x_wconf 89' lang='lat' dir='ltr'>ipsum</span> <span class='ocrx_word' id='word_1_40' title='bbox 1496 1022 1676 1106; x_wconf 88' lang='lat' dir='ltr'>plura</span> <span class='ocrx_word' id='word_1_41' title='bbox 1707 1021 2001 1088; x_wconf 84' lang='lat' dir='ltr'>miracula</span> 
     </span>
     <span class='ocr_line' id='line_1_7' title="bbox 446 1118 2005 1206; baseline -0.004 -19"><span class='ocrx_word' id='word_1_42' title='bbox 446 1122 841 1206; x_wconf 72' lang='lat' dir='ltr'>praedicent,</span> <span class='ocrx_word' id='word_1_43' title='bbox 887 1139 999 1203; x_wconf 89' lang='lat' dir='ltr'>par</span> <span class='ocrx_word' id='word_1_44' title='bbox 1042 1127 1189 1193; x_wconf 87' lang='lat' dir='ltr'>est,</span> <span class='ocrx_word' id='word_1_45' title='bbox 1226 1126 1298 1184; x_wconf 90' lang='lat' dir='ltr'>ut</span> <span class='ocrx_word' id='word_1_46' title='bbox 1329 1140 1445 1201; x_wconf 91' lang='lat' dir='ltr'>per</span> <span class='ocrx_word' id='word_1_47' title='bbox 1485 1119 1803 1186; x_wconf 75' lang='lat' dir='ltr'>Ecclesiae</span> <span class='ocrx_word' id='word_1_48' title='bbox 1840 1118 2005 1204; x_wconf 82' lang='lat' dir='ltr'>judi-</span> 
     </span>
     <span class='ocr_line' id='line_1_8' title="bbox 444 1215 1544 1300; baseline -0.005 -16"><span class='ocrx_word' id='word_1_49' title='bbox 444 1219 612 1284; x_wconf 90' lang='lat' dir='ltr'>cium</span> <span class='ocrx_word' id='word_1_50' title='bbox 643 1217 709 1281; x_wconf 90' lang='lat' dir='ltr'>id</span> <span class='ocrx_word' id='word_1_51' title='bbox 739 1225 907 1281; x_wconf 88' lang='lat' dir='ltr'>totus</span> <span class='ocrx_word' id='word_1_52' title='bbox 935 1215 1200 1280; x_wconf 77' lang='lat' dir='ltr'>Mundus</span> <span class='ocrx_word' id='word_1_53' title='bbox 1227 1222 1544 1300; x_wconf 83' lang='lat' dir='ltr'>agnoscat.</span> 
     </span>
    </p>
   </div>
   <div class='ocr_carea' id='block_1_3' title="bbox 485 1412 1967 1573">
    <p class='ocr_par' dir='ltr' id='par_1_3' title="bbox 485 1412 1967 1573">
     <span class='ocr_line' id='line_1_9' title="bbox 485 1412 1967 1573; baseline -0.003 -96"><span class='ocrx_word' id='word_1_54' title='bbox 485 1413 745 1478; x_wconf 73' lang='lat' dir='ltr'>JAcoa</span> <span class='ocrx_word' id='word_1_55' title='bbox 756 1416 849 1477; x_wconf 81' lang='lat' dir='ltr'>US</span> <span class='ocrx_word' id='word_1_56' title='bbox 867 1412 1329 1573; x_wconf 38' lang='lat' dir='ltr'><strong><em>PHIIZIPPUS</em></strong></span> <span class='ocrx_word' id='word_1_57' title='bbox 1346 1414 1597 1477; x_wconf 64' lang='lat' dir='ltr'>Gouola·</span> <span class='ocrx_word' id='word_1_58' title='bbox 1628 1412 1967 1491; x_wconf 70' lang='lat' dir='ltr'>Episcopus</span> 
     </span>
     <span class='ocr_line' id='line_1_10' title="bbox 1102 1513 1382 1573; baseline 0.014 -6"><span class='ocrx_word' id='word_1_59' title='bbox 1102 1513 1382 1573; x_wconf 68' lang='lat' dir='ltr'>marinus.</span> 
     </span>
    </p>
   </div>
   <div class='ocr_carea' id='block_1_4' title="bbox 432 1699 2005 5287">
    <p class='ocr_par' dir='ltr' id='par_1_4' title="bbox 432 1699 2005 4408">
     <span class='ocr_line' id='line_1_11' title="bbox 508 1699 2001 1779; baseline -0.005 -7"><span class='ocrx_word' id='word_1_60' title='bbox 508 1766 517 1779; x_wconf 84' lang='lat'>,</span> <span class='ocrx_word' id='word_1_61' title='bbox 563 1708 1025 1773; x_wconf 74' lang='lat' dir='ltr'>BEATISSfflE</span> <span class='ocrx_word' id='word_1_62' title='bbox 1055 1708 1333 1767; x_wconf 75' lang='lat' dir='ltr'><strong>PATER.</strong></span> <span class='ocrx_word' id='word_1_63' title='bbox 1358 1707 1547 1769; x_wconf 76' lang='lat' dir='ltr'>Beata</span> <span class='ocrx_word' id='word_1_64' title='bbox 1564 1699 1889 1767; x_wconf 82' lang='lat' dir='ltr'>catharina</span> <span class='ocrx_word' id='word_1_65' title='bbox 1919 1701 2001 1765; x_wconf 77' lang='lat' dir='ltr'>de</span> 
     </span>
     <span class='ocr_line' id='line_1_12' title="bbox 441 1798 2003 1882; baseline -0.003 -16"><span class='ocrx_word' id='word_1_66' title='bbox 441 1802 671 1867; x_wconf 77' lang='lat' dir='ltr'>Rieciis</span> <span class='ocrx_word' id='word_1_67' title='bbox 711 1801 1082 1866; x_wconf 80' lang='lat' dir='ltr'>Parentibus</span> <span class='ocrx_word' id='word_1_68' title='bbox 1122 1799 1352 1882; x_wconf 83' lang='lat' dir='ltr'>pietate</span> <span class='ocrx_word' id='word_1_69' title='bbox 1386 1807 1449 1864; x_wconf 92' lang='lat' dir='ltr'>et</span> <span class='ocrx_word' id='word_1_70' title='bbox 1484 1798 1818 1865; x_wconf 87' lang='lat' dir='ltr'>nobilitate</span> <span class='ocrx_word' id='word_1_71' title='bbox 1857 1818 2003 1864; x_wconf 91' lang='lat' dir='ltr'>con-</span> 
     </span>
     <span class='ocr_line' id='line_1_13' title="bbox 439 1895 2003 1981; baseline -0.002 -17"><span class='ocrx_word' id='word_1_72' title='bbox 439 1898 680 1980; x_wconf 83' lang='lat' dir='ltr'>spicuis</span> <span class='ocrx_word' id='word_1_73' title='bbox 710 1896 1057 1963; x_wconf 70' lang='lat' dir='ltr'>Florentiae</span> <span class='ocrx_word' id='word_1_74' title='bbox 1084 1902 1226 1977; x_wconf 66' lang='lat' dir='ltr'>nata</span> <span class='ocrx_word' id='word_1_75' title='bbox 1247 1941 1267 1970; x_wconf 92' lang='lat'>,</span> <span class='ocrx_word' id='word_1_76' title='bbox 1290 1916 1375 1962; x_wconf 92' lang='lat' dir='ltr'>eo</span> <span class='ocrx_word' id='word_1_77' title='bbox 1399 1902 1568 1981; x_wconf 76' lang='lat' dir='ltr'>Agro</span> <span class='ocrx_word' id='word_1_78' title='bbox 1597 1895 1844 1971; x_wconf 86' lang='lat' dir='ltr'>relicto,</span> <span class='ocrx_word' id='word_1_79' title='bbox 1877 1916 2003 1978; x_wconf 86' lang='lat' dir='ltr'>qno</span> 
     </span>
     <span class='ocr_line' id='line_1_14' title="bbox 439 1991 2004 2075; baseline 0 -17"><span class='ocrx_word' id='word_1_80' title='bbox 439 2015 562 2061; x_wconf 92' lang='lat' dir='ltr'>non</span> <span class='ocrx_word' id='word_1_81' title='bbox 607 1996 724 2061; x_wconf 87' lang='lat' dir='ltr'>nisi</span> <span class='ocrx_word' id='word_1_82' title='bbox 768 2015 990 2075; x_wconf 79' lang='lat' dir='ltr'>vepres</span> <span class='ocrx_word' id='word_1_83' title='bbox 1019 2002 1083 2059; x_wconf 86' lang='lat' dir='ltr'>et</span> <span class='ocrx_word' id='word_1_84' title='bbox 1128 1994 1342 2058; x_wconf 86' lang='lat' dir='ltr'>cardui</span> <span class='ocrx_word' id='word_1_85' title='bbox 1387 1991 1861 2058; x_wconf 70' lang='lat' dir='ltr'>patrisfamilias</span> <span class='ocrx_word' id='word_1_86' title='bbox 1906 2013 2004 2058; x_wconf 89' lang='lat' dir='ltr'>se-</span> 
     </span>
     <span class='ocr_line' id='line_1_15' title="bbox 435 2088 2004 2175; baseline -0.003 -18"><span class='ocrx_word' id='word_1_87' title='bbox 435 2100 712 2175; x_wconf 75' lang='lat' dir='ltr'>mentem</span> <span class='ocrx_word' id='word_1_88' title='bbox 768 2091 1148 2158; x_wconf 76' lang='lat' dir='ltr'>suffocantes</span> <span class='ocrx_word' id='word_1_89' title='bbox 1205 2091 1569 2163; x_wconf 85' lang='lat' dir='ltr'>abundant,</span> <span class='ocrx_word' id='word_1_90' title='bbox 1624 2088 1818 2155; x_wconf 87' lang='lat' dir='ltr'>alium</span> <span class='ocrx_word' id='word_1_91' title='bbox 1881 2090 2004 2157; x_wconf 89' lang='lat' dir='ltr'>sibi</span> 
     </span>
     <span class='ocr_line' id='line_1_16' title="bbox 438 2182 1998 2269; baseline -0.001 -18"><span class='ocrx_word' id='word_1_92' title='bbox 438 2182 850 2255; x_wconf 66' lang='lat' dir='ltr'>eicolendnm</span> <span class='ocrx_word' id='word_1_93' title='bbox 883 2186 1159 2269; x_wconf 71' lang='lat' dir='ltr'>antecepit</span> <span class='ocrx_word' id='word_1_94' title='bbox 1191 2231 1212 2261; x_wconf 94' lang='lat'>,</span> <span class='ocrx_word' id='word_1_95' title='bbox 1238 2185 1348 2250; x_wconf 78' lang='lat' dir='ltr'>ubi</span> <span class='ocrx_word' id='word_1_96' title='bbox 1379 2186 1587 2252; x_wconf 82' lang='lat' dir='ltr'>cultus</span> <span class='ocrx_word' id='word_1_97' title='bbox 1612 2186 1857 2261; x_wconf 86' lang='lat' dir='ltr'>utilior,</span> <span class='ocrx_word' id='word_1_98' title='bbox 1888 2187 1998 2251; x_wconf 89' lang='lat' dir='ltr'>ubi</span> 
     </span>
     <span class='ocr_line' id='line_1_17' title="bbox 437 2278 2001 2377; baseline 0 -27"><span class='ocrx_word' id='word_1_99' title='bbox 437 2285 680 2355; x_wconf 74' lang='lat' dir='ltr'>fructus</span> <span class='ocrx_word' id='word_1_100' title='bbox 699 2285 954 2352; x_wconf 90' lang='lat' dir='ltr'>uberior</span> <span class='ocrx_word' id='word_1_101' title='bbox 974 2278 1165 2350; x_wconf 73' lang='lat' dir='ltr'>esselz</span> <span class='ocrx_word' id='word_1_102' title='bbox 1200 2290 1388 2350; x_wconf 85' lang='lat' dir='ltr'>Sacro</span> <span class='ocrx_word' id='word_1_103' title='bbox 1418 2284 1606 2369; x_wconf 85' lang='lat' dir='ltr'>igitur</span> <span class='ocrx_word' id='word_1_104' title='bbox 1629 2285 1693 2348; x_wconf 91' lang='lat' dir='ltr'>in</span> <span class='ocrx_word' id='word_1_105' title='bbox 1722 2286 2001 2377; x_wconf 80' lang='lat' dir='ltr'>Pratensi</span> 
     </span>
     <span class='ocr_line' id='line_1_18' title="bbox 437 2382 2003 2459; baseline 0 -9"><span class='ocrx_word' id='word_1_106' title='bbox 437 2386 631 2451; x_wconf 78' lang='lat' dir='ltr'>sancti</span> <span class='ocrx_word' id='word_1_107' title='bbox 663 2382 968 2449; x_wconf 86' lang='lat' dir='ltr'>vincentii</span> <span class='ocrx_word' id='word_1_108' title='bbox 1000 2382 1377 2459; x_wconf 63' lang='lat' dir='ltr'>monasterio</span> <span class='ocrx_word' id='word_1_109' title='bbox 1408 2382 1653 2447; x_wconf 90' lang='lat' dir='ltr'>Ordinis</span> <span class='ocrx_word' id='word_1_110' title='bbox 1681 2383 2003 2449; x_wconf 80' lang='lat' dir='ltr'>Praedica-</span> 
     </span>
     <span class='ocr_line' id='line_1_19' title="bbox 438 2478 2005 2564; baseline 0.001 -19"><span class='ocrx_word' id='word_1_111' title='bbox 438 2488 647 2548; x_wconf 87' lang='lat' dir='ltr'>torum</span> <span class='ocrx_word' id='word_1_112' title='bbox 678 2482 890 2547; x_wconf 87' lang='lat' dir='ltr'>babitu</span> <span class='ocrx_word' id='word_1_113' title='bbox 921 2478 1270 2564; x_wconf 75' lang='lat' dir='ltr'>Religionis</span> <span class='ocrx_word' id='word_1_114' title='bbox 1296 2478 1542 2553; x_wconf 89' lang='lat' dir='ltr'>induto,</span> <span class='ocrx_word' id='word_1_115' title='bbox 1569 2498 1879 2563; x_wconf 87' lang='lat' dir='ltr'>nunquam</span> <span class='ocrx_word' id='word_1_116' title='bbox 1909 2501 2005 2546; x_wconf 88' lang='lat' dir='ltr'>sa·</span> 
     </span>
     <span class='ocr_line' id='line_1_20' title="bbox 436 2568 2005 2665; baseline -0.001 -20"><span class='ocrx_word' id='word_1_117' title='bbox 436 2580 518 2645; x_wconf 88' lang='lat' dir='ltr'>tis</span> <span class='ocrx_word' id='word_1_118' title='bbox 544 2578 844 2665; x_wconf 62' lang='lat' dir='ltr'>explicari</span> <span class='ocrx_word' id='word_1_119' title='bbox 878 2583 1082 2659; x_wconf 84' lang='lat' dir='ltr'>potest</span> <span class='ocrx_word' id='word_1_120' title='bbox 1101 2568 1143 2652; x_wconf 58' lang='lat'>,⁴</span> <span class='ocrx_word' id='word_1_121' title='bbox 1165 2586 1393 2661; x_wconf 82' lang='lat' dir='ltr'>quauta</span> <span class='ocrx_word' id='word_1_122' title='bbox 1423 2577 1614 2643; x_wconf 89' lang='lat' dir='ltr'>animi</span> <span class='ocrx_word' id='word_1_123' title='bbox 1658 2579 2005 2644; x_wconf 88' lang='lat' dir='ltr'>contentio·</span> 
     </span>
     <span class='ocr_line' id='line_1_21' title="bbox 436 2666 2004 2762; baseline -0.001 -21"><span class='ocrx_word' id='word_1_124' title='bbox 436 2697 517 2744; x_wconf 89' lang='lat' dir='ltr'>ne</span> <span class='ocrx_word' id='word_1_125' title='bbox 545 2677 850 2762; x_wconf 85' lang='lat' dir='ltr'>gloriosas</span> <span class='ocrx_word' id='word_1_126' title='bbox 878 2666 1045 2748; x_wconf 92' lang='lat' dir='ltr'>illas,</span> <span class='ocrx_word' id='word_1_127' title='bbox 1074 2674 1303 2756; x_wconf 86' lang='lat' dir='ltr'>quihus</span> <span class='ocrx_word' id='word_1_128' title='bbox 1328 2674 1499 2741; x_wconf 91' lang='lat' dir='ltr'>idem</span> <span class='ocrx_word' id='word_1_129' title='bbox 1532 2672 1702 2741; x_wconf 90' lang='lat' dir='ltr'>Ordo</span> <span class='ocrx_word' id='word_1_130' title='bbox 1727 2674 2004 2741; x_wconf 86' lang='lat' dir='ltr'>illustra·</span> 
     </span>
     <span class='ocr_line' id='line_1_22' title="bbox 439 2769 2001 2856; baseline 0.001 -18"><span class='ocrx_word' id='word_1_131' title='bbox 439 2781 541 2840; x_wconf 88' lang='lat' dir='ltr'>tus</span> <span class='ocrx_word' id='word_1_132' title='bbox 570 2781 706 2847; x_wconf 84' lang='lat' dir='ltr'>est,</span> <span class='ocrx_word' id='word_1_133' title='bbox 733 2770 1019 2855; x_wconf 83' lang='lat' dir='ltr'>Virgines</span> <span class='ocrx_word' id='word_1_134' title='bbox 1045 2769 1347 2836; x_wconf 89' lang='lat' dir='ltr'>aemulari</span> <span class='ocrx_word' id='word_1_135' title='bbox 1379 2771 1714 2844; x_wconf 78' lang='lat' dir='ltr'>niteretur,</span> <span class='ocrx_word' id='word_1_136' title='bbox 1743 2781 1814 2837; x_wconf 89' lang='lat' dir='ltr'>ut</span> <span class='ocrx_word' id='word_1_137' title='bbox 1841 2794 2001 2856; x_wconf 88' lang='lat' dir='ltr'>opus</span> 
     </span>
     <span class='ocr_line' id='line_1_23' title="bbox 446 2867 2001 2953; baseline 0 -21"><span class='ocrx_word' id='word_1_138' title='bbox 446 2889 674 2953; x_wconf 83' lang='lat' dir='ltr'>nempe</span> <span class='ocrx_word' id='word_1_139' title='bbox 690 2886 866 2933; x_wconf 89' lang='lat' dir='ltr'>suum</span> <span class='ocrx_word' id='word_1_140' title='bbox 899 2887 1122 2950; x_wconf 80' lang='lat' dir='ltr'>magno</span> <span class='ocrx_word' id='word_1_141' title='bbox 1151 2867 1429 2949; x_wconf 84' lang='lat' dir='ltr'>praemio</span> <span class='ocrx_word' id='word_1_142' title='bbox 1449 2867 1823 2933; x_wconf 87' lang='lat' dir='ltr'>destinatum</span> <span class='ocrx_word' id='word_1_143' title='bbox 1855 2889 2001 2935; x_wconf 91' lang='lat' dir='ltr'>cou-</span> 
     </span>
     <span class='ocr_line' id='line_1_24' title="bbox 443 2963 2002 3045; baseline 0.001 -15"><span class='ocrx_word' id='word_1_144' title='bbox 443 2974 821 3038; x_wconf 85' lang='lat' dir='ltr'>summaret,</span> <span class='ocrx_word' id='word_1_145' title='bbox 864 2973 931 3028; x_wconf 93' lang='lat' dir='ltr'>et</span> <span class='ocrx_word' id='word_1_146' title='bbox 974 2963 1237 3027; x_wconf 78' lang='lat' dir='ltr'>Domino</span> <span class='ocrx_word' id='word_1_147' title='bbox 1276 2985 1313 3029; x_wconf 89' lang='lat' dir='ltr'>a</span> <span class='ocrx_word' id='word_1_148' title='bbox 1354 2984 1480 3045; x_wconf 86' lang='lat' dir='ltr'>quo</span> <span class='ocrx_word' id='word_1_149' title='bbox 1508 2965 1865 3030; x_wconf 85' lang='lat' dir='ltr'>mercedem</span> <span class='ocrx_word' id='word_1_150' title='bbox 1896 2985 2002 3031; x_wconf 85' lang='lat' dir='ltr'>ex-</span> 
     </span>
     <span class='ocr_line' id='line_1_25' title="bbox 441 3059 1995 3145; baseline 0.002 -21"><span class='ocrx_word' id='word_1_151' title='bbox 441 3062 783 3145; x_wconf 88' lang='lat' dir='ltr'>promissae</span> <span class='ocrx_word' id='word_1_152' title='bbox 821 3059 1186 3143; x_wconf 82' lang='lat' dir='ltr'>virginitatis</span> <span class='ocrx_word' id='word_1_153' title='bbox 1229 3062 1641 3142; x_wconf 81' lang='lat' dir='ltr'>expectabat,</span> <span class='ocrx_word' id='word_1_154' title='bbox 1671 3059 1995 3143; x_wconf 81' lang='lat' dir='ltr'>placeret,</span> 
     </span>
     <span class='ocr_line' id='line_1_26' title="bbox 435 3157 1999 3242; baseline 0.002 -21"><span class='ocrx_word' id='word_1_155' title='bbox 435 3178 725 3224; x_wconf 76' lang='lat' dir='ltr'>crescens</span> <span class='ocrx_word' id='word_1_156' title='bbox 765 3164 969 3230; x_wconf 82' lang='lat' dir='ltr'>aetate</span> <span class='ocrx_word' id='word_1_157' title='bbox 997 3158 1326 3223; x_wconf 88' lang='lat' dir='ltr'>crescebat</span> <span class='ocrx_word' id='word_1_158' title='bbox 1350 3157 1440 3220; x_wconf 86' lang='lat' dir='ltr'>ibi</span> <span class='ocrx_word' id='word_1_159' title='bbox 1480 3159 1779 3242; x_wconf 84' lang='lat' dir='ltr'>sapientia</span> <span class='ocrx_word' id='word_1_160' title='bbox 1809 3166 1999 3241; x_wconf 88' lang='lat' dir='ltr'>atque</span> 
     </span>
     <span class='ocr_line' id='line_1_27' title="bbox 432 3241 1994 3348; baseline 0.001 -28"><span class='ocrx_word' id='word_1_161' title='bbox 432 3254 759 3348; x_wconf 82' lang='lat' dir='ltr'>prudentia</span> <span class='ocrx_word' id='word_1_162' title='bbox 784 3298 806 3328; x_wconf 89' lang='lat'>,</span> <span class='ocrx_word' id='word_1_163' title='bbox 848 3261 914 3321; x_wconf 93' lang='lat' dir='ltr'>et</span> <span class='ocrx_word' id='word_1_164' title='bbox 954 3254 1285 3320; x_wconf 72' lang='lat' dir='ltr'>ambulans</span> <span class='ocrx_word' id='word_1_165' title='bbox 1327 3256 1407 3321; x_wconf 92' lang='lat' dir='ltr'>de</span> <span class='ocrx_word' id='word_1_166' title='bbox 1442 3241 1671 3321; x_wconf 82' lang='lat' dir='ltr'>virtute</span> <span class='ocrx_word' id='word_1_167' title='bbox 1698 3255 1763 3320; x_wconf 89' lang='lat' dir='ltr'>iu</span> <span class='ocrx_word' id='word_1_168' title='bbox 1803 3257 1994 3322; x_wconf 81' lang='lat' dir='ltr'>virtu-</span> 
     </span>
     <span class='ocr_line' id='line_1_28' title="bbox 436 3339 2001 3427; baseline 0.001 -9"><span class='ocrx_word' id='word_1_169' title='bbox 436 3360 603 3426; x_wconf 72' lang='lat' dir='ltr'>tem,</span> <span class='ocrx_word' id='word_1_170' title='bbox 647 3361 719 3417; x_wconf 86' lang='lat' dir='ltr'>ut</span> <span class='ocrx_word' id='word_1_171' title='bbox 751 3359 942 3415; x_wconf 86' lang='lat' dir='ltr'>Deum</span> <span class='ocrx_word' id='word_1_172' title='bbox 975 3339 1521 3417; x_wconf 70' lang='lat' dir='ltr'>Deorum‘videret</span> <span class='ocrx_word' id='word_1_173' title='bbox 1545 3352 1610 3416; x_wconf 90' lang='lat' dir='ltr'>in</span> <span class='ocrx_word' id='word_1_174' title='bbox 1643 3351 1786 3422; x_wconf 82' lang='lat' dir='ltr'>Sion</span> <span class='ocrx_word' id='word_1_175' title='bbox 1810 3396 1835 3427; x_wconf 92' lang='lat'>,</span> <span class='ocrx_word' id='word_1_176' title='bbox 1877 3354 2001 3420; x_wconf 86' lang='lat' dir='ltr'>vir·</span> 
     </span>
     <span class='ocr_line' id='line_1_29' title="bbox 437 3448 2000 3533; baseline 0.001 -20"><span class='ocrx_word' id='word_1_177' title='bbox 437 3458 638 3515; x_wconf 87' lang='lat' dir='ltr'>tutum</span> <span class='ocrx_word' id='word_1_178' title='bbox 684 3450 963 3514; x_wconf 88' lang='lat' dir='ltr'>omnium</span> <span class='ocrx_word' id='word_1_179' title='bbox 992 3448 1485 3532; x_wconf 47' lang='lat' dir='ltr'>degississimse</span> <span class='ocrx_word' id='word_1_180' title='bbox 1524 3451 1862 3533; x_wconf 77' lang='lat' dir='ltr'>praecipue</span> <span class='ocrx_word' id='word_1_181' title='bbox 1893 3451 2000 3515; x_wconf 90' lang='lat' dir='ltr'>bu·</span> 
     </span>
     <span class='ocr_line' id='line_1_30' title="bbox 433 3545 2000 3629; baseline 0.002 -21"><span class='ocrx_word' id='word_1_182' title='bbox 433 3547 713 3612; x_wconf 80' lang='lat' dir='ltr'>militatis</span> <span class='ocrx_word' id='word_1_183' title='bbox 733 3556 921 3629; x_wconf 88' lang='lat' dir='ltr'>atque</span> <span class='ocrx_word' id='word_1_184' title='bbox 942 3545 1417 3610; x_wconf 80' lang='lat' dir='ltr'>ardentissimae</span> <span class='ocrx_word' id='word_1_185' title='bbox 1441 3546 1759 3613; x_wconf 82' lang='lat' dir='ltr'>charitatis</span> <span class='ocrx_word' id='word_1_186' title='bbox 1785 3568 2000 3613; x_wconf 83' lang='lat' dir='ltr'>exem-</span> 
     </span>
     <span class='ocr_line' id='line_1_31' title="bbox 432 3642 1993 3728; baseline 0.004 -23"><span class='ocrx_word' id='word_1_187' title='bbox 432 3643 568 3727; x_wconf 87' lang='lat' dir='ltr'>plar</span> <span class='ocrx_word' id='word_1_188' title='bbox 609 3643 831 3709; x_wconf 74' lang='lat' dir='ltr'>effecta</span> <span class='ocrx_word' id='word_1_189' title='bbox 876 3649 1017 3718; x_wconf 75' lang='lat' dir='ltr'>est3</span> <span class='ocrx_word' id='word_1_190' title='bbox 1060 3642 1248 3708; x_wconf 79' lang='lat' dir='ltr'>vitam</span> <span class='ocrx_word' id='word_1_191' title='bbox 1289 3643 1743 3728; x_wconf 88' lang='lat' dir='ltr'>propemodum</span> <span class='ocrx_word' id='word_1_192' title='bbox 1788 3646 1993 3714; x_wconf 85' lang='lat' dir='ltr'>caele-</span> 
     </span>
     <span class='ocr_line' id='line_1_32' title="bbox 435 3727 1994 3824; baseline 0 -18"><span class='ocrx_word' id='word_1_193' title='bbox 435 3727 832 3823; x_wconf 75' lang='lat' dir='ltr'>stem&#39;agens</span> <span class='ocrx_word' id='word_1_194' title='bbox 862 3738 925 3802; x_wconf 89' lang='lat' dir='ltr'>in</span> <span class='ocrx_word' id='word_1_195' title='bbox 968 3739 1156 3806; x_wconf 90' lang='lat' dir='ltr'>terris</span> <span class='ocrx_word' id='word_1_196' title='bbox 1180 3740 1411 3808; x_wconf 84' lang='lat' dir='ltr'>crebro</span> <span class='ocrx_word' id='word_1_197' title='bbox 1452 3762 1757 3824; x_wconf 74' lang='lat' dir='ltr'>supernae</span> <span class='ocrx_word' id='word_1_198' title='bbox 1797 3743 1994 3808; x_wconf 82' lang='lat' dir='ltr'>suavi·</span> 
     </span>
     <span class='ocr_line' id='line_1_33' title="bbox 435 3833 1992 3920; baseline 0.002 -18"><span class='ocrx_word' id='word_1_199' title='bbox 435 3839 578 3906; x_wconf 82' lang='lat' dir='ltr'>tatis</span> <span class='ocrx_word' id='word_1_200' title='bbox 608 3836 1007 3910; x_wconf 83' lang='lat' dir='ltr'>dulcedinem</span> <span class='ocrx_word' id='word_1_201' title='bbox 1040 3833 1486 3920; x_wconf 69' lang='lat' dir='ltr'>praegustavit,</span> <span class='ocrx_word' id='word_1_202' title='bbox 1514 3847 1581 3903; x_wconf 90' lang='lat' dir='ltr'>et</span> <span class='ocrx_word' id='word_1_203' title='bbox 1605 3838 1814 3905; x_wconf 85' lang='lat' dir='ltr'>deillo</span> <span class='ocrx_word' id='word_1_204' title='bbox 1845 3849 1992 3905; x_wconf 86' lang='lat' dir='ltr'>Tor·</span> 
     </span>
     <span class='ocr_line' id='line_1_34' title="bbox 436 3933 1996 4018; baseline 0.001 -17"><span class='ocrx_word' id='word_1_205' title='bbox 436 3946 612 4002; x_wconf 88' lang='lat' dir='ltr'>rente</span> <span class='ocrx_word' id='word_1_206' title='bbox 640 3933 981 4016; x_wconf 85' lang='lat' dir='ltr'>voluptatis</span> <span class='ocrx_word' id='word_1_207' title='bbox 1010 3955 1139 4016; x_wconf 90' lang='lat' dir='ltr'>qno</span> <span class='ocrx_word' id='word_1_208' title='bbox 1167 3953 1329 4000; x_wconf 82' lang='lat' dir='ltr'>nunc</span> <span class='ocrx_word' id='word_1_209' title='bbox 1370 3943 1619 4018; x_wconf 85' lang='lat' dir='ltr'>potatur</span> <span class='ocrx_word' id='word_1_210' title='bbox 1648 3937 1711 3999; x_wconf 92' lang='lat' dir='ltr'>in</span> <span class='ocrx_word' id='word_1_211' title='bbox 1740 3938 1943 4002; x_wconf 77' lang='lat' dir='ltr'>Patria</span> <span class='ocrx_word' id='word_1_212' title='bbox 1972 3980 1996 4010; x_wconf 87' lang='lat'>,</span> 
     </span>
     <span class='ocr_line' id='line_1_35' title="bbox 433 4031 1991 4116; baseline 0 -17"><span class='ocrx_word' id='word_1_213' title='bbox 433 4035 620 4101; x_wconf 86' lang='lat' dir='ltr'>etiam</span> <span class='ocrx_word' id='word_1_214' title='bbox 656 4031 731 4095; x_wconf 89' lang='lat' dir='ltr'>·in</span> <span class='ocrx_word' id='word_1_215' title='bbox 784 4032 885 4097; x_wconf 81' lang='lat' dir='ltr'>via</span> <span class='ocrx_word' id='word_1_216' title='bbox 927 4031 1141 4104; x_wconf 84' lang='lat' dir='ltr'>bibit,</span> <span class='ocrx_word' id='word_1_217' title='bbox 1183 4038 1372 4116; x_wconf 84' lang='lat' dir='ltr'>atque</span> <span class='ocrx_word' id='word_1_218' title='bbox 1419 4054 1498 4098; x_wconf 90' lang='lat' dir='ltr'>eo</span> <span class='ocrx_word' id='word_1_219' title='bbox 1541 4041 1691 4098; x_wconf 89' lang='lat' dir='ltr'>tunc</span> <span class='ocrx_word' id='word_1_220' title='bbox 1736 4034 1991 4100; x_wconf 88' lang='lat' dir='ltr'>demum</span> 
     </span>
     <span class='ocr_line' id='line_1_36' title="bbox 433 4128 1995 4215; baseline 0.001 -20"><span class='ocrx_word' id='word_1_221' title='bbox 433 4131 739 4198; x_wconf 81' lang='lat' dir='ltr'>inebriata</span> <span class='ocrx_word' id='word_1_222' title='bbox 779 4139 918 4204; x_wconf 88' lang='lat' dir='ltr'>est,</span> <span class='ocrx_word' id='word_1_223' title='bbox 957 4150 1099 4194; x_wconf 90' lang='lat' dir='ltr'>cum</span> <span class='ocrx_word' id='word_1_224' title='bbox 1138 4128 1239 4195; x_wconf 85' lang='lat' dir='ltr'>vel</span> <span class='ocrx_word' id='word_1_225' title='bbox 1288 4130 1627 4215; x_wconf 82' lang='lat' dir='ltr'>Deiparae,</span> <span class='ocrx_word' id='word_1_226' title='bbox 1670 4131 1769 4195; x_wconf 80' lang='lat' dir='ltr'>vel</span> <span class='ocrx_word' id='word_1_227' title='bbox 1812 4132 1995 4198; x_wconf 83' lang='lat' dir='ltr'>Pueri</span> 
     </span>
     <span class='ocr_line' id='line_1_37' title="bbox 434 4227 1991 4313; baseline 0.001 -19"><span class='ocrx_word' id='word_1_228' title='bbox 434 4236 617 4294; x_wconf 84' lang='lat' dir='ltr'>Jesus</span> <span class='ocrx_word' id='word_1_229' title='bbox 644 4228 710 4291; x_wconf 93' lang='lat' dir='ltr'>in</span> <span class='ocrx_word' id='word_1_230' title='bbox 740 4247 927 4311; x_wconf 86' lang='lat' dir='ltr'>quem</span> <span class='ocrx_word' id='word_1_231' title='bbox 959 4227 1322 4292; x_wconf 86' lang='lat' dir='ltr'>desiderant</span> <span class='ocrx_word' id='word_1_232' title='bbox 1351 4227 1569 4313; x_wconf 81' lang='lat' dir='ltr'>Angeli</span> <span class='ocrx_word' id='word_1_233' title='bbox 1598 4230 1991 4313; x_wconf 83' lang='lat' dir='ltr'>prospicere,</span> 
     </span>
     <span class='ocr_line' id='line_1_38' title="bbox 436 4321 1602 4408; baseline -0.003 -17"><span class='ocrx_word' id='word_1_234' title='bbox 436 4332 689 4408; x_wconf 83' lang='lat' dir='ltr'>aspectu</span> <span class='ocrx_word' id='word_1_235' title='bbox 721 4321 1242 4408; x_wconf 75' lang='lat' dir='ltr'>amplexibusque</span> <span class='ocrx_word' id='word_1_236' title='bbox 1269 4321 1602 4388; x_wconf 81' lang='lat' dir='ltr'>frueretur.</span> 
     </span>
    </p>

    <p class='ocr_par' dir='ltr' id='par_1_5' title="bbox 433 4421 1998 5287">
     <span class='ocr_line' id='line_1_39' title="bbox 557 4421 1997 4488; baseline -0.001 -1"><span class='ocrx_word' id='word_1_237' title='bbox 557 4421 869 4487; x_wconf 85' lang='lat' dir='ltr'>odoratus</span> <span class='ocrx_word' id='word_1_238' title='bbox 894 4428 1108 4486; x_wconf 85' lang='lat' dir='ltr'>autem</span> <span class='ocrx_word' id='word_1_239' title='bbox 1150 4421 1449 4487; x_wconf 78' lang='lat' dir='ltr'>Dominus</span> <span class='ocrx_word' id='word_1_240' title='bbox 1477 4429 1778 4488; x_wconf 88' lang='lat' dir='ltr'>tantarum</span> <span class='ocrx_word' id='word_1_241' title='bbox 1806 4422 1997 4486; x_wconf 82' lang='lat' dir='ltr'>virtu-</span> 
     </span>
     <span class='ocr_line' id='line_1_40' title="bbox 436 4516 1988 4610; baseline 0.002 -28"><span class='ocrx_word' id='word_1_242' title='bbox 436 4527 567 4584; x_wconf 88' lang='lat' dir='ltr'>tum</span> <span class='ocrx_word' id='word_1_243' title='bbox 590 4517 1139 4610; x_wconf 52' lang='lat' dir='ltr'>odorem,‚quihus</span> <span class='ocrx_word' id='word_1_244' title='bbox 1166 4516 1230 4579; x_wconf 92' lang='lat' dir='ltr'>in</span> <span class='ocrx_word' id='word_1_245' title='bbox 1249 4518 1441 4601; x_wconf 80' lang='lat' dir='ltr'>gradu</span> <span class='ocrx_word' id='word_1_246' title='bbox 1464 4518 1718 4584; x_wconf 88' lang='lat' dir='ltr'>heroico</span> <span class='ocrx_word' id='word_1_247' title='bbox 1746 4519 1827 4584; x_wconf 89' lang='lat' dir='ltr'>ab</span> <span class='ocrx_word' id='word_1_248' title='bbox 1848 4528 1988 4585; x_wconf 91' lang='lat' dir='ltr'>ortu</span> 
     </span>
     <span class='ocr_line' id='line_1_41' title="bbox 433 4611 1993 4697; baseline 0.001 -16"><span class='ocrx_word' id='word_1_249' title='bbox 433 4616 566 4683; x_wconf 75' lang='lat' dir='ltr'>fere</span> <span class='ocrx_word' id='word_1_250' title='bbox 594 4617 687 4681; x_wconf 89' lang='lat' dir='ltr'>sui</span> <span class='ocrx_word' id='word_1_251' title='bbox 707 4633 909 4697; x_wconf 83' lang='lat' dir='ltr'>usque</span> <span class='ocrx_word' id='word_1_252' title='bbox 935 4611 1015 4680; x_wconf 86' lang='lat' dir='ltr'>ad</span> <span class='ocrx_word' id='word_1_253' title='bbox 1045 4633 1333 4680; x_wconf 84' lang='lat' dir='ltr'>occasum</span> <span class='ocrx_word' id='word_1_254' title='bbox 1363 4616 1690 4680; x_wconf 83' lang='lat' dir='ltr'>catharina</span> <span class='ocrx_word' id='word_1_255' title='bbox 1720 4615 1993 4694; x_wconf 80' lang='lat' dir='ltr'>refulsit,</span> 
     </span>
     <span class='ocr_line' id='line_1_42' title="bbox 437 4708 1991 4778; baseline 0.001 -3"><span class='ocrx_word' id='word_1_256' title='bbox 437 4733 558 4778; x_wconf 92' lang='lat' dir='ltr'>non</span> <span class='ocrx_word' id='word_1_257' title='bbox 610 4713 707 4776; x_wconf 91' lang='lat' dir='ltr'>his</span> <span class='ocrx_word' id='word_1_258' title='bbox 751 4720 987 4775; x_wconf 86' lang='lat' dir='ltr'>tantum</span> <span class='ocrx_word' id='word_1_259' title='bbox 1038 4708 1420 4775; x_wconf 80' lang='lat' dir='ltr'>caelestibus</span> <span class='ocrx_word' id='word_1_260' title='bbox 1465 4711 1793 4777; x_wconf 80' lang='lat' dir='ltr'>beneficiis</span> <span class='ocrx_word' id='word_1_261' title='bbox 1843 4734 1991 4778; x_wconf 89' lang='lat' dir='ltr'>suae</span> 
     </span>
     <span class='ocr_line' id='line_1_43' title="bbox 434 4809 1993 4904; baseline -0.001 -29"><span class='ocrx_word' id='word_1_262' title='bbox 434 4816 707 4892; x_wconf 86' lang='lat' dir='ltr'>Sponsae</span> <span class='ocrx_word' id='word_1_263' title='bbox 738 4810 1135 4890; x_wconf 72' lang='lat' dir='ltr'>sanctitatem</span> <span class='ocrx_word' id='word_1_264' title='bbox 1164 4809 1618 4904; x_wconf 71' lang='lat' dir='ltr'>comprobavit,</span> <span class='ocrx_word' id='word_1_265' title='bbox 1649 4810 1760 4876; x_wconf 88' lang='lat' dir='ltr'>sed</span> <span class='ocrx_word' id='word_1_266' title='bbox 1791 4817 1855 4876; x_wconf 88' lang='lat' dir='ltr'>et</span> <span class='ocrx_word' id='word_1_267' title='bbox 1879 4812 1993 4874; x_wconf 92' lang='lat' dir='ltr'>mi·</span> 
     </span>
     <span class='ocr_line' id='line_1_44' title="bbox 433 4891 1989 4991; baseline -0.001 -18"><span class='ocrx_word' id='word_1_268' title='bbox 433 4908 642 4973; x_wconf 78' lang='lat' dir='ltr'>recula</span> <span class='ocrx_word' id='word_1_269' title='bbox 671 4891 905 4991; x_wconf 64' lang='lat' dir='ltr'>adjeffl</span> <span class='ocrx_word' id='word_1_270' title='bbox 925 4950 948 4981; x_wconf 92' lang='lat'>,</span> <span class='ocrx_word' id='word_1_271' title='bbox 989 4903 1219 4988; x_wconf 86' lang='lat' dir='ltr'>quibus</span> <span class='ocrx_word' id='word_1_272' title='bbox 1247 4905 1363 4968; x_wconf 90' lang='lat' dir='ltr'>rite</span> <span class='ocrx_word' id='word_1_273' title='bbox 1394 4904 1808 4991; x_wconf 80' lang='lat' dir='ltr'>legitimeque</span> <span class='ocrx_word' id='word_1_274' title='bbox 1852 4928 1989 4990; x_wconf 85' lang='lat' dir='ltr'>pro·</span> 
     </span>
     <span class='ocr_line' id='line_1_45' title="bbox 435 5001 1994 5098; baseline 0.001 -29"><span class='ocrx_word' id='word_1_275' title='bbox 435 5004 597 5098; x_wconf 43' lang='lat' dir='ltr'>natis</span> <span class='ocrx_word' id='word_1_276' title='bbox 626 5010 958 5070; x_wconf 87' lang='lat' dir='ltr'>Decretum</span> <span class='ocrx_word' id='word_1_277' title='bbox 997 5003 1074 5067; x_wconf 89' lang='lat' dir='ltr'>de</span> <span class='ocrx_word' id='word_1_278' title='bbox 1106 5001 1244 5086; x_wconf 85' lang='lat' dir='ltr'>ejus</span> <span class='ocrx_word' id='word_1_279' title='bbox 1281 5003 1632 5087; x_wconf 79' lang='lat' dir='ltr'>peragenda</span> <span class='ocrx_word' id='word_1_280' title='bbox 1663 5004 1994 5071; x_wconf 83' lang='lat' dir='ltr'>canoniza-</span> 
     </span>
     <span class='ocr_line' id='line_1_46' title="bbox 434 5101 1998 5186; baseline 0.001 -21"><span class='ocrx_word' id='word_1_281' title='bbox 434 5101 603 5168; x_wconf 88' lang='lat' dir='ltr'>tione</span> <span class='ocrx_word' id='word_1_282' title='bbox 626 5102 770 5186; x_wconf 74' lang='lat' dir='ltr'>-jam</span> <span class='ocrx_word' id='word_1_283' title='bbox 815 5101 1060 5184; x_wconf 87' lang='lat' dir='ltr'>pridem</span> <span class='ocrx_word' id='word_1_284' title='bbox 1081 5144 1102 5174; x_wconf 94' lang='lat'>,</span> <span class='ocrx_word' id='word_1_285' title='bbox 1151 5105 1402 5164; x_wconf 81' lang='lat' dir='ltr'><strong>PATER</strong></span> <span class='ocrx_word' id='word_1_286' title='bbox 1457 5106 1950 5167; x_wconf 79' lang='lat' dir='ltr'>SANCTISSIME</span> <span class='ocrx_word' id='word_1_287' title='bbox 1975 5147 1998 5177; x_wconf 90' lang='lat'>,</span> 
     </span>
     <span class='ocr_line' id='line_1_47' title="bbox 437 5199 1992 5287; baseline 0.001 -22"><span class='ocrx_word' id='word_1_288' title='bbox 437 5201 851 5287; x_wconf 78' lang='lat' dir='ltr'>pronunciare</span> <span class='ocrx_word' id='word_1_289' title='bbox 891 5199 1334 5284; x_wconf 54' lang='lat' dir='ltr'>dignatusest</span> <span class='ocrx_word' id='word_1_290' title='bbox 1384 5199 1622 5272; x_wconf 88' lang='lat' dir='ltr'>Quibus</span> <span class='ocrx_word' id='word_1_291' title='bbox 1662 5210 1992 5285; x_wconf 86' lang='lat' dir='ltr'>propterea</span> 
     </span>
    </p>
   </div>
   <div class='ocr_carea' id='block_1_5' title="bbox 537 5409 1577 5484">
    <p class='ocr_par' dir='ltr' id='par_1_6' title="bbox 537 5409 1577 5484">
     <span class='ocr_line' id='line_1_48' title="bbox 537 5409 1577 5484; baseline -0.007 -16"><span class='ocrx_word' id='word_1_292' title='bbox 537 5413 621 5484; x_wconf 83' lang='lat' dir='ltr'>(a)</span> <span class='ocrx_word' id='word_1_293' title='bbox 659 5415 744 5468; x_wconf 76' lang='lat' dir='ltr'>De</span> <span class='ocrx_word' id='word_1_294' title='bbox 768 5410 1034 5483; x_wconf 66' lang='lat' dir='ltr'>virgieu&#39;b.</span> <span class='ocrx_word' id='word_1_295' title='bbox 1064 5409 1158 5464; x_wconf 72' lang='lat' dir='ltr'>lib.</span> <span class='ocrx_word' id='word_1_296' title='bbox 1190 5410 1235 5461; x_wconf 89' lang='lat'>1.</span> <span class='ocrx_word' id='word_1_297' title='bbox 1265 5425 1312 5462; x_wconf 75' lang='grc' dir='ltr'>ο.</span> <span class='ocrx_word' id='word_1_298' title='bbox 1345 5409 1395 5462; x_wconf 70' lang='grc'>3.</span> <span class='ocrx_word' id='word_1_299' title='bbox 1425 5421 1497 5463; x_wconf 77' lang='lat' dir='ltr'>ee.</span> <span class='ocrx_word' id='word_1_300' title='bbox 1525 5411 1577 5463; x_wconf 69' lang='grc' dir='ltr'>ὅ.</span> 
     </span>
    </p>
   </div>
   <div class='ocr_carea' id='block_1_6' title="bbox 3373 480 3494 537">
    <p class='ocr_par' dir='ltr' id='par_1_7' title="bbox 3373 480 3494 537">
     <span class='ocr_line' id='line_1_49' title="bbox 3373 480 3494 537; baseline 0.017 -2"><span class='ocrx_word' id='word_1_301' title='bbox 3373 480 3494 537; x_wconf 64' lang='lat'>2⁷⁸</span> 
     </span>
    </p>
   </div>
   <div class='ocr_carea' id='block_1_7' title="bbox 2109 626 3682 1592">
    <p class='ocr_par' dir='ltr' id='par_1_8' title="bbox 2109 626 3682 1592">
     <span class='ocr_line' id='line_1_50' title="bbox 2119 626 3675 714; baseline -0.003 -19"><span class='ocrx_word' id='word_1_302' title='bbox 2119 626 2430 695; x_wconf 84' lang='lat' dir='ltr'>stantibus</span> <span class='ocrx_word' id='word_1_303' title='bbox 2466 627 2626 697; x_wconf 87' lang='lat' dir='ltr'>hanc</span> <span class='ocrx_word' id='word_1_304' title='bbox 2652 628 2970 714; x_wconf 78' lang='lat' dir='ltr'>virginem</span> <span class='ocrx_word' id='word_1_305' title='bbox 2995 672 3018 704; x_wconf 90' lang='lat'>,</span> <span class='ocrx_word' id='word_1_306' title='bbox 3059 647 3246 713; x_wconf 86' lang='lat' dir='ltr'>quam</span> <span class='ocrx_word' id='word_1_307' title='bbox 3274 645 3529 711; x_wconf 80' lang='lat' dir='ltr'>semper</span> <span class='ocrx_word' id='word_1_308' title='bbox 3555 630 3675 691; x_wconf 85' lang='lat' dir='ltr'>Do-</span> 
     </span>
     <span class='ocr_line' id='line_1_51' title="bbox 2124 719 3678 810; baseline -0.003 -21"><span class='ocrx_word' id='word_1_309' title='bbox 2124 725 2332 791; x_wconf 86' lang='lat' dir='ltr'>minus</span> <span class='ocrx_word' id='word_1_310' title='bbox 2370 725 2729 810; x_wconf 76' lang='lat' dir='ltr'>vigilantem</span> <span class='ocrx_word' id='word_1_311' title='bbox 2759 726 3032 800; x_wconf 82' lang='lat' dir='ltr'>invenit,</span> <span class='ocrx_word' id='word_1_312' title='bbox 3071 743 3409 806; x_wconf 81' lang='lat' dir='ltr'>veramque</span> <span class='ocrx_word' id='word_1_313' title='bbox 3452 719 3678 786; x_wconf 85' lang='lat' dir='ltr'>christi</span> 
     </span>
     <span class='ocr_line' id='line_1_52' title="bbox 2116 818 3673 907; baseline -0.003 -21"><span class='ocrx_word' id='word_1_314' title='bbox 2116 829 2415 906; x_wconf 87' lang='lat' dir='ltr'>Sponsam</span> <span class='ocrx_word' id='word_1_315' title='bbox 2441 823 2636 889; x_wconf 87' lang='lat' dir='ltr'>sacris</span> <span class='ocrx_word' id='word_1_316' title='bbox 2663 825 2741 888; x_wconf 87' lang='lat' dir='ltr'>ab</span> <span class='ocrx_word' id='word_1_317' title='bbox 2764 841 2842 887; x_wconf 91' lang='lat' dir='ltr'>eo</span> <span class='ocrx_word' id='word_1_318' title='bbox 2863 818 3272 907; x_wconf 69' lang='lat' dir='ltr'>stigmatibus</span> <span class='ocrx_word' id='word_1_319' title='bbox 3297 818 3673 884; x_wconf 82' lang='lat' dir='ltr'>condecora·</span> 
     </span>
     <span class='ocr_line' id='line_1_53' title="bbox 2118 914 3674 1004; baseline -0.005 -17"><span class='ocrx_word' id='word_1_320' title='bbox 2118 930 2244 987; x_wconf 88' lang='lat' dir='ltr'>tam</span> <span class='ocrx_word' id='word_1_321' title='bbox 2276 963 2298 995; x_wconf 91' lang='lat'>,</span> <span class='ocrx_word' id='word_1_322' title='bbox 2341 929 2408 986; x_wconf 87' lang='lat' dir='ltr'>et</span> <span class='ocrx_word' id='word_1_323' title='bbox 2447 926 2687 986; x_wconf 87' lang='lat' dir='ltr'>Corona</span> <span class='ocrx_word' id='word_1_324' title='bbox 2730 920 2944 1004; x_wconf 86' lang='lat' dir='ltr'>spinea</span> <span class='ocrx_word' id='word_1_325' title='bbox 2988 918 3346 985; x_wconf 81' lang='lat' dir='ltr'>transfixam</span> <span class='ocrx_word' id='word_1_326' title='bbox 3377 963 3399 991; x_wconf 88' lang='lat'>,</span> <span class='ocrx_word' id='word_1_327' title='bbox 3439 914 3674 981; x_wconf 85' lang='lat' dir='ltr'>annulo</span> 
     </span>
     <span class='ocr_line' id='line_1_54' title="bbox 2117 1010 3673 1101; baseline -0.003 -20"><span class='ocrx_word' id='word_1_328' title='bbox 2117 1018 2554 1101; x_wconf 84' lang='lat' dir='ltr'>desponsatam</span> <span class='ocrx_word' id='word_1_329' title='bbox 2576 1062 2597 1093; x_wconf 92' lang='lat'>,</span> <span class='ocrx_word' id='word_1_330' title='bbox 2639 1017 3137 1101; x_wconf 83' lang='lat' dir='ltr'>dulcissimoque</span> <span class='ocrx_word' id='word_1_331' title='bbox 3176 1015 3469 1098; x_wconf 79' lang='lat' dir='ltr'>amplexu</span> <span class='ocrx_word' id='word_1_332' title='bbox 3500 1010 3673 1077; x_wconf 86' lang='lat' dir='ltr'>dele-</span> 
     </span>
     <span class='ocr_line' id='line_1_55' title="bbox 2122 1110 3677 1201; baseline -0.006 -19"><span class='ocrx_word' id='word_1_333' title='bbox 2122 1125 2315 1192; x_wconf 87' lang='lat' dir='ltr'>ctam,</span> <span class='ocrx_word' id='word_1_334' title='bbox 2345 1127 2534 1201; x_wconf 86' lang='lat' dir='ltr'>atque</span> <span class='ocrx_word' id='word_1_335' title='bbox 2561 1115 2702 1182; x_wconf 90' lang='lat' dir='ltr'>hinc</span> <span class='ocrx_word' id='word_1_336' title='bbox 2731 1116 2794 1179; x_wconf 90' lang='lat' dir='ltr'>in</span> <span class='ocrx_word' id='word_1_337' title='bbox 2824 1115 3028 1182; x_wconf 87' lang='lat' dir='ltr'>Caelis</span> <span class='ocrx_word' id='word_1_338' title='bbox 3050 1136 3165 1198; x_wconf 90' lang='lat' dir='ltr'>per</span> <span class='ocrx_word' id='word_1_339' title='bbox 3190 1134 3453 1181; x_wconf 83' lang='lat' dir='ltr'>amoena</span> <span class='ocrx_word' id='word_1_340' title='bbox 3472 1110 3677 1177; x_wconf 76' lang='lat' dir='ltr'>viren-</span> 
     </span>
     <span class='ocr_line' id='line_1_56' title="bbox 2113 1210 3675 1298; baseline -0.002 -21"><span class='ocrx_word' id='word_1_341' title='bbox 2113 1214 2200 1278; x_wconf 88' lang='lat' dir='ltr'>tia</span> <span class='ocrx_word' id='word_1_342' title='bbox 2232 1223 2601 1298; x_wconf 79' lang='lat' dir='ltr'>sequentem</span> <span class='ocrx_word' id='word_1_343' title='bbox 2647 1219 2887 1297; x_wconf 78' lang='lat' dir='ltr'>Agnum</span> <span class='ocrx_word' id='word_1_344' title='bbox 2932 1233 3324 1297; x_wconf 88' lang='lat' dir='ltr'>quocumque</span> <span class='ocrx_word' id='word_1_345' title='bbox 3366 1210 3552 1285; x_wconf 89' lang='lat' dir='ltr'>ierit,</span> <span class='ocrx_word' id='word_1_346' title='bbox 3593 1226 3675 1274; x_wconf 90' lang='lat' dir='ltr'>ne</span> 
     </span>
     <span class='ocr_line' id='line_1_57' title="bbox 2113 1311 3682 1387; baseline -0.001 -13"><span class='ocrx_word' id='word_1_347' title='bbox 2113 1312 2320 1387; x_wconf 83' lang='lat' dir='ltr'>ultra,</span> <span class='ocrx_word' id='word_1_348' title='bbox 2362 1319 2612 1379; x_wconf 76' lang='lat' dir='ltr'>PATER</span> <span class='ocrx_word' id='word_1_349' title='bbox 2659 1316 3123 1379; x_wconf 77' lang='lat' dir='ltr'>BEA‘rtssmE</span> <span class='ocrx_word' id='word_1_350' title='bbox 3151 1354 3171 1387; x_wconf 91' lang='lat'>,</span> <span class='ocrx_word' id='word_1_351' title='bbox 3219 1311 3388 1375; x_wconf 87' lang='lat' dir='ltr'>inter</span> <span class='ocrx_word' id='word_1_352' title='bbox 3428 1315 3682 1377; x_wconf 68' lang='lat' dir='ltr'>sanctae</span> 
     </span>
     <span class='ocr_line' id='line_1_58' title="bbox 2115 1405 3677 1493; baseline -0.003 -20"><span class='ocrx_word' id='word_1_353' title='bbox 2115 1411 2403 1493; x_wconf 82' lang='lat' dir='ltr'>Virgines</span> <span class='ocrx_word' id='word_1_354' title='bbox 2429 1409 2794 1477; x_wconf 74' lang='lat' dir='ltr'>adscribere</span> <span class='ocrx_word' id='word_1_355' title='bbox 2822 1409 3168 1492; x_wconf 80' lang='lat' dir='ltr'>protrahas,</span> <span class='ocrx_word' id='word_1_356' title='bbox 3192 1406 3541 1473; x_wconf 78' lang='lat' dir='ltr'>humillime</span> <span class='ocrx_word' id='word_1_357' title='bbox 3568 1405 3677 1469; x_wconf 86' lang='lat' dir='ltr'>de-</span> 
     </span>
     <span class='ocr_line' id='line_1_59' title="bbox 2109 1528 2355 1592; baseline -0.012 -17"><span class='ocrx_word' id='word_1_358' title='bbox 2109 1528 2355 1592; x_wconf 85' lang='lat' dir='ltr'>precor.</span> 
     </span>
    </p>
   </div>
   <div class='ocr_carea' id='block_1_8' title="bbox 2200 1702 3597 1785">
    <p class='ocr_par' dir='ltr' id='par_1_9' title="bbox 2200 1702 3597 1785">
     <span class='ocr_line' id='line_1_60' title="bbox 2200 1702 3597 1785; baseline -0.006 -17"><span class='ocrx_word' id='word_1_359' title='bbox 2200 1704 2528 1769; x_wconf 76' lang='lat' dir='ltr'><strong><em>JOSEPH</em></strong></span> <span class='ocrx_word' id='word_1_360' title='bbox 2572 1709 2839 1785; x_wconf 79' lang='lat' dir='ltr'>coppoln</span> <span class='ocrx_word' id='word_1_361' title='bbox 2883 1706 3225 1781; x_wconf 71' lang='lat' dir='ltr'>Episcopus</span> <span class='ocrx_word' id='word_1_362' title='bbox 3247 1702 3597 1782; x_wconf 71' lang='lat' dir='ltr'>Aquilam.</span> 
     </span>
    </p>
   </div>
   <div class='ocr_carea' id='block_1_9' title="bbox 2106 1892 3683 3349">
    <p class='ocr_par' dir='ltr' id='par_1_10' title="bbox 2106 1892 3683 3349">
     <span class='ocr_line' id='line_1_61' title="bbox 2243 1892 3676 1964; baseline -0.005 -1"><span class='ocrx_word' id='word_1_363' title='bbox 2243 1896 2643 1964; x_wconf 80' lang='lat' dir='ltr'>canonizatio</span> <span class='ocrx_word' id='word_1_364' title='bbox 2686 1902 2751 1961; x_wconf 79' lang='lat' dir='ltr'>B.</span> <span class='ocrx_word' id='word_1_365' title='bbox 2795 1895 3164 1962; x_wconf 86' lang='lat' dir='ltr'>Catharinae</span> <span class='ocrx_word' id='word_1_366' title='bbox 3205 1894 3286 1960; x_wconf 91' lang='lat' dir='ltr'>de</span> <span class='ocrx_word' id='word_1_367' title='bbox 3330 1892 3557 1959; x_wconf 80' lang='lat' dir='ltr'>Ricciis</span> <span class='ocrx_word' id='word_1_368' title='bbox 3597 1893 3676 1958; x_wconf 87' lang='lat' dir='ltr'>ad</span> 
     </span>
     <span class='ocr_line' id='line_1_62' title="bbox 2119 1990 3679 2079; baseline -0.003 -20"><span class='ocrx_word' id='word_1_369' title='bbox 2119 1996 2276 2063; x_wconf 90' lang='lat' dir='ltr'>haec</span> <span class='ocrx_word' id='word_1_370' title='bbox 2313 2016 2519 2079; x_wconf 87' lang='lat' dir='ltr'>usque</span> <span class='ocrx_word' id='word_1_371' title='bbox 2560 2003 2842 2078; x_wconf 87' lang='lat' dir='ltr'>tempora</span> <span class='ocrx_word' id='word_1_372' title='bbox 2889 1992 3126 2058; x_wconf 86' lang='lat' dir='ltr'>tamdiu</span> <span class='ocrx_word' id='word_1_373' title='bbox 3178 2001 3498 2077; x_wconf 85' lang='lat' dir='ltr'>petracta,</span> <span class='ocrx_word' id='word_1_374' title='bbox 3535 1990 3679 2075; x_wconf 79' lang='lat' dir='ltr'>jure</span> 
     </span>
     <span class='ocr_line' id='line_1_63' title="bbox 2113 2089 3675 2176; baseline -0.003 -20"><span class='ocrx_word' id='word_1_375' title='bbox 2113 2094 2371 2176; x_wconf 87' lang='lat' dir='ltr'>quidem</span> <span class='ocrx_word' id='word_1_376' title='bbox 2411 2103 2480 2159; x_wconf 89' lang='lat' dir='ltr'>et</span> <span class='ocrx_word' id='word_1_377' title='bbox 2519 2092 2747 2159; x_wconf 89' lang='lat' dir='ltr'>merito</span> <span class='ocrx_word' id='word_1_378' title='bbox 2786 2091 2927 2157; x_wconf 86' lang='lat' dir='ltr'>Tibi</span> <span class='ocrx_word' id='word_1_379' title='bbox 2960 2097 3181 2176; x_wconf 86' lang='lat' dir='ltr'>utpote</span> <span class='ocrx_word' id='word_1_380' title='bbox 3221 2090 3283 2153; x_wconf 90' lang='lat' dir='ltr'>iu</span> <span class='ocrx_word' id='word_1_381' title='bbox 3329 2089 3447 2155; x_wconf 87' lang='lat' dir='ltr'>hoc</span> <span class='ocrx_word' id='word_1_382' title='bbox 3476 2089 3675 2154; x_wconf 85' lang='lat' dir='ltr'>maxi·</span> 
     </span>
     <span class='ocr_line' id='line_1_64' title="bbox 2109 2187 3676 2273; baseline -0.003 -19"><span class='ocrx_word' id='word_1_383' title='bbox 2109 2212 2210 2255; x_wconf 90' lang='lat' dir='ltr'>me</span> <span class='ocrx_word' id='word_1_384' title='bbox 2243 2191 2552 2265; x_wconf 88' lang='lat' dir='ltr'>omnium,</span> <span class='ocrx_word' id='word_1_385' title='bbox 2583 2197 2895 2273; x_wconf 85' lang='lat' dir='ltr'>quotquot</span> <span class='ocrx_word' id='word_1_386' title='bbox 2922 2187 3175 2253; x_wconf 79' lang='lat' dir='ltr'>fuerunt</span> <span class='ocrx_word' id='word_1_387' title='bbox 3202 2230 3224 2260; x_wconf 92' lang='lat'>,</span> <span class='ocrx_word' id='word_1_388' title='bbox 3255 2195 3676 2253; x_wconf 81' lang='lat' dir='ltr'>Romanorum</span> 
     </span>
     <span class='ocr_line' id='line_1_65' title="bbox 2110 2285 3682 2365; baseline -0.006 -9"><span class='ocrx_word' id='word_1_389' title='bbox 2110 2286 2479 2356; x_wconf 79' lang='lat' dir='ltr'>Pontificum</span> <span class='ocrx_word' id='word_1_390' title='bbox 2525 2285 2947 2353; x_wconf 83' lang='lat' dir='ltr'>scientissimo</span> <span class='ocrx_word' id='word_1_391' title='bbox 2989 2290 3303 2351; x_wconf 81' lang='lat' dir='ltr'>reservata</span> <span class='ocrx_word' id='word_1_392' title='bbox 3345 2291 3466 2347; x_wconf 87' lang='lat' dir='ltr'>est.</span> <span class='ocrx_word' id='word_1_393' title='bbox 3510 2288 3682 2365; x_wconf 86' lang='lat' dir='ltr'>Opus</span> 
     </span>
     <span class='ocr_line' id='line_1_66' title="bbox 2110 2381 3683 2472; baseline -0.003 -23"><span class='ocrx_word' id='word_1_394' title='bbox 2110 2386 2304 2472; x_wconf 81' lang='lat' dir='ltr'>igitur</span> <span class='ocrx_word' id='word_1_395' title='bbox 2330 2388 2411 2450; x_wconf 85' lang='lat' dir='ltr'>ab</span> <span class='ocrx_word' id='word_1_396' title='bbox 2440 2386 2687 2451; x_wconf 87' lang='lat' dir='ltr'>Urbano</span> <span class='ocrx_word' id='word_1_397' title='bbox 2714 2390 2873 2449; x_wconf 83' lang='lat' dir='ltr'>vm.</span> <span class='ocrx_word' id='word_1_398' title='bbox 2903 2383 3035 2449; x_wconf 89' lang='lat' dir='ltr'>rite</span> <span class='ocrx_word' id='word_1_399' title='bbox 3063 2381 3453 2456; x_wconf 84' lang='lat' dir='ltr'>inchoatum,</span> <span class='ocrx_word' id='word_1_400' title='bbox 3483 2381 3683 2464; x_wconf 78' lang='lat' dir='ltr'>quod·</span> 
     </span>
     <span class='ocr_line' id='line_1_67' title="bbox 2113 2477 3681 2567; baseline -0.003 -21"><span class='ocrx_word' id='word_1_401' title='bbox 2113 2505 2238 2567; x_wconf 88' lang='lat' dir='ltr'>que</span> <span class='ocrx_word' id='word_1_402' title='bbox 2281 2482 2578 2559; x_wconf 69' lang='lat' dir='ltr'>Clemens</span> <span class='ocrx_word' id='word_1_403' title='bbox 2619 2489 2727 2547; x_wconf 78' lang='lat' dir='ltr'>xt.</span> <span class='ocrx_word' id='word_1_404' title='bbox 2774 2479 3150 2547; x_wconf 85' lang='lat' dir='ltr'>Benedictus</span> <span class='ocrx_word' id='word_1_405' title='bbox 3187 2486 3396 2554; x_wconf 64' lang='lat' dir='ltr'>xm„</span> <span class='ocrx_word' id='word_1_406' title='bbox 3437 2485 3502 2543; x_wconf 91' lang='lat' dir='ltr'>et</span> <span class='ocrx_word' id='word_1_407' title='bbox 3544 2477 3681 2543; x_wconf 90' lang='lat' dir='ltr'>Cle-</span> 
     </span>
     <span class='ocr_line' id='line_1_68' title="bbox 2114 2575 3674 2664; baseline -0.003 -18"><span class='ocrx_word' id='word_1_408' title='bbox 2114 2603 2290 2647; x_wconf 86' lang='lat' dir='ltr'>mens</span> <span class='ocrx_word' id='word_1_409' title='bbox 2320 2589 2451 2645; x_wconf 78' lang='lat' dir='ltr'>xtt.</span> <span class='ocrx_word' id='word_1_410' title='bbox 2481 2579 2798 2664; x_wconf 89' lang='lat' dir='ltr'>prosecuti</span> <span class='ocrx_word' id='word_1_411' title='bbox 2829 2586 2973 2643; x_wconf 90' lang='lat' dir='ltr'>sunt</span> <span class='ocrx_word' id='word_1_412' title='bbox 3007 2623 3027 2651; x_wconf 91' lang='lat'>‚</span> <span class='ocrx_word' id='word_1_413' title='bbox 3054 2578 3341 2645; x_wconf 76' lang='lat' dir='ltr'>feliciter</span> <span class='ocrx_word' id='word_1_414' title='bbox 3368 2575 3625 2645; x_wconf 85' lang='lat' dir='ltr'>absolve</span> <span class='ocrx_word' id='word_1_415' title='bbox 3649 2619 3674 2651; x_wconf 86' lang='lat'>,</span> 
     </span>
     <span class='ocr_line' id='line_1_69' title="bbox 2114 2676 3680 2763; baseline -0.005 -17"><span class='ocrx_word' id='word_1_416' title='bbox 2114 2687 2179 2746; x_wconf 89' lang='lat' dir='ltr'>et</span> <span class='ocrx_word' id='word_1_417' title='bbox 2200 2678 2542 2763; x_wconf 81' lang='lat' dir='ltr'>sapientem</span> <span class='ocrx_word' id='word_1_418' title='bbox 2560 2678 2877 2763; x_wconf 82' lang='lat' dir='ltr'>Virginem</span> <span class='ocrx_word' id='word_1_419' title='bbox 2906 2676 3318 2750; x_wconf 72' lang='lat' dir='ltr'>catharinam,</span> <span class='ocrx_word' id='word_1_420' title='bbox 3341 2695 3527 2758; x_wconf 83' lang='lat' dir='ltr'>qnam</span> <span class='ocrx_word' id='word_1_421' title='bbox 3559 2681 3680 2738; x_wconf 81' lang='lat' dir='ltr'>Do·</span> 
     </span>
     <span class='ocr_line' id='line_1_70' title="bbox 2111 2774 3675 2861; baseline -0.003 -21"><span class='ocrx_word' id='word_1_422' title='bbox 2111 2778 2321 2844; x_wconf 86' lang='lat' dir='ltr'>minus</span> <span class='ocrx_word' id='word_1_423' title='bbox 2353 2797 2605 2860; x_wconf 84' lang='lat' dir='ltr'>semper</span> <span class='ocrx_word' id='word_1_424' title='bbox 2630 2775 2993 2861; x_wconf 82' lang='lat' dir='ltr'>vigilantem</span> <span class='ocrx_word' id='word_1_425' title='bbox 3026 2774 3288 2846; x_wconf 81' lang='lat' dir='ltr'>invenit,</span> <span class='ocrx_word' id='word_1_426' title='bbox 3315 2781 3675 2839; x_wconf 85' lang='lat' dir='ltr'>Sanctarum</span> 
     </span>
     <span class='ocr_line' id='line_1_71' title="bbox 2114 2869 3679 2960; baseline -0.001 -23"><span class='ocrx_word' id='word_1_427' title='bbox 2114 2873 2438 2960; x_wconf 72' lang='lat' dir='ltr'>Diptychis</span> <span class='ocrx_word' id='word_1_428' title='bbox 2465 2873 2771 2939; x_wconf 77' lang='lat' dir='ltr'>decorans</span> <span class='ocrx_word' id='word_1_429' title='bbox 2799 2873 2876 2938; x_wconf 88' lang='lat' dir='ltr'>ad</span> <span class='ocrx_word' id='word_1_430' title='bbox 2906 2891 3120 2936; x_wconf 82' lang='lat' dir='ltr'>veram</span> <span class='ocrx_word' id='word_1_431' title='bbox 3154 2879 3478 2954; x_wconf 80' lang='lat' dir='ltr'>tutamque</span> <span class='ocrx_word' id='word_1_432' title='bbox 3507 2869 3679 2952; x_wconf 83' lang='lat' dir='ltr'>pacis</span> 
     </span>
     <span class='ocr_line' id='line_1_72' title="bbox 2108 2967 3680 3056; baseline -0.003 -21"><span class='ocrx_word' id='word_1_433' title='bbox 2108 2971 2284 3045; x_wconf 78' lang='lat' dir='ltr'>viam</span> <span class='ocrx_word' id='word_1_434' title='bbox 2310 2991 2427 3056; x_wconf 92' lang='lat' dir='ltr'>per</span> <span class='ocrx_word' id='word_1_435' title='bbox 2454 2990 2641 3053; x_wconf 88' lang='lat' dir='ltr'>quam</span> <span class='ocrx_word' id='word_1_436' title='bbox 2662 2968 2872 3033; x_wconf 83' lang='lat' dir='ltr'>divum</span> <span class='ocrx_word' id='word_1_437' title='bbox 2904 2967 3258 3051; x_wconf 76' lang='lat' dir='ltr'>Philippum</span> <span class='ocrx_word' id='word_1_438' title='bbox 3281 2969 3540 3033; x_wconf 78' lang='lat' dir='ltr'>Nerium</span> <span class='ocrx_word' id='word_1_439' title='bbox 3569 2988 3680 3049; x_wconf 83' lang='lat' dir='ltr'>po·</span> 
     </span>
     <span class='ocr_line' id='line_1_73' title="bbox 2109 3066 3675 3154; baseline -0.003 -20"><span class='ocrx_word' id='word_1_440' title='bbox 2109 3067 2393 3154; x_wconf 88' lang='lat' dir='ltr'>pnlarem</span> <span class='ocrx_word' id='word_1_441' title='bbox 2423 3087 2606 3132; x_wconf 89' lang='lat' dir='ltr'>sunm</span> <span class='ocrx_word' id='word_1_442' title='bbox 2637 3066 3075 3133; x_wconf 81' lang='lat' dir='ltr'>ascendentem</span> <span class='ocrx_word' id='word_1_443' title='bbox 3105 3066 3261 3131; x_wconf 85' lang='lat' dir='ltr'>vidit</span> <span class='ocrx_word' id='word_1_444' title='bbox 3289 3066 3350 3129; x_wconf 91' lang='lat' dir='ltr'>in</span> <span class='ocrx_word' id='word_1_445' title='bbox 3381 3066 3675 3139; x_wconf 86' lang='lat' dir='ltr'>Caelum,</span> 
     </span>
     <span class='ocr_line' id='line_1_74' title="bbox 2111 3162 3681 3242; baseline -0.001 -13"><span class='ocrx_word' id='word_1_446' title='bbox 2111 3186 2329 3231; x_wconf 90' lang='lat' dir='ltr'>omues</span> <span class='ocrx_word' id='word_1_447' title='bbox 2358 3164 2423 3228; x_wconf 89' lang='lat' dir='ltr'>in</span> <span class='ocrx_word' id='word_1_448' title='bbox 2452 3164 2700 3232; x_wconf 82' lang='lat' dir='ltr'>christo</span> <span class='ocrx_word' id='word_1_449' title='bbox 2729 3164 3063 3233; x_wconf 85' lang='lat' dir='ltr'>credentes</span> <span class='ocrx_word' id='word_1_450' title='bbox 3094 3185 3277 3231; x_wconf 84' lang='lat' dir='ltr'>manu</span> <span class='ocrx_word' id='word_1_451' title='bbox 3307 3166 3537 3232; x_wconf 85' lang='lat' dir='ltr'>ducere</span> <span class='ocrx_word' id='word_1_452' title='bbox 3556 3211 3579 3242; x_wconf 92' lang='lat'>‚</span> <span class='ocrx_word' id='word_1_453' title='bbox 3603 3162 3681 3228; x_wconf 85' lang='lat' dir='ltr'>il·</span> 
     </span>
     <span class='ocr_line' id='line_1_75' title="bbox 2106 3260 2966 3349; baseline 0.001 -24"><span class='ocrx_word' id='word_1_454' title='bbox 2106 3260 2234 3330; x_wconf 87' lang='lat' dir='ltr'>lius</span> <span class='ocrx_word' id='word_1_455' title='bbox 2272 3262 2625 3328; x_wconf 83' lang='lat' dir='ltr'>imitatione</span> <span class='ocrx_word' id='word_1_456' title='bbox 2655 3264 2966 3349; x_wconf 68' lang='lat' dir='ltr'>dignetur.</span> 
     </span>
    </p>
   </div>
   <div class='ocr_carea' id='block_1_10' title="bbox 2213 3458 3556 3540">
    <p class='ocr_par' dir='ltr' id='par_1_11' title="bbox 2213 3458 3556 3540">
     <span class='ocr_line' id='line_1_76' title="bbox 2213 3458 3556 3540; baseline 0.003 -19"><span class='ocrx_word' id='word_1_457' title='bbox 2213 3458 2532 3522; x_wconf 75' lang='lat' dir='ltr'><strong><em>JOSEPH</em></strong></span> <span class='ocrx_word' id='word_1_458' title='bbox 2565 3463 2739 3522; x_wconf 71' lang='lat' dir='ltr'>Rosci</span> <span class='ocrx_word' id='word_1_459' title='bbox 2764 3462 3105 3537; x_wconf 73' lang='lat' dir='ltr'>Episcopus</span> <span class='ocrx_word' id='word_1_460' title='bbox 3155 3463 3556 3540; x_wconf 68' lang='lat' dir='ltr'>Venafranae.</span> 
     </span>
    </p>
   </div>
   <div class='ocr_carea' id='block_1_11' title="bbox 2098 3649 3678 5285">
    <p class='ocr_par' dir='ltr' id='par_1_12' title="bbox 2098 3649 3678 5285">
     <span class='ocr_line' id='line_1_77' title="bbox 2233 3649 3672 3741; baseline 0.002 -29"><span class='ocrx_word' id='word_1_461' title='bbox 2233 3653 2422 3715; x_wconf 85' lang='lat' dir='ltr'>Beata</span> <span class='ocrx_word' id='word_1_462' title='bbox 2445 3650 2769 3736; x_wconf 73' lang='lat' dir='ltr'>catharina</span> <span class='ocrx_word' id='word_1_463' title='bbox 2801 3649 2882 3716; x_wconf 85' lang='lat' dir='ltr'>de</span> <span class='ocrx_word' id='word_1_464' title='bbox 2910 3650 3141 3717; x_wconf 78' lang='lat' dir='ltr'>Ricciis</span> <span class='ocrx_word' id='word_1_465' title='bbox 3166 3650 3452 3717; x_wconf 79' lang='lat' dir='ltr'>Monialis</span> <span class='ocrx_word' id='word_1_466' title='bbox 3479 3653 3672 3741; x_wconf 76' lang='lat' dir='ltr'>incly-</span> 
     </span>
     <span class='ocr_line' id='line_1_78' title="bbox 2110 3745 3671 3822; baseline 0.005 -13"><span class='ocrx_word' id='word_1_467' title='bbox 2110 3745 2156 3809; x_wconf 93' lang='lat' dir='ltr'>ti</span> <span class='ocrx_word' id='word_1_468' title='bbox 2185 3747 2694 3822; x_wconf 76' lang='lat' dir='ltr'>Praedicatorum</span> <span class='ocrx_word' id='word_1_469' title='bbox 2738 3747 2985 3814; x_wconf 86' lang='lat' dir='ltr'>Ordinis</span> <span class='ocrx_word' id='word_1_470' title='bbox 3025 3768 3147 3811; x_wconf 87' lang='lat' dir='ltr'>una</span> <span class='ocrx_word' id='word_1_471' title='bbox 3190 3759 3293 3813; x_wconf 83' lang='lat' dir='ltr'>est</span> <span class='ocrx_word' id='word_1_472' title='bbox 3331 3748 3413 3814; x_wconf 85' lang='lat' dir='ltr'>de</span> <span class='ocrx_word' id='word_1_473' title='bbox 3453 3769 3671 3817; x_wconf 87' lang='lat' dir='ltr'>nume-</span> 
     </span>
     <span class='ocr_line' id='line_1_79' title="bbox 2107 3844 3671 3929; baseline 0.003 -22"><span class='ocrx_word' id='word_1_474' title='bbox 2107 3863 2179 3908; x_wconf 91' lang='lat' dir='ltr'>ro</span> <span class='ocrx_word' id='word_1_475' title='bbox 2205 3845 2580 3925; x_wconf 89' lang='lat' dir='ltr'>prudentum</span> <span class='ocrx_word' id='word_1_476' title='bbox 2615 3845 2803 3929; x_wconf 83' lang='lat' dir='ltr'>Virgo</span> <span class='ocrx_word' id='word_1_477' title='bbox 2829 3888 2851 3918; x_wconf 93' lang='lat'>,</span> <span class='ocrx_word' id='word_1_478' title='bbox 2892 3844 2992 3910; x_wconf 92' lang='lat' dir='ltr'>cui</span> <span class='ocrx_word' id='word_1_479' title='bbox 3018 3844 3226 3910; x_wconf 90' lang='lat' dir='ltr'>oleum</span> <span class='ocrx_word' id='word_1_480' title='bbox 3258 3865 3380 3910; x_wconf 89' lang='lat' dir='ltr'>non</span> <span class='ocrx_word' id='word_1_481' title='bbox 3423 3845 3626 3911; x_wconf 73' lang='lat' dir='ltr'>defuit</span> <span class='ocrx_word' id='word_1_482' title='bbox 3646 3892 3671 3924; x_wconf 88' lang='lat'>,</span> 
     </span>
     <span class='ocr_line' id='line_1_80' title="bbox 2104 3939 3671 4026; baseline 0.006 -25"><span class='ocrx_word' id='word_1_483' title='bbox 2104 3940 2257 4022; x_wconf 86' lang='lat' dir='ltr'>quin</span> <span class='ocrx_word' id='word_1_484' title='bbox 2274 3940 2564 4024; x_wconf 85' lang='lat' dir='ltr'>lampade</span> <span class='ocrx_word' id='word_1_485' title='bbox 2581 3961 2843 4009; x_wconf 82' lang='lat' dir='ltr'>accensa</span> <span class='ocrx_word' id='word_1_486' title='bbox 2865 3939 3126 4008; x_wconf 87' lang='lat' dir='ltr'>caelesti</span> <span class='ocrx_word' id='word_1_487' title='bbox 3154 3947 3411 4008; x_wconf 89' lang='lat' dir='ltr'>aeterno</span> <span class='ocrx_word' id='word_1_488' title='bbox 3423 3949 3671 4026; x_wconf 78' lang='lat' dir='ltr'>sponso</span> 
     </span>
     <span class='ocr_line' id='line_1_81' title="bbox 2102 4036 3678 4115; baseline 0.004 -13"><span class='ocrx_word' id='word_1_489' title='bbox 2102 4036 2352 4103; x_wconf 85' lang='lat' dir='ltr'>obviam</span> <span class='ocrx_word' id='word_1_490' title='bbox 2379 4039 2529 4115; x_wconf 72' lang='lat' dir='ltr'>iret3</span> <span class='ocrx_word' id='word_1_491' title='bbox 2558 4038 2808 4108; x_wconf 84' lang='lat' dir='ltr'>solicita</span> <span class='ocrx_word' id='word_1_492' title='bbox 2835 4038 3028 4113; x_wconf 82' lang='lat' dir='ltr'>euim,</span> <span class='ocrx_word' id='word_1_493' title='bbox 3058 4043 3518 4106; x_wconf 74' lang='lat' dir='ltr'>BEATlssmE</span> <span class='ocrx_word' id='word_1_494' title='bbox 3547 4047 3678 4108; x_wconf 74' lang='lat' dir='ltr'>PA-</span> 
     </span>
     <span class='ocr_line' id='line_1_82' title="bbox 2100 4135 3669 4224; baseline 0.005 -25"><span class='ocrx_word' id='word_1_495' title='bbox 2100 4140 2255 4200; x_wconf 72' lang='lat' dir='ltr'>&#39;rm</span> <span class='ocrx_word' id='word_1_496' title='bbox 2275 4178 2298 4209; x_wconf 89' lang='lat'>,</span> <span class='ocrx_word' id='word_1_497' title='bbox 2341 4156 2594 4219; x_wconf 84' lang='lat' dir='ltr'>semper</span> <span class='ocrx_word' id='word_1_498' title='bbox 2616 4135 2776 4210; x_wconf 70' lang='lat' dir='ltr'>nait,</span> <span class='ocrx_word' id='word_1_499' title='bbox 2819 4156 2901 4201; x_wconf 92' lang='lat' dir='ltr'>ne</span> <span class='ocrx_word' id='word_1_500' title='bbox 2928 4136 3096 4220; x_wconf 85' lang='lat' dir='ltr'>ignis</span> <span class='ocrx_word' id='word_1_501' title='bbox 3127 4135 3241 4201; x_wconf 91' lang='lat' dir='ltr'>ille</span> <span class='ocrx_word' id='word_1_502' title='bbox 3268 4136 3669 4224; x_wconf 25' lang='lat' dir='ltr'>divini-amo·-</span> 
     </span>
     <span class='ocr_line' id='line_1_83' title="bbox 2101 4231 3665 4320; baseline 0.005 -23"><span class='ocrx_word' id='word_1_503' title='bbox 2101 4231 2189 4297; x_wconf 88' lang='lat' dir='ltr'>ris</span> <span class='ocrx_word' id='word_1_504' title='bbox 2232 4253 2361 4315; x_wconf 74' lang='lat' dir='ltr'>qno</span> <span class='ocrx_word' id='word_1_505' title='bbox 2387 4235 2703 4309; x_wconf 87' lang='lat' dir='ltr'>ardebat,</span> <span class='ocrx_word' id='word_1_506' title='bbox 2744 4233 3218 4319; x_wconf 79' lang='lat' dir='ltr'>extingueretur</span> <span class='ocrx_word' id='word_1_507' title='bbox 3256 4233 3356 4300; x_wconf 81' lang='lat' dir='ltr'>vel</span> <span class='ocrx_word' id='word_1_508' title='bbox 3387 4243 3665 4320; x_wconf 82' lang='lat' dir='ltr'>tepesce-</span> 
     </span>
     <span class='ocr_line' id='line_1_84' title="bbox 2100 4329 3674 4418; baseline 0.005 -27"><span class='ocrx_word' id='word_1_509' title='bbox 2100 4335 2199 4392; x_wconf 85' lang='lat' dir='ltr'>ret</span> <span class='ocrx_word' id='word_1_510' title='bbox 2218 4372 2242 4405; x_wconf 84' lang='lat'>,</span> <span class='ocrx_word' id='word_1_511' title='bbox 2271 4329 2401 4396; x_wconf 90' lang='lat' dir='ltr'>imo</span> <span class='ocrx_word' id='word_1_512' title='bbox 2429 4330 2630 4416; x_wconf 80' lang='lat' dir='ltr'>magis</span> <span class='ocrx_word' id='word_1_513' title='bbox 2653 4330 2986 4415; x_wconf 81' lang='lat' dir='ltr'>magisque</span> <span class='ocrx_word' id='word_1_514' title='bbox 3010 4337 3373 4414; x_wconf 66' lang='lat' dir='ltr'>augeretur,</span> <span class='ocrx_word' id='word_1_515' title='bbox 3400 4353 3674 4418; x_wconf 82' lang='lat' dir='ltr'>quapro-</span> 
     </span>
     <span class='ocr_line' id='line_1_85' title="bbox 2098 4426 3670 4512; baseline 0.004 -22"><span class='ocrx_word' id='word_1_516' title='bbox 2098 4433 2239 4509; x_wconf 83' lang='lat' dir='ltr'>pter</span> <span class='ocrx_word' id='word_1_517' title='bbox 2263 4426 2550 4496; x_wconf 80' lang='lat' dir='ltr'>christus</span> <span class='ocrx_word' id='word_1_518' title='bbox 2585 4428 2884 4493; x_wconf 86' lang='lat' dir='ltr'>Dominus</span> <span class='ocrx_word' id='word_1_519' title='bbox 2922 4426 3218 4496; x_wconf 85' lang='lat' dir='ltr'>caelestis</span> <span class='ocrx_word' id='word_1_520' title='bbox 3249 4436 3526 4512; x_wconf 80' lang='lat' dir='ltr'>Sponsus</span> <span class='ocrx_word' id='word_1_521' title='bbox 3552 4437 3670 4496; x_wconf 82' lang='lat' dir='ltr'>Re-</span> 
     </span>
     <span class='ocr_line' id='line_1_86' title="bbox 2101 4521 3670 4610; baseline 0.002 -24"><span class='ocrx_word' id='word_1_522' title='bbox 2101 4521 2490 4606; x_wconf 81' lang='lat' dir='ltr'>demptionis</span> <span class='ocrx_word' id='word_1_523' title='bbox 2530 4524 2826 4610; x_wconf 84' lang='lat' dir='ltr'>Stigmata</span> <span class='ocrx_word' id='word_1_524' title='bbox 2865 4523 3233 4590; x_wconf 82' lang='lat' dir='ltr'>catharinae</span> <span class='ocrx_word' id='word_1_525' title='bbox 3261 4526 3509 4608; x_wconf 90' lang='lat' dir='ltr'>corpori</span> <span class='ocrx_word' id='word_1_526' title='bbox 3550 4525 3670 4589; x_wconf 91' lang='lat' dir='ltr'>im-</span> 
     </span>
     <span class='ocr_line' id='line_1_87' title="bbox 2100 4620 3667 4702; baseline 0.004 -19"><span class='ocrx_word' id='word_1_527' title='bbox 2100 4621 2383 4702; x_wconf 87' lang='lat' dir='ltr'>pressit,</span> <span class='ocrx_word' id='word_1_528' title='bbox 2436 4628 2502 4685; x_wconf 88' lang='lat' dir='ltr'>et</span> <span class='ocrx_word' id='word_1_529' title='bbox 2556 4622 2622 4686; x_wconf 89' lang='lat' dir='ltr'>in</span> <span class='ocrx_word' id='word_1_530' title='bbox 2668 4620 3116 4688; x_wconf 87' lang='lat' dir='ltr'>acerbissimae</span> <span class='ocrx_word' id='word_1_531' title='bbox 3159 4624 3468 4692; x_wconf 82' lang='lat' dir='ltr'>Passionis</span> <span class='ocrx_word' id='word_1_532' title='bbox 3514 4645 3667 4690; x_wconf 88' lang='lat' dir='ltr'>suae</span> 
     </span>
     <span class='ocr_line' id='line_1_88' title="bbox 2100 4716 3672 4802; baseline 0.004 -23"><span class='ocrx_word' id='word_1_533' title='bbox 2100 4716 2431 4798; x_wconf 70' lang='lat' dir='ltr'>tormentis</span> <span class='ocrx_word' id='word_1_534' title='bbox 2473 4718 2720 4802; x_wconf 86' lang='lat' dir='ltr'>corpori</span> <span class='ocrx_word' id='word_1_535' title='bbox 2766 4718 3210 4790; x_wconf 69' lang='lat' dir='ltr'>extrinsecus„</span> <span class='ocrx_word' id='word_1_536' title='bbox 3255 4727 3321 4783; x_wconf 91' lang='lat' dir='ltr'>et</span> <span class='ocrx_word' id='word_1_537' title='bbox 3357 4721 3534 4785; x_wconf 90' lang='lat' dir='ltr'>cordi</span> <span class='ocrx_word' id='word_1_538' title='bbox 3577 4721 3672 4785; x_wconf 88' lang='lat' dir='ltr'>iu-</span> 
     </span>
     <span class='ocr_line' id='line_1_89' title="bbox 2102 4811 3672 4900; baseline 0.004 -24"><span class='ocrx_word' id='word_1_539' title='bbox 2102 4811 2415 4879; x_wconf 86' lang='lat' dir='ltr'>trinsecus</span> <span class='ocrx_word' id='word_1_540' title='bbox 2444 4815 2923 4880; x_wconf 87' lang='lat' dir='ltr'>communicatis</span> <span class='ocrx_word' id='word_1_541' title='bbox 2949 4858 2972 4888; x_wconf 89' lang='lat'>,</span> <span class='ocrx_word' id='word_1_542' title='bbox 3013 4814 3378 4880; x_wconf 85' lang='lat' dir='ltr'>catharinae</span> <span class='ocrx_word' id='word_1_543' title='bbox 3407 4836 3554 4900; x_wconf 74' lang='lat' dir='ltr'>erga</span> <span class='ocrx_word' id='word_1_544' title='bbox 3582 4816 3672 4882; x_wconf 89' lang='lat' dir='ltr'>di·</span> 
     </span>
     <span class='ocr_line' id='line_1_90' title="bbox 2099 4907 3669 4994; baseline 0.004 -22"><span class='ocrx_word' id='word_1_545' title='bbox 2099 4907 2313 4972; x_wconf 82' lang='lat' dir='ltr'>vinum</span> <span class='ocrx_word' id='word_1_546' title='bbox 2349 4916 2654 4994; x_wconf 86' lang='lat' dir='ltr'>Sponsum</span> <span class='ocrx_word' id='word_1_547' title='bbox 2687 4910 3097 4984; x_wconf 83' lang='lat' dir='ltr'>charitatem,</span> <span class='ocrx_word' id='word_1_548' title='bbox 3127 4920 3194 4975; x_wconf 88' lang='lat' dir='ltr'>et</span> <span class='ocrx_word' id='word_1_549' title='bbox 3224 4913 3444 4994; x_wconf 88' lang='lat' dir='ltr'>Sponsi</span> <span class='ocrx_word' id='word_1_550' title='bbox 3478 4913 3669 4980; x_wconf 82' lang='lat' dir='ltr'>divini</span> 
     </span>
     <span class='ocr_line' id='line_1_91' title="bbox 2103 5004 3669 5090; baseline 0.004 -21"><span class='ocrx_word' id='word_1_551' title='bbox 2103 5024 2257 5090; x_wconf 87' lang='lat' dir='ltr'>erga</span> <span class='ocrx_word' id='word_1_552' title='bbox 2284 5004 2460 5074; x_wconf 82' lang='lat' dir='ltr'>illam</span> <span class='ocrx_word' id='word_1_553' title='bbox 2505 5027 2784 5072; x_wconf 88' lang='lat' dir='ltr'>amorem</span> <span class='ocrx_word' id='word_1_554' title='bbox 2828 5005 3358 5090; x_wconf 79' lang='lat' dir='ltr'>perfectissimum</span> <span class='ocrx_word' id='word_1_555' title='bbox 3398 5017 3669 5076; x_wconf 72' lang='lat' dir='ltr'>testatus</span> 
     </span>
     <span class='ocr_line' id='line_1_92' title="bbox 2103 5103 3671 5188; baseline 0.003 -21"><span class='ocrx_word' id='word_1_556' title='bbox 2103 5109 2246 5178; x_wconf 58' lang='grc' dir='ltr'>σου</span> <span class='ocrx_word' id='word_1_557' title='bbox 2291 5109 2357 5168; x_wconf 89' lang='lat' dir='ltr'>et</span> <span class='ocrx_word' id='word_1_558' title='bbox 2381 5103 2642 5188; x_wconf 85' lang='lat' dir='ltr'>insuper</span> <span class='ocrx_word' id='word_1_559' title='bbox 2666 5104 2800 5186; x_wconf 85' lang='lat' dir='ltr'>ipsa</span> <span class='ocrx_word' id='word_1_560' title='bbox 2842 5104 3211 5171; x_wconf 84' lang='lat' dir='ltr'>Beatissima</span> <span class='ocrx_word' id='word_1_561' title='bbox 3239 5106 3504 5187; x_wconf 87' lang='lat' dir='ltr'>Deipara</span> <span class='ocrx_word' id='word_1_562' title='bbox 3533 5107 3671 5172; x_wconf 85' lang='lat' dir='ltr'>Vir-</span> 
     </span>
     <span class='ocr_line' id='line_1_93' title="bbox 2105 5199 3670 5285; baseline 0.007 -24"><span class='ocrx_word' id='word_1_563' title='bbox 2105 5217 2188 5281; x_wconf 78' lang='lat' dir='ltr'>go</span> <span class='ocrx_word' id='word_1_564' title='bbox 2229 5199 2424 5266; x_wconf 69' lang='lat' dir='ltr'>Maria</span> <span class='ocrx_word' id='word_1_565' title='bbox 2469 5220 2538 5264; x_wconf 89' lang='lat' dir='ltr'>se</span> <span class='ocrx_word' id='word_1_566' title='bbox 2580 5199 3084 5285; x_wconf 80' lang='lat' dir='ltr'>conspiciendam</span> <span class='ocrx_word' id='word_1_567' title='bbox 3127 5221 3269 5265; x_wconf 88' lang='lat' dir='ltr'>cum</span> <span class='ocrx_word' id='word_1_568' title='bbox 3312 5210 3511 5271; x_wconf 77' lang='lat' dir='ltr'>Puero</span> <span class='ocrx_word' id='word_1_569' title='bbox 3553 5227 3670 5272; x_wconf 88' lang='lat' dir='ltr'>sno</span> 
     </span>
    </p>
   </div>
  </div>
 </body>
</html>
