4442 6300
1552 509 1898 577 QUtNth
1939 509 2418 565 sancrroncta
2449 512 2617 565 mc.

3399 510 3505 563 18⁹

452 653 645 723 clena
675 659 1074 728 Sanctorum,
1119 656 1261 736 post
1307 655 1916 735 certum‘qnemdam
1947 676 2020 721 ac
2134 654 2272 717 rim.
2307 655 2404 740 (a)
2435 660 2698 719 Fidelem
2740 658 2846 718 ills
2886 671 3259 736 sermonem,
3304 666 3361 718 st
3401 658 3570 716 omni
3593 675 3702 718 ac»

452 746 852 835 praefinitum
887 751 1053 817 diem
1088 750 1395 815 caelestes
1428 751 1490 811 in
1525 752 1708 815 terris
1752 752 2022 817 bonores
2133 761 2415 829 ceptione
2459 760 2706 831 (tiquam
2749 758 3117 832 colloquium
3156 750 3537 834 appellavit,
3567 773 3695 832 quo

455 848 847 920 tribuantur,
884 851 971 914 ita
1004 870 1125 913 non
1156 848 1290 914 sine
1318 848 1651 915 manifesto
1682 850 1793 913 Dei
1824 850 2021 914 consi-

455 944 549 1009 lio
577 946 640 1008 in
671 954 775 1009 tua
790 954 1086 1028 ¹tempora
1109 955 1490 1013 reservatum
1519 952 2017 1029 puto,BEATtS·

454 1047 637 1109 sluss
683 1050 933 1108 PATER
956 1089 976 1116 ,
1009 1044 1177 1126 quod
1205 1052 1317 1109 tuo
1345 1051 1614 1110 Decreto
1660 1052 1799 1127 post
1843 1045 2020 1127 plura

455 1142 668 1207 secula
697 1143 778 1208 de
811 1144 996 1206 beato
1027 1149 1209 1207 Petro
1242 1143 1540 1227 Regalato
1570 1145 1735 1208 inter
1761 1150 2021 1209 sanctos

454 1228 792 1305 referendo
835 1240 917 1304 sit
959 1249 1169 1305 actum
1196 1287 1213 1303 .
1256 1241 1440 1306 Tales
1482 1245 1655 1304 enim
1686 1251 2018 1324 tantaeque

457 1337 726 1403 virtutes
747 1383 767 1410 ,
842 1339 1073 1419 quibus
1140 1339 1428 1404 arctioris
1490 1340 1657 1405 inter
1716 1341 2020 1405 Francisci

457 1430 765 1498 alumnos
827 1435 1260 1500 observantiae
1315 1437 1545 1501 vindex
1600 1438 1661 1500 in
1706 1438 2023 1519 Hispaniis

459 1531 757 1603 ernieuit,
788 1530 1110 1595 humilitas
1138 1531 1201 1593 in
1232 1533 1449 1612 primis
1471 1579 1490 1607 ,
1524 1534 1848 1616 castigatio
1892 1554 2025 1598 cor-

455 1628 650 1711 poris,
673 1628 1054 1699 abstinentia
1085 1630 1444 1714 singularis,
1474 1630 1779 1696 altissima
1811 1652 2021 1696 rerum

463 1726 813 1789 divinarum
855 1727 1303 1810 contemplatio
1325 1772 1346 1801 ,
1396 1729 1558 1793 mira
1606 1731 1667 1791 in
1717 1750 2024 1813 pauperes

462 1822 819 1889 sollicitudo
839 1867 861 1897 ,
893 1845 1050 1902 quac
1095 1830 1348 1905 fortasse
1400 1833 1665 1891 dioecrim
1718 1832 1896 1892 Petro
1948 1835 2023 1892 ab

460 1923 789 1985 dicantem
842 1930 923 1984 aa
979 1931 1112 2003 eju
1164 1933 1447 1988 sectanda
1502 1932 1761 2003 vcstim‘a
1808 1946 2025 2005 niagno

456 2026 834 2096 postmodum
865 2024 1052 2099 fuisso
1115 2029 1396 2099 exemplo
1419 2045 1439 2085 ε
1470 2032 1791 2105 praeterea
1851 2024 2023 2105 sigua

457 2114 823 2198 quamplura
858 2137 926 2182 ac
958 2120 1235 2202 prodigia
1264 2164 1283 2192 ‚
1322 2121 1695 2201 praesertim
1728 2142 1880 2185 vero
1913 2142 2022 2184 nu-

458 2213 739 2294 perrime
769 2215 970 2285 edita,
1002 2216 1433 2282 demonstrare
1462 2227 1680 2299 aperte
1708 2218 2023 2293 videntur,

456 2302 744 2376 noluisse
790 2318 983 2377 nauum
1030 2313 1304 2379 bominis
1354 2315 1747 2380 sanctitatem
1790 2318 2025 2382 diutius

461 2404 661 2473 latere
692 2409 809 2471 sub
842 2408 1077 2483 modio,
1102 2411 1212 2474 sed
1246 2412 1415 2492 quod
1442 2413 1642 2493 posita
1671 2433 1861 2495 super
1887 2435 2026 2478 can·

462 2503 789 2571 delubrum
820 2505 1027 2571 luceat
1055 2508 1382 2583 omnibus,
1411 2509 1520 2593 qui
1552 2509 1614 2572 in
1645 2510 1831 2575 domo
1860 2522 2021 2576 sunt.

458 2698 830 2775 soamws
874 2704 1263 2766 BAPTISTA
1302 2707 1418 2766 Tit.
1454 2705 1517 2767 S.
1550 2707 1794 2770 uariae
1836 2708 2067 2787 Anao:

613 2803 807 2871 torum
826 2786 1160 2880 'Presbyter
1188 2805 1538 2866 cardinatis
1570 2788 1834 2879 ‘spinula
1849 2848 1865 2865 .

530 3014 537 3021 ·
585 2993 957 3064 Beatissimo
987 3001 1172 3061 Pater
1193 3043 1208 3059 .
1239 3002 1468 3066 Beatus
1498 3008 1721 3067 Petrus
1767 2998 2021 3083 Regela-

458 3098 562 3156 tus
588 3111 749 3172 puer
773 3092 974 3158 adbuc
1007 3095 1302 3161 decennis
1347 3118 1414 3162 se
1460 3104 1592 3166 Deo
1636 3099 1923 3172 devovit,
1956 3105 2019 3163 et

456 3189 523 3251 ln
544 3196 820 3253 Fratrum
846 3191 1149 3256 Minorem
1174 3196 1561 3260 coenobium
1582 3197 1883 3261 secedens
1899 3195 2017 3260 soli

455 3291 589 3351 Deo
637 3285 1092 3363 famulaturus,
1137 3312 1211 3356 ea
1266 3293 1475 3359 omnia
1519 3293 1813 3366 heroice,
1846 3293 2020 3358 sorti·

454 3390 575 3460 ter,
600 3383 1014 3467 perfecteque
1047 3387 1378 3471 aggressus
1405 3391 1568 3465 fuit,
1601 3393 1831 3474 quibus
1853 3411 2015 3464 eam,

453 3497 642 3562 quam
670 3487 841 3550 Deus
872 3483 1284 3566 diligentibus
1315 3508 1384 3551 se
1416 3488 1742 3571 promisit,
1769 3489 2019 3553 immar-

454 3578 825 3650 cescibilem
881 3601 1177 3646 coronam
1239 3587 1581 3667 promeruit
1609 3631 1630 3651 .
1659 3595 1799 3668 lpse
1849 3588 2013 3652 enim

454 3681 625 3742 Deus
668 3678 1065 3744 ascensiones
1108 3680 1169 3742 in
1214 3683 1409 3748 corde
1453 3705 1569 3750 suo
1613 3685 1926 3767 disposuit
1954 3686 2015 3747 in

452 3773 622 3846 valle
650 3773 1109 3861 lacrymarum,
1138 3777 1202 3840 in
1233 3777 1376 3846 loco
1407 3802 1596 3862 quem
1628 3782 1873 3862 posuit.
1904 3789 2020 3848 're-

458 3877 662 3936 status
702 3880 1035 3954 propterea
1082 3884 1180 3940 est
1223 3877 1722 3959 omnipotentiae
1754 3900 1901 3945 suae
1930 3880 2018 3943 di-

2132 850 2361 915 beatus
2381 851 2721 934 Apostolus
2745 850 2990 915 Christo
3008 850 3276 914 Domino
3306 848 3547 912 dixerat
3567 847 3692 932 (b):

2130 948 2287 1010 Ecce
2329 967 2444 1012 nos
2488 955 2842 1029 reliquimus
2871 955 3117 1021 omnia,
3162 959 3219 1012 ct
3257 954 3450 1009 secuti
3492 966 3695 1009 sumus

2133 1056 2189 1109 te
2213 1091 2230 1106 .
2262 1047 2538 1110 Fidelem
2569 1058 2637 1111 et
2668 1048 2803 1128 ipse
2834 1066 2972 1110 eam
3006 1067 3223 1109 vocem
3269 1044 3646 1110 asseruerim
3670 1087 3693 1116 ,

2131 1162 2253 1225 qua
2286 1149 2356 1207 B.
2384 1153 2605 1210 Petrus
2649 1143 2984 1228 Regalatus
3012 1165 3151 1208 cum
3185 1154 3356 1207 esset
3398 1142 3695 1207 decennis

2132 1242 2392 1314 mundo,
2416 1244 2645 1324 opibus
2673 1265 2745 1308 ac
2774 1241 2971 1306 nobili
2993 1242 3346 1324 cognationi
3377 1261 3530 1306 suae
3557 1239 3698 1306 vale

2133 1337 2345 1403 dicere
2376 1361 2411 1404 a
2445 1350 2647 1405 matre
2688 1339 2869 1404 vidua
2916 1337 3100 1401 enixe
3131 1336 3474 1421 flagitavit,
3519 1345 3582 1401 et
3627 1336 3692 1398 in

2132 1438 2338 1518 patrio
2367 1439 2812 1503 Franciscanae
2856 1435 3151 1498 Familiae
3194 1435 3514 1500 coenobio
3546 1455 3700 1516 pue·

2134 1536 2307 1600 rulus
2347 1537 2592 1607 adhuc,
2623 1545 2689 1599 et
2717 1535 3003 1616 impubes
3048 1555 3118 1597 se
3159 1533 3535 1616 adscripsit,
3577 1531 3700 1596 fre·

2133 1644 2342 1698 mente
2386 1635 2635 1697 bumani
2683 1633 2935 1717 generis
2978 1630 3199 1721 hoste,
3262 1631 3368 1714 qui
3416 1642 3487 1695 ut
3542 1629 3697 1693 olim

2133 1732 2384 1815 scripsit
2415 1739 2484 1793 D.
2516 1732 2978 1814 Hieronymus,
3026 1735 3302 1793 cernebat
3344 1751 3406 1792 ss
3449 1734 3619 1791 cinci
3658 1747 3700 1792 a

2129 1849 2360 1912 puero,
2405 1841 2462 1891 ct
2487 1835 2661 1905 prius
2693 1833 2764 1889 ab
2799 1847 2867 1888 co
2902 1831 3207 1890 calcatum
3246 1831 3472 1906 fuisse,
3514 1845 3698 1905 quam

2132 1946 2246 2004 per
2272 1940 2534 1990 aetatem
2565 1929 2801 1988 calcare
2825 1931 3163 1999 potuisset.
3212 1931 3278 1986 ln
3321 1922 3439 1987 boc
3483 1931 3696 1987 autem

2135 2033 2467 2107 susceptae
2497 2025 2666 2088 vitae
2706 2023 2991 2086 instituto
3034 2022 3111 2085 ad
3156 2042 3469 2084 summurn
3502 2026 3697 2083 Evan-

2136 2121 2375 2204 gelicae
2407 2120 2818 2204 perfectionis
2846 2120 3096 2185 culmen
3130 2118 3513 2183 contendens
3535 2160 3556 2189 ,
3585 2115 3695 2179 bu·

2133 2220 2441 2293 militate,
2488 2221 2632 2285 odio
2676 2219 2772 2284 sui
2799 2263 2819 2291 ‚
2862 2217 3239 2300 paupertatis
3266 2236 3485 2279 amore
3511 2257 3531 2287 ,
3564 2235 3702 2279 ora·

2136 2317 2326 2382 tionis
2355 2318 2735 2400 Divinaeque
2768 2315 3008 2400 gloriae
3056 2314 3266 2379 studio
3288 2356 3309 2385 ,
3341 2312 3699 2393 ceterisque

2134 2415 2301 2480 vitae
2333 2414 2671 2498 religiosae
2702 2412 3042 2476 virtutibus
3073 2411 3231 2475 adeo
3259 2409 3597 2480 excelluit,
3629 2413 3699 2472 ut

2134 2512 2448 2594 seraphici
2481 2512 2575 2576 sui
2603 2509 2999 2575 Patriarcbae
3033 2506 3574 2588 Francisci,quam
3608 2506 3696 2569 si-

2135 2611 2464 2674 millimam
2495 2609 2831 2692 imaginem
2875 2627 2990 2689 per
3020 2626 3270 2671 omnem
3300 2612 3574 2668 aetatem
3602 2623 3698 2667 re-

2135 2705 2391 2779 tulerit,
2422 2714 2483 2771 et
2520 2724 2634 2769 suo
2661 2702 2960 2785 exemplo
2993 2700 3362 2785 quamplura
3412 2720 3524 2782 per
3561 2698 3697 2764 flis-

2129 2805 2378 2886 paniam
2409 2803 2725 2868 coenobia
2769 2801 2845 2865 ad
2891 2809 3175 2864 veterem
3219 2796 3694 2863 sanctimoniam

2133 2912 2199 2967 et
2230 2900 2594 2984 religiosam
2625 2899 3088 2965 observantiam
3122 2894 3431 2961 revocarit
3452 2940 3469 2956 .

2258 3004 2498 3073 Quanta
2545 3016 2695 3062 vero
2748 3002 2813 3061 et
2865 2999 3049 3078 quam
3103 2992 3396 3074 sublimis
3422 2996 3489 3054 B.
3522 2988 3690 3057 Petri

2128 3095 2408 3181 Regalati
2443 3096 2746 3161 Sanctitas
2787 3092 2949 3167 tuit,
2997 3089 3337 3164 miracula,
3382 3088 3610 3172 quibus
3651 3109 3691 3154 a

2131 3199 2261 3258 Deo
2282 3183 2600 3257 mirificari
2624 3191 2900 3257 obtinuit
2920 3189 3167 3254 abunde
3190 3195 3517 3258 testantur,
3530 3207 3689 3268 quae

2128 3300 2260 3354 tum
2295 3311 2581 3363 numero,
2604 3298 2738 3354 tum
2769 3286 3191 3371 magnitudine
3222 3307 3256 3348 a
3287 3289 3691 3349 SANCTITA·

2126 3395 2228 3453 TE
2259 3395 2559 3453 VESTRA
2584 3431 2605 3460 ,
2650 3394 2714 3450 et
2762 3405 2798 3450 a
2843 3391 3025 3448 Sacra
3054 3383 3309 3447 Rituum
3343 3386 3686 3464 Congrega-

2127 3487 2299 3553 tione
2334 3485 2658 3569 plusquam
2693 3484 2842 3548 satis
2866 3481 3141 3566 judicata
3172 3479 3430 3545 fuerunt
3445 3479 3522 3541 ad
3546 3498 3688 3560 sup-

2128 3587 2421 3671 plendam
2456 3583 2534 3648 de
2567 3581 2939 3646 heroicitate
2964 3580 3260 3644 virtutum
3292 3576 3449 3642 alias
3473 3594 3690 3640 neces·

2128 3684 2355 3750 sariam
2386 3682 2819 3764 probationem
2843 3721 2862 3740 .

2253 3786 2456 3855 Quare
2488 3778 2549 3839 in
2579 3797 2653 3842 ea
2681 3794 2939 3857 prorsus
2966 3771 3276 3837 sententia
3305 3790 3481 3842 sum,
3515 3766 3688 3850 quod

2129 3865 2484 3929 indicentur
2510 3880 2547 3925 a
2578 3860 3094 3923 BEATITUDINE
3120 3857 3420 3918 VESTRA
3443 3851 3679 3933 publici

453 3967 625 4032 vitiis
669 3970 841 4034 Servi
884 3969 981 4034 sui
1024 3973 1419 4037 sanctitatem
1446 4018 1468 4048 ,
1507 3978 1772 4057 patratis
1813 3979 1894 4041 ab
1940 3999 2017 4043 eo
2125 3972 2194 4027 0²
2219 3956 2606 4026 ⁰⁰5V0¹⁸⁸¹0⁸
2636 3951 2991 4039 h⁰l¹¹⁸m⁰ffi
3037 3957 3230 4015 B⁰³¹⁰
3274 3947 3586 4023 ¹¹⁰⁰⁰ffl⁸s
3615 3955 3686 4013 Μ

452 4065 803 4149 insignibus
834 4067 1153 4134 miraculis
1183 4069 1386 4136 adbuc
1414 4073 1605 4136 vitam
1638 4085 1897 4158 agente,
1931 4074 2011 4140 si-

2120 4053 2732 4145 juxtaEcclesiastici
2754 4048 3461 4130 monitum‚sapientiam
3485 4045 3684 4128 ipsius

450 4162 710 4245 mulque
755 4172 901 4247 post
940 4165 1182 4231 obitum
1208 4211 1231 4242 ,
1291 4168 1523 4250 quibus
1567 4172 1703 4255 eju,
1745 4172 2009 4256 gloriam
2121 4163 2412 4223 enarrent
2440 4151 2700 4235 Populi,
2732 4158 2798 4214 et
2823 4147 3078 4214 laudem
3111 4145 3254 4230 ejus
3282 4144 3533 4209 nunciet
3560 4149 3678 4207 Ec·

450 4261 745 4349 omnibus
775 4261 1174 4328 manifestare
1202 4265 1444 4330 voluit.
1477 4268 1641 4332 Nihil
1670 4269 1883 4352 itaque
1912 4292 2013 4334 su-

451 4369 666 4442 petest
711 4359 871 4432 nisi,
915 4369 985 4426 ut
1027 4362 1439 4431 meritissime
1482 4385 1595 4446 per
1650 4388 2008 4450 supremum

455 4463 952 4527 ssucrtn'rts
975 4467 1294 4526 vsss‘rnAE
1323 4462 1622 4544 judicium
1647 4470 2010 4530 Sanctorum

448 4553 748 4637 catalogo
776 4553 875 4620 bic
908 4561 1134 4621 Servus
1164 4558 1275 4622 Dei
1309 4559 1702 4625 adscribatur
1725 4605 1741 4622 .

446 4743 911 4816 struamus
953 4751 1073 4814 Tit,
1103 4753 1165 4815 S.
1196 4756 1459 4818 Sabinas
1509 4759 1823 4836 Presbyter
1862 4762 2006 4822 Car-

929 4854 1158 4914 dinaiis
1184 4857 1255 4916 ds
1285 4855 1441 4918 Ilcio
1467 4899 1485 4916 .

568 5042 932 5119 Quodclim
966 5044 1044 5110 de
1063 5051 1123 5109 S.
1142 5052 1325 5112 Petro
1355 5049 1801 5129 Apostolorum
1834 5002 2004 5116 Prin·

439 5143 579 5223 cipe
625 5142 908 5224 apposite
946 5145 1381 5224 pronunciavit
1407 5153 1464 5210 S.
1495 5151 1892 5221 Bernardus,
1936 5151 2000 5215 id

2119 4255 2318 4322 clesia
2342 4297 2360 4314 .

2192 4451 2484 4536 naum
2489 4451 2523 4508 1
2531 4450 2573 4510 C
2586 4448 2680 4510 Us
2714 4447 2830 4505 Tit.
2855 4442 2917 4505 S.
2955 4442 3261 4501 Bomos-di
3289 4440 3611 4516 Presbyter

2512 4545 2848 4610 cardinalis
2878 4542 3248 4601 Passionem
3269 4581 3287 4598 .

2245 4744 2566 4813 Neminem
2596 4737 2733 4804 fore
2752 4733 3051 4804 arbitror,
3071 4736 3529 4796 BEATISSIME
3551 4735 3676 4796 ΡΑ-

2115 4855 2267 4915 TER
2295 4889 2316 4918 ,
2348 4842 2454 4926 qui
2488 4834 2917 4921 magnanimos
2959 4828 3226 4913 alicujus
3272 4827 3674 4910 Reipublicae

2113 4944 2473 5013 conditores
2531 4930 2760 4997 debitis
2818 4926 3113 4992 laudibus
3172 4924 3496 4996 afficiens,
3536 4925 3675 5007 pari

2113 5047 2351 5109 honore
2384 5030 2677 5121 prosequi
2701 5024 2899 5091 nollet
2919 5046 3053 5096 eos,
3073 5023 3179 5106 qui
3200 5022 3464 5087 eandem
3495 5030 3672 5087 Rem-

2111 5140 2430 5226 publicam
2475 5150 2634 5216 pene
2678 5128 3044 5194 cadentem,
3088 5121 3299 5184 studio
3343 5128 3406 5184 et
3451 5119 3672 5186 labore

443 5239 633 5324 plane
681 5240 762 5302 de
808 5244 879 5304 Β.
930 5247 1115 5305 Petro
1142 5241 1444 5326 Regalato
1484 5244 1618 5330 ipse
1663 5265 1999 5331 usurpave—
2114 5238 2345 5305 fulcire
2375 5228 2862 5299 contenderent.
2893 5221 3049 5285 Hinc
3081 5237 3193 5300 per
3221 5237 3471 5282 omnem
3501 5226 3669 5284 aeta-

526 5450 612 5524 (a)
644 5427 826 5506 Tract.
857 5451 925 5506 de
942 5467 1231 5524 contempt.
1262 5457 1455 5510 Hand.
1485 5476 1608 5531 cap.
1638 5463 1689 5513 1.

758 5567 973 5608 nauso.
1014 5570 1131 5611 an.
1172 5571 1323 5612 τοι.
1360 5560 1490 5644 Vtt.

1837 5458 1929 5534 (b)
1962 5453 2161 5514 nauh.
2190 5451 2278 5505 10.
2409 5529 2430 5535 Α

3339 5532 3413 5586 26
