4442 6300
1484 524 1833 595 qumque
1893 520 2361 579 ammonuit
2403 521 2568 577 am

3377 517 3487 573 ΜΟ

426 681 722 758 tantaque
750 670 915 738 vitae
943 669 1303 736 discrimina
1334 690 1407 735 ac
1434 652 1711 752 pericula
1730 716 1754 746 ‚
1780 690 1817 735 a
1844 668 1986 753 qui·
2092 665 2426 733 videbatur
2443 693 2469 745 ς
2529 665 2898 737 caelestium
2965 663 3132 728 enim
3195 660 3659 747 “ntemplatio

426 770 547 835 bus
577 789 843 850 superna
877 787 1061 832 manu
1092 774 1278 848 saepe
1336 765 1645 831 liberatus
1698 765 1817 830 fuit
1842 810 1862 841 ‚
1921 771 1989 830 et
2095 763 2218 829 fuit
2252 767 2346 829 illi
2377 765 2667 840 assidu„
2695 765 2910 831 Fidem
2941 782 3084 828 cum
3143 758 3450 825 charitate
3508 778 3654 827 con·.

428 877 520 932 tot
553 872 847 948 tantaque
881 856 1224 948 supplicia,
1256 863 1486 947 quibus
1533 862 1584 927 si
1618 879 1767 928 ⁴non
1828 882 1991 926 mor·
2028 908 2035 917 .
2096 861 2374 945 iunctam
2406 870 2720 927 et-sancte
2750 861 3061 933 servavit,
3089 866 3156 922 et
3192 854 3462 921 fideliter
3516 854 3661 923 red-

427 973 555 1029 tem
591 962 917 1046 martyrii,
949 969 1171 1024 tamen.
1194 980 1426 1042 poenas
1456 960 1676 1025 omnes
1717 959 1992 1023 invictis-
2100 959 2299 1023 didit:
2334 965 2400 1021 ln
2434 959 2628 1023 multa
2658 959 2952 1042 patientia
2985 956 3104 1021 tuit
3132 955 3194 1020 in
3227 955 3559 1027 suavitate,
3591 952 3657 1016 in

430 1061 596 1127 simo
627 1063 836 1124 animo
864 1078 988 1122 non
1018 1058 1217 1122 semel
1250 1065 1555 1140 expertus
1581 1067 1698 1122 est.
1730 1055 1827 1120 Nil
1883 1056 1994 1120 ita-

2092 1044 2478 1130 laboribus,
2500 1056 2565 1119 in
2598 1055 2872 1141 vigiliis,
2900 1054 2966 1117 in
2993 1049 3258 1136 jejuniis
3288 1070 3476 1133 saepe
3524 1049 3662 1117 solo

430 1178 555 1240 que
582 1165 913 1241 superest,
945 1154 1063 1217 nisi
1094 1164 1164 1219 ut
1191 1152 1456 1219 invictus
1486 1153 1734 1219 Athleta
1766 1150 1992 1222 christi
2101 1172 2264 1236 pane
2295 1161 2362 1217 et
2391 1173 2555 1237 aqua
2611 1160 2965 1221 contentus.
3020 1157 3312 1215 Incensus
3368 1147 3659 1233 martyrii

430 1275 550 1320 suo
577 1253 831 1318 tandem
857 1251 1100 1319 lumine
1127 1251 1480 1317 universam
1544 1250 1818 1317 illustret
1878 1255 1992 1314 Ec-
2107 1249 2425 1316 desiderio
2455 1250 2650 1317 nullis
2694 1250 3066 1322 laboribus,
3124 1244 3313 1311 nullis
3364 1244 3666 1330 periculis

431 1350 691 1418 olesiam
710 1395 732 1426 ,
760 1357 827 1415 et
854 1370 971 1415 suo
1002 1353 1252 1414 tueatur
1282 1348 1655 1431 patrocinio.

546 1543 917 1617 RAPHAEL
951 1541 1311 1606 cosmus
1346 1545 1464 1607 Tit.
1503 1544 1566 1604 S.
1603 1534 1890 1607 Marcelli

589 1646 907 1720 Presbyter
930 1644 1282 1705 cardinalis
1306 1646 1377 1705 dc
1420 1644 1827 1718 Hieronymu.

466 1918 471 1923 ἱ
559 1838 1018 1900 BEA'rtssmE
1047 1838 1324 1899 PATER.
1371 1831 1688 1918 Ineffabili
1749 1851 1998 1914 semper

438 1931 849 2014 dispositione
882 1929 1158 2015 providit
1188 1938 1354 1996 Deus
1373 1973 1394 2004 ,
1418 1938 1488 1995 ut
1517 1930 1649 1995 suis
1677 1936 1819 2013 apte
1842 1936 1999 1993 tem-

435 2023 698 2112 poribus
724 2035 1107 2112 exurgerent
1126 2028 1253 2095 Viri
1277 2029 1620 2093 Sanctitate
1650 2026 1999 2109 conspicui,
2022 2084 2025 2087 ,

437 2128 545 2211 qui
573 2126 937 2190 bominibus
966 2132 1337 2192 senescente
1364 2124 1609 2201 Mundo,
1653 2125 1717 2187 in
1782 2122 1997 2207 pejora

435 2222 768 2291 ruentibus
794 2220 1139 2306 adjutrices
1171 2243 1391 2289 manns
1453 2220 1882 2305 porrigerent,
1928 2225 1994 2284 et

438 2318 830 2406 gliscentium
858 2319 1150 2383 vitiorum
1189 2317 1399 2403 spinas
1430 2320 1509 2383 de
1540 2310 1865 2391 Ecclesiae
1916 2319 2003 2381 vi·

436 2436 555 2483 nea
584 2416 953 2482 evellerent.
985 2424 1158 2481 Inter
1185 2417 1302 2481 bos
1331 2414 1590 2498 Josepbi
1623 2415 1704 2481 de
1740 2415 2002 2481 Leonis-⁴

439 2534 509 2577 sa
538 2511 783 2577 Ordinis
811 2512 1300 2594 capuccinorum
1334 2511 1683 2595 Sacerdotis
1716 2509 1997 2577 Professi

436 2610 722 2692 spiritum
756 2598 1075 2676 suscitavit
1096 2652 1120 2681 .
1149 2608 1258 2690 qui
1292 2607 1650 2674 aemulatus
1670 2607 2006 2671 charisma·

438 2714 503 2771 ta
533 2705 794 2771 meliora
825 2726 934 2770 ore
966 2704 1147 2771 simul
1178 2713 1246 2770 et
1274 2725 1466 2787 opere
1502 2703 1716 2769 docuit
1770 2712 2002 2785 quanta

441 2821 588 2884 erga
623 2807 820 2889 Deum
876 2800 1183 2868 charitate
1241 2808 1560 2873 aestuaret
1581 2844 1605 2875 ‚
1655 2807 1884 2884 quanta
1938 2798 2003 2862 in

437 2897 798 2962 Proximum
830 2898 1167 2964 dilectione
1194 2941 1215 2971 ,
1248 2906 1608 2981 quantoque
1639 2904 1855 2971 contra
1912 2895 2004 2958 vi-

442 2994 525 3059 tia
556 2992 916 3061 afficeretur
944 2994 1094 3061 odio
1116 3037 1137 3067 ,
1166 2992 1372 3059 factus
1402 3001 1616 3058 contra
1659 3013 1736 3057 ea
1799 2990 2004 3058 decla-

442 3096 647 3155 mator
670 3090 1032 3156 acerrimus.
1060 3089 1343 3175 martyrii
1371 3109 1622 3173 quoque
1649 3088 1708 3154 ei
1735 3108 1863 3151 non
1891 3089 1998 3153 de·

441 3184 565 3250 fuit
592 3188 843 3251 animus
865 3230 887 3260 ‚
920 3188 1069 3251 dum
1098 3208 1210 3270 pro
1238 3186 1467 3251 Christi
1501 3187 1622 3250 fide
1651 3186 2001 3267 amplianda

442 3302 591 3349 vere
616 3289 961 3370 Hartyrum
995 3283 1304 3350 tormenta
1327 3283 1642 3348 sustinuit.
1663 3283 2003 3366 Signaaequi·

440 3379 561 3447 bus
588 3380 739 3444 dum
769 3379 971 3455 vixit,
1004 3392 1068 3446 et
1099 3381 1251 3462 post,
1270 3379 1512 3446 obitum
1539 3379 1726 3444 etiam
1756 3378 2000 3452 claruit,

440 3495 641 3558 aeque
674 3477 984 3540 testantur
1010 3497 1199 3559 quam
1229 3478 1294 3539 in
1324 3476 1558 3540 eximio
1580 3476 1698 3554 boc
1728 3475 1875 3540 Viro
1896 3475 2004 3539 be-

442 3565 521 3636 ne
551 3574 675 3637 sibi
704 3574 1156 3657 complacuerit
1189 3581 1374 3638 Deus.
1407 3579 1653 3637 lustum
1676 3592 1832 3655 ergo
1858 3591 2001 3637 cen-

441 3691 553 3735 seo
575 3714 598 3744 ,
625 3678 695 3733 ut
724 3691 916 3753 quem
942 3661 1185 3736 corona.
1201 3691 1501 3752 expressa
1535 3669 1710 3752 signo
1768 3668 2002 3740 Sancti·

444 3768 592 3832 tatis
619 3767 925 3834 Dominus
951 3767 1264 3831 redimivit
1295 3767 1358 3829 in
1376 3765 1602 3838 Caelis,
1634 3772 2000 3831 Sanctorum

441 3862 627 3928 etiam
657 3861 1322 3944 laurea-SANCTITAS
1374 3868 1683 3928 VESTRA
1738 3868 1998 3930 coronet

442 3958 511 4022 in
541 3959 744 4025 terris.
1142 3959 1147 3963 ’
1978 3969 1985 3972 “

448 4151 808 4217 GAROLUS
845 4157 962 4215 Tit.
999 4153 1062 4215 S.
1100 4155 1336 4217 Marias
1370 4151 1441 4214 ἀὲ
1473 4152 1791 4218 Ara-Caeli·
1830 4155 2021 4216 Pras·-

720 4253 890 4329 ὀνίαν
919 4254 1268 4314 cardinalis
1286 4252 1727 4328 colebamus.

569 4440 739 4508 Fecit
769 4440 1063 4505 Dominus
1093 4439 1408 4505 mirabilia
1436 4459 1579 4505 cum
1627 4445 1823 4504 Servo
1885 4460 2000 4504 suo

442 4540 511 4601 B.
543 4537 818 4620 Josepbo
851 4558 885 4600 a
912 4538 1249 4612 Leonissa3
1279 4537 1427 4601 dum
1462 4536 1541 4598 ab
1572 4536 2002 4601 adolescentia

444 4635 533 4698 ita
565 4636 841 4714 omnium
874 4635 1175 4698 virtutum
1205 4642 1446 4699 amator
1471 4632 1593 4697 fuit
1645 4634 2006 4716 praecipue-

447 4730 933 4813 qnepudisitiae
959 4773 981 4804 ‚
1013 4731 1192 4794 utrad
1224 4730 1393 4794 illam
1424 4729 1720 4793 tuendam
1777 4730 2005 4812 spretis

448 4827 938 4892 domesticorum
971 4824 1296 4892 blanditiis
1324 4815 1511 4908 atque
1542 4826 1861 4909 precibus,
1894 4826 2004 4889 bu·

438 4924 671 5007 jusque
704 4925 916 4988 mundi
950 4926 1198 5010 pompis
1228 4924 1432 4989 laetus
1461 4944 1533 4988 ac
1564 4924 1764 4987 victor
1793 4924 1854 4986 in
1896 4930 2005 4987 Pa-

444 5030 608 5084 trum
639 5020 1121 5103 capuccinorum
1153 5019 1551 5090 sodalitatem
1578 5022 1853 5086 adscitus
1882 5030 2002 5090 estz

448 5126 718 5186 Vocatus
745 5120 938 5202 igitur
961 5122 1036 5184 ad
1069 5119 1372 5186 Francisci
1431 5117 1755 5200 sequelam
1819 5118 2004 5202 parti·

446 5238 605 5298 ceps
628 5217 745 5281 fuit
774 5216 947 5290 illius
978 5218 1230 5300 spiritus
1250 5260 1271 5292 ,
1299 5237 1427 5299 quo
1482 5227 1729 5284 terrena
1789 5216 1999 5279 omnia

448 5315 801 5398 despiciens
829 5316 917 5380 ad·
939 5317 1142 5380 instar
1176 5312 1463 5399 Apostoli
1494 5314 1666 5379 Pauli
1696 5313 1781 5375 ἰιι
1816 5331 2007 5379 carne

453 5419 635 5480 extra
664 5411 945 5488 carnem,
962 5413 1043 5480 ,in
1067 5413 1297 5477 nuncto
1324 5401 1829 5477 extrahundum
1863 5430 2003 5475 esse

2104 1348 2434 1431 pepercit;
2465 1355 2530 1413 et
2559 1346 2840 1431 quamvis
2868 1365 3078 1429 neque
3117 1344 3258 1428 ipse
3316 1343 3662 1430 martyrio,

2105 1461 2314 1526 neque
2344 1445 2714 1532 martyrium
2743 1445 2862 1529 ipsi
2891 1441 3207 1513 defuerit,
3256 1440 3393 1506 sola
3452 1449 3667 1504 tamen

2107 1560 2183 1606 ea
2214 1562 2386 1606 mors
2416 1541 2615 1608 defuit
2637 1586 2659 1616 ‚
2691 1562 2879 1625 quam
2912 1560 3103 1605 unam
3131 1582 3152 1615 ‚
3183 1547 3251 1603 ut
3288 1537 3669 1603 dissolvere-

2104 1641 2213 1701 tur
2239 1647 2536 1720 essetque
2583 1658 2723 1703 cum
2784 1637 3033 1701 Christo
3054 1682 3075 1712 ‚
3130 1635 3446 1718 cupiebat.
3506 1642 3671 1709 Quas

2105 1735 2397 1818 egregias
2423 1735 2689 1799 virtutes
2719 1731 3062 1799 ineffabilis
3094 1731 3396 1798 Dominus
3454 1730 3669 1796 multis

2109 1827 2428 1911 insignivit
2461 1829 2820 1895 miraculisz
2852 1830 3027 1893 Unde
3055 1829 3194 1914 jure
3225 1826 3483 1893 .merito
3535 1827 3673 1895 Cle·-

2108 1945 2289 1991 mens
2320 1931 2455 1990 ΧΠ.
2486 1927 2656 1992 felic.
2689 1926 2932 1991 record.
2967 1946 3114 1991 eum
3137 1925 3546 1989 inter-Beatos
3571 1944 3669 1990 re-

2109 2022 2382 2087 censuit.
2413 2029 2711 2105 Superest
2745 2021 2954 2097 modo,
2986 2020 3129 2104 quia
3159 2027 3326 2089 Deus
3357 2020 3496 2105 ejus
3526 2025 3671 2095 Sam

2083 2117 2388 2183 ·ctitatem
2419 2119 2594 2184 novis
2625 2119 3102 2201 innumerisque
3147 2119 3514 2200 comprobat
3559 2117 3674 2180 mi-

2108 2215 2339 2280 raculis
2357 2258 2378 2288 ,
2405 2221 2477 2278 ut
2517 2237 2554 2279 a
2610 2221 3092 2280 SANCTtTATE
3148 2219 3451 2303 vsssmA
3510 2214 3677 2277 inter

2112 2318 2373 2378 Sanctos
2401 2310 2712 2378 referatur
2731 2354 2752 2386 ,
2783 2312 2952 2394 quod
2982 2309 3358 2377 universalis
3386 2311 3671 2376 Ecclesia

2108 2410 2554 2476 ardentissime
2579 2418 2854 2492 exoptat.

2145 2550 2215 2665 Η,
2217 2603 2608 2666 ΙΕΠῡΝῩΜ
2617 2606 2669 2665 tJ
2675 2605 2717 2665 S
2743 2605 2807 2666 S.
2836 2601 3049 2678 Anacli
3073 2607 3139 2662 in
3178 2575 3324 2663 Foro
3362 2602 3630 2662 Piscium

2361 2704 2675 2764 Dianense
2704 2704 3053 2773 cardinalis
3102 2702 3418 2762 Columna.

2238 2897 2275 2957 J
2281 2902 2566 2958 ustorum
2593 2899 2832 2957 animas
2854 2938 2874 2968 ,
2901 2897 3360 2956 BEATISSIME
3392 2897 3670 2958 PATER.

2109 2993 2180 3051 in
2208 3008 2391 3053 manu
2419 2995 2537 3053 Dei
2562 3011 2682 3053 esu
2701 3033 2723 3065 ‚
2754 2990 2806 3055 si
2837 2988 2977 3071 quis
3015 3007 3286 3070 unquam
3349 2989 3629 3069 ostendit
3647 3035 3671 3064 ‚

2112 3086 2177 3150 id
2207 3086 2390 3169 plane
2419 3093 2719 3152 testatum
2751 3087 2934 3151 nobis
2965 3084 3113 3152 facit
3145 3087 3369 3162 beatus
3423 3085 3660 3169 Josepb

2111 3204 2147 3248 a
2177 3184 2512 3259 Leonissn,
2542 3205 2731 3268 quem
2764 3185 2832 3248 in
2861 3183 3019 3268 ipsis
3045 3181 3446 3250 incunabulis
3474 3204 3508 3245 a
3534 3203 3677 3267 pro-

2108 3281 2278 3344 ximo
2305 3280 2524 3345 mortis
2542 3280 2874 3362 periculo,
2905 3300 3026 3345 non
3061 3281 3194 3345 sine
3247 3279 3536 3364 prodigio
3594 3276 3667 3341 li·

2110 3378 2403 3441 beratum
2436 3398 2582 3442 enm
2608 3378 2768 3456 vitae
2817 3396 3070 3442 cursum
3117 3376 3369 3440 inivisse
3427 3375 3671 3460 accepi-

2116 3492 2258 3537 mus
2278 3515 2299 3547 ‚
2330 3472 2435 3555 qui
2470 3481 2639 3538 totus
2671 3492 2796 3537 nou
2826 3479 3083 3537 naturae
3111 3470 3340 3545 fuerit„
3369 3472 3480 3537 sed
3526 3478 3676 3538 dom·

2115 3581 2284 3636 toros
2315 3575 2573 3636 Excelsa·
2597 3595 2615 3632 ε
2648 3577 2817 3637 Haec
2847 3591 2967 3655 ego
3010 3571 3272 3645 dicens,
3320 3587 3440 3633 non
3499 3567 3677 3633 illum

2108 3665 2548 3738 tantummodo
2573 3668 2741 3733 vitae
2779 3667 3119 3734 articulum
3164 3664 3493 3749 intelligo,
3552 3684 3678 3748 qno

2113 3784 2231 3848 per
2258 3765 2535 3832 triduum
2568 3786 2604 3830 a
2625 3763 2923 3830 Barbaria
2938 3764 3249 3838 cruciatus
3277 3762 3536 3827 caelesti
3559 3780 3679 3843 ope

2113 3863 2193 3927 ad
2223 3862 2550 3946 pristinam
2579 3860 2867 3945 corporis
2895 3859 3393 3927 incolumitatem
3449 3878 3676 3942 magno

2111 3960 2398 4045 prodigio
2428 3961 2755 4025 restitutus
2783 3951 2900 4026 est.
2927 3963 3065 4023 Non
3084 4001 3106 4033 ,
3156 3957 3410 4039 inquam
3431 3998 3455 4031 ,
3512 3955 3679 4021 bunc

2113 4056 2513 4124 solummodo
2556 4057 2738 4121 vitae.
2779 4055 3108 4122 articulum
3167 4054 3480 4138 intelligo.
3538 4053 3676 4115 Vita

2113 4153 2311 4237 ipsius
2336 4154 2625 4219 universa
2665 4160 2760 4218 tot
2817 4152 3144 4218 laboribus
3204 4151 3462 4237 fatigata
3517 4149 3637 4214 fuit
3659 4192 3682 4225 ,

2115 4270 2302 4333 supra
2328 4271 2584 4316 omnem
2613 4270 2770 4332 pene
2794 4248 3029 4324 fidem,
3055 4258 3129 4314 ut
3155 4250 3273 4314 nisi
3307 4246 3530 4313 summi
3560 4246 3675 4312 Dei

2114 4347 2511 4414 Providentia
2531 4390 2555 4421 ‚
2585 4348 2692 4431 qui
2720 4353 2794 4409 ia
2817 4352 3377 4426 opportunitatibus
3422 4352 3677 4426 adjutor

2106 4459 2205 4510 est
2226 4490 2248 4520 ,
2278 4445 2572 4510 continuo
2595 4465 2756 4528 pene
2786 4443 3091 4509 miraculo
3147 4442 3530 4526 praesidium
3582 4451 3676 4507 tu-

2115 4542 2302 4612 lisset
2321 4587 2341 4617 ,
2372 4539 2509 4605 fieri
2539 4559 2661 4606 non
2691 4547 3060 4624 poterat5ut
3088 4542 3228 4624 ejus
3254 4539 3422 4604 vitae
3453 4558 3675 4605 cursus

2113 4639 2193 4703 ad
2215 4638 2471 4721 longum
2489 4644 2739 4719 tempus
2766 4636 3254 4719 produceretur:
3278 4636 3431 4697 Adeo
3460 4640 3529 4697 in
3550 4653 3673 4698 om-

2113 4741 2186 4800 m'
2208 4752 2496 4813 pressura
2522 4753 2709 4812 supra
2754 4742 2989 4798 modum
3025 4767 3030 4772 ·
3047 4744 3331 4812 pravatus
3390 4735 3545 4811 fuit,
3605 4738 3677 4796 ut

2113 4828 2450 4912 Apostolus
2477 4824 2779 4911 loquitur,
2815 4842 2875 4892 ot
2895 4847 3094 4907 supra
3121 4835 3410 4890 virtutem
3429 4871 3452 4902 ,
3479 4838 3550 4889 ut
3572 4847 3668 4889 su·

2104 4933 2383 4994 ,azimitas
2414 4932 2660 4990 virtutis
2686 4934 2814 5005 ejvs
2839 4932 3025 5002 plano
3060 4946 3143 4990 cx
3167 4930 3289 4988 Deo
3318 4936 3667 5001 protegente

2119 5035 2309 5097 aaut,
2331 5036 2395 5088 at
2424 5043 2549 5087 con
2578 5043 2662 5086 σω
2692 5030 2847 5099 ipso.
2880 5023 2994 5098 Qui
3024 5022 3191 5088 euim
3223 5019 3362 5086 fieri
3399 5029 3672 5102 poterat,

2106 5129 2186 5194 ,ut
2214 5121 2423 5185 sexies
2443 5163 2464 5194 ,
2498 5120 2754 5200 septies,
2787 5119 3085 5184 undecies
3114 5119 3452 5200 aliquando
3482 5128 3674 5199 atque

2117 5215 2460 5283 duodecies
2489 5217 2758 5281 diversis
2777 5218 2838 5279 in
2861 5216 3022 5282 locis
3036 5216 3369 5280 conciones
3390 5216 3674 5288 baberet,

2116 5336 2242 5379 non
2271 5316 2334 5378 in
2386 5314 2909 5396 persuasibilibus
2967 5313 3272 5378 humanae
3329 5312 3680 5395 Sapientiae

2117 5412 2332 5480 verbis
2352 5455 2375 5486 ‚
2405 5411 2518 5477 sed
2548 5412 2613 5476 in
2642 5410 3008 5477 ostensione
3037 5408 3303 5493 Spiritus
3351 5417 3417 5475 et
3475 5409 3679 5475 virtu·
