<?xml version="1.0" encoding="UTF-8"?>
<!DOCTYPE html PUBLIC "-//W3C//DTD XHTML 1.0 Transitional//EN"
    "http://www.w3.org/TR/xhtml1/DTD/xhtml1-transitional.dtd">
<html xmlns="http://www.w3.org/1999/xhtml" xml:lang="en" lang="en">
 <head>
  <title>
</title>
<meta http-equiv="Content-Type" content="text/html;charset=utf-8" />
  <meta name='ocr-system' content='tesseract 3.04.00' />
  <meta name='ocr-capabilities' content='ocr_page ocr_carea ocr_par ocr_line ocrx_word'/>
</head>
<body>
  <div class='ocr_page' id='page_1' title='image "benedictixivpon00benegoog_0375.png"; bbox 0 0 4442 6300; ppageno 0'>
   <div class='ocr_carea' id='block_1_1' title="bbox 1550 522 2615 594">
    <p class='ocr_par' dir='ltr' id='par_1_1' title="bbox 1550 522 2615 594">
     <span class='ocr_line' id='line_1_1' title="bbox 1550 522 2615 594; baseline -0.003 -14"><span class='ocrx_word' id='word_1_1' title='bbox 1550 524 1897 594; x_wconf 70' lang='lat' dir='ltr'>QqutJt</span> <span class='ocrx_word' id='word_1_2' title='bbox 1939 522 2407 579; x_wconf 68' lang='lat' dir='ltr'>SANCTORUM</span> <span class='ocrx_word' id='word_1_3' title='bbox 2447 526 2615 578; x_wconf 72' lang='lat' dir='ltr'>rte.</span> 
     </span>
    </p>
   </div>
   <div class='ocr_carea' id='block_1_2' title="bbox 3375 524 3521 578">
    <p class='ocr_par' dir='ltr' id='par_1_2' title="bbox 3375 524 3521 578">
     <span class='ocr_line' id='line_1_2' title="bbox 3375 524 3521 578; baseline 0.021 -3"><span class='ocrx_word' id='word_1_4' title='bbox 3375 554 3381 563; x_wconf 92' lang='lat'>·</span> <span class='ocrx_word' id='word_1_5' title='bbox 3413 524 3521 578; x_wconf 71' lang='grc'>308</span> 
     </span>
    </p>
   </div>
   <div class='ocr_carea' id='block_1_3' title="bbox 461 667 3704 852">
    <p class='ocr_par' dir='ltr' id='par_1_3' title="bbox 461 667 3704 852">
     <span class='ocr_line' id='line_1_3' title="bbox 463 667 3702 755; baseline -0.001 -19"><span class='ocrx_word' id='word_1_6' title='bbox 463 680 604 736; x_wconf 71' lang='lat' dir='ltr'>rum</span> <span class='ocrx_word' id='word_1_7' title='bbox 649 668 814 734; x_wconf 86' lang='lat' dir='ltr'>Celsi</span> <span class='ocrx_word' id='word_1_8' title='bbox 855 679 918 735; x_wconf 84' lang='lat' dir='ltr'>et</span> <span class='ocrx_word' id='word_1_9' title='bbox 962 667 1229 744; x_wconf 80' lang='lat' dir='ltr'>Juliani,</span> <span class='ocrx_word' id='word_1_10' title='bbox 1276 669 1469 736; x_wconf 83' lang='lat' dir='ltr'>sancti</span> <span class='ocrx_word' id='word_1_11' title='bbox 1491 670 1715 755; x_wconf 83' lang='lat' dir='ltr'>&#39;Angeli</span> <span class='ocrx_word' id='word_1_12' title='bbox 1757 669 1821 733; x_wconf 84' lang='lat' dir='ltr'>ia</span> <span class='ocrx_word' id='word_1_13' title='bbox 1863 677 2023 735; x_wconf 76' lang='lat' dir='ltr'>Foro</span> <span class='ocrx_word' id='word_1_14' title='bbox 2133 669 2559 752; x_wconf 85' lang='lat' dir='ltr'>pactaminter</span> <span class='ocrx_word' id='word_1_15' title='bbox 2579 687 2646 732; x_wconf 91' lang='lat' dir='ltr'>se</span> <span class='ocrx_word' id='word_1_16' title='bbox 2667 671 2998 752; x_wconf 75' lang='lat' dir='ltr'><strong>quotannis</strong></span> <span class='ocrx_word' id='word_1_17' title='bbox 3017 669 3522 737; x_wconf 88' lang='lat' dir='ltr'>alternationem.</span> <span class='ocrx_word' id='word_1_18' title='bbox 3545 679 3702 735; x_wconf 83' lang='lat' dir='ltr'>Tum</span> 
     </span>
     <span class='ocr_line' id='line_1_4' title="bbox 461 764 3704 852; baseline 0.001 -24"><span class='ocrx_word' id='word_1_19' title='bbox 461 767 727 852; x_wconf 89' lang='lat' dir='ltr'>piscium</span> <span class='ocrx_word' id='word_1_20' title='bbox 749 810 771 841; x_wconf 89' lang='lat'><strong>‚</strong></span> <span class='ocrx_word' id='word_1_21' title='bbox 800 768 993 832; x_wconf 87' lang='lat' dir='ltr'>sancti</span> <span class='ocrx_word' id='word_1_22' title='bbox 1028 764 1379 839; x_wconf 79' lang='lat' dir='ltr'>Eustachii,</span> <span class='ocrx_word' id='word_1_23' title='bbox 1423 772 1672 833; x_wconf 87' lang='lat' dir='ltr'>sanctae</span> <span class='ocrx_word' id='word_1_24' title='bbox 1700 768 1930 832; x_wconf 68' lang='lat' dir='ltr'>Mariae</span> <span class='ocrx_word' id='word_1_25' title='bbox 1958 768 2025 828; x_wconf 87' lang='lat' dir='ltr'>in</span> <span class='ocrx_word' id='word_1_26' title='bbox 2134 767 2300 832; x_wconf 86' lang='lat' dir='ltr'>cleri</span> <span class='ocrx_word' id='word_1_27' title='bbox 2324 811 2344 840; x_wconf 89' lang='lat'>,</span> <span class='ocrx_word' id='word_1_28' title='bbox 2388 775 2452 832; x_wconf 87' lang='lat' dir='ltr'>et</span> <span class='ocrx_word' id='word_1_29' title='bbox 2480 767 2749 851; x_wconf 84' lang='lat' dir='ltr'>collegia</span> <span class='ocrx_word' id='word_1_30' title='bbox 2779 767 2968 830; x_wconf 88' lang='lat' dir='ltr'>trium</span> <span class='ocrx_word' id='word_1_31' title='bbox 2996 769 3502 835; x_wconf 82' lang='lat' dir='ltr'>Patriarchalium</span> <span class='ocrx_word' id='word_1_32' title='bbox 3538 768 3704 832; x_wconf 84' lang='lat' dir='ltr'>Basi-</span> 
     </span>
    </p>
   </div>
   <div class='ocr_carea' id='block_1_4' title="bbox 377 864 2042 5232">
    <p class='ocr_par' dir='ltr' id='par_1_4' title="bbox 377 864 2042 5232">
     <span class='ocr_line' id='line_1_5' title="bbox 469 864 2025 940; baseline 0.001 -12"><span class='ocrx_word' id='word_1_33' title='bbox 469 866 701 930; x_wconf 87' lang='lat' dir='ltr'>vialata</span> <span class='ocrx_word' id='word_1_34' title='bbox 726 910 746 937; x_wconf 87' lang='lat'>,</span> <span class='ocrx_word' id='word_1_35' title='bbox 790 864 985 935; x_wconf 85' lang='lat' dir='ltr'>sancti</span> <span class='ocrx_word' id='word_1_36' title='bbox 1028 864 1267 930; x_wconf 78' lang='lat' dir='ltr'>Nicolai</span> <span class='ocrx_word' id='word_1_37' title='bbox 1296 865 1360 927; x_wconf 88' lang='lat' dir='ltr'>in</span> <span class='ocrx_word' id='word_1_38' title='bbox 1392 869 1654 930; x_wconf 88' lang='lat' dir='ltr'>carcere</span> <span class='ocrx_word' id='word_1_39' title='bbox 1698 864 2025 940; x_wconf 84' lang='lat' dir='ltr'>Tulliano,</span> 
     </span>
     <span class='ocr_line' id='line_1_6' title="bbox 468 962 2025 1048; baseline -0.003 -20"><span class='ocrx_word' id='word_1_40' title='bbox 468 965 667 1029; x_wconf 89' lang='lat' dir='ltr'>sancti</span> <span class='ocrx_word' id='word_1_41' title='bbox 700 963 889 1027; x_wconf 79' lang='lat' dir='ltr'>Marci</span> <span class='ocrx_word' id='word_1_42' title='bbox 914 987 934 1037; x_wconf 68' lang='grc' dir='ltr'>ς</span> <span class='ocrx_word' id='word_1_43' title='bbox 965 969 1028 1026; x_wconf 93' lang='lat' dir='ltr'>et</span> <span class='ocrx_word' id='word_1_44' title='bbox 1058 969 1309 1027; x_wconf 87' lang='lat' dir='ltr'>sanctae</span> <span class='ocrx_word' id='word_1_45' title='bbox 1335 964 1566 1027; x_wconf 74' lang='lat' dir='ltr'>Mariae</span> <span class='ocrx_word' id='word_1_46' title='bbox 1595 962 1671 1028; x_wconf 84' lang='lat' dir='ltr'>ad</span> <span class='ocrx_word' id='word_1_47' title='bbox 1699 968 2025 1048; x_wconf 70' lang='lat' dir='ltr'>Martyres.</span> 
     </span>
     <span class='ocr_line' id='line_1_7' title="bbox 465 1059 2031 1143; baseline -0.002 -18"><span class='ocrx_word' id='word_1_48' title='bbox 465 1067 701 1125; x_wconf 80' lang='lat' dir='ltr'>Horum</span> <span class='ocrx_word' id='word_1_49' title='bbox 734 1069 1092 1143; x_wconf 85' lang='lat' dir='ltr'>postremus</span> <span class='ocrx_word' id='word_1_50' title='bbox 1119 1071 1259 1126; x_wconf 90' lang='lat' dir='ltr'>erat</span> <span class='ocrx_word' id='word_1_51' title='bbox 1298 1059 1462 1124; x_wconf 89' lang='lat' dir='ltr'>Cleri</span> <span class='ocrx_word' id='word_1_52' title='bbox 1493 1060 1888 1124; x_wconf 85' lang='lat' dir='ltr'>camerarius</span> <span class='ocrx_word' id='word_1_53' title='bbox 1932 1080 2031 1124; x_wconf 88' lang='lat' dir='ltr'>su-</span> 
     </span>
     <span class='ocr_line' id='line_1_8' title="bbox 468 1157 2026 1242; baseline -0.002 -21"><span class='ocrx_word' id='word_1_54' title='bbox 468 1157 853 1242; x_wconf 76' lang='lat' dir='ltr'>perpelliceo</span> <span class='ocrx_word' id='word_1_55' title='bbox 903 1179 972 1223; x_wconf 89' lang='lat' dir='ltr'>ac</span> <span class='ocrx_word' id='word_1_56' title='bbox 1020 1157 1402 1223; x_wconf 76' lang='lat' dir='ltr'>sacerdotali</span> <span class='ocrx_word' id='word_1_57' title='bbox 1453 1157 1611 1221; x_wconf 87' lang='lat' dir='ltr'>stola</span> <span class='ocrx_word' id='word_1_58' title='bbox 1657 1158 1989 1222; x_wconf 89' lang='lat' dir='ltr'>redimitus</span> <span class='ocrx_word' id='word_1_59' title='bbox 2010 1203 2026 1218; x_wconf 90' lang='lat'><strong>.</strong></span> 
     </span>
     <span class='ocr_line' id='line_1_9' title="bbox 464 1254 2029 1341; baseline -0.001 -21"><span class='ocrx_word' id='word_1_60' title='bbox 464 1256 759 1321; x_wconf 85' lang='lat' dir='ltr'>canonici</span> <span class='ocrx_word' id='word_1_61' title='bbox 792 1257 1041 1319; x_wconf 87' lang='lat' dir='ltr'>demum</span> <span class='ocrx_word' id='word_1_62' title='bbox 1075 1256 1338 1341; x_wconf 87' lang='lat' dir='ltr'>insignis</span> <span class='ocrx_word' id='word_1_63' title='bbox 1366 1254 1747 1339; x_wconf 81' lang='lat' dir='ltr'>collegiatae</span> <span class='ocrx_word' id='word_1_64' title='bbox 1779 1263 2029 1321; x_wconf 88' lang='lat' dir='ltr'>sanctae</span> 
     </span>
     <span class='ocr_line' id='line_1_10' title="bbox 446 1352 2031 1436; baseline -0.003 -16"><span class='ocrx_word' id='word_1_65' title='bbox 446 1354 706 1420; x_wconf 67' lang='lat' dir='ltr'>”Mariae</span> <span class='ocrx_word' id='word_1_66' title='bbox 738 1355 799 1416; x_wconf 92' lang='lat' dir='ltr'>in</span> <span class='ocrx_word' id='word_1_67' title='bbox 829 1353 1163 1419; x_wconf 83' lang='lat' dir='ltr'>cosmedin</span> <span class='ocrx_word' id='word_1_68' title='bbox 1185 1398 1206 1428; x_wconf 95' lang='lat'>,</span> <span class='ocrx_word' id='word_1_69' title='bbox 1236 1352 1423 1436; x_wconf 77' lang='lat' dir='ltr'>vulgo</span> <span class='ocrx_word' id='word_1_70' title='bbox 1462 1359 1661 1418; x_wconf 81' lang='lat' dir='ltr'>Bocca</span> <span class='ocrx_word' id='word_1_71' title='bbox 1687 1359 1845 1417; x_wconf 76' lang='lat' dir='ltr'>della</span> <span class='ocrx_word' id='word_1_72' title='bbox 1873 1359 2031 1417; x_wconf 64' lang='lat' dir='ltr'>vori-</span> 
     </span>
     <span class='ocr_line' id='line_1_11' title="bbox 446 1449 2032 1533; baseline -0.002 -18"><span class='ocrx_word' id='word_1_73' title='bbox 446 1458 583 1526; x_wconf 77' lang='lat' dir='ltr'>·td;</span> <span class='ocrx_word' id='word_1_74' title='bbox 627 1472 790 1533; x_wconf 87' lang='lat' dir='ltr'>quae</span> <span class='ocrx_word' id='word_1_75' title='bbox 835 1451 910 1513; x_wconf 89' lang='lat' dir='ltr'>ad</span> <span class='ocrx_word' id='word_1_76' title='bbox 957 1451 1120 1512; x_wconf 89' lang='lat' dir='ltr'>bunc</span> <span class='ocrx_word' id='word_1_77' title='bbox 1151 1450 1473 1533; x_wconf 73' lang='lat' dir='ltr'>dignitatis</span> <span class='ocrx_word' id='word_1_78' title='bbox 1516 1449 1774 1532; x_wconf 83' lang='lat' dir='ltr'>gradum</span> <span class='ocrx_word' id='word_1_79' title='bbox 1817 1458 2032 1513; x_wconf 82' lang='lat' dir='ltr'>evecta</span> 
     </span>
     <span class='ocr_line' id='line_1_12' title="bbox 377 1545 2031 1628; baseline -0.004 -15"><span class='ocrx_word' id='word_1_80' title='bbox 377 1593 383 1597; x_wconf 90' lang='lat'><em>-</em></span> <span class='ocrx_word' id='word_1_81' title='bbox 467 1555 566 1613; x_wconf 88' lang='lat' dir='ltr'>est</span> <span class='ocrx_word' id='word_1_82' title='bbox 595 1568 627 1610; x_wconf 86' lang='lat' dir='ltr'>a</span> <span class='ocrx_word' id='word_1_83' title='bbox 662 1568 790 1611; x_wconf 88' lang='lat' dir='ltr'>san.</span> <span class='ocrx_word' id='word_1_84' title='bbox 829 1568 1012 1609; x_wconf 86' lang='lat' dir='ltr'>mem.</span> <span class='ocrx_word' id='word_1_85' title='bbox 1047 1547 1384 1613; x_wconf 86' lang='lat' dir='ltr'>Benedicto</span> <span class='ocrx_word' id='word_1_86' title='bbox 1413 1553 1601 1619; x_wconf 63' lang='lat' dir='ltr'>xlii„</span> <span class='ocrx_word' id='word_1_87' title='bbox 1633 1547 1736 1628; x_wconf 88' lang='lat' dir='ltr'>qui</span> <span class='ocrx_word' id='word_1_88' title='bbox 1771 1545 2031 1609; x_wconf 89' lang='lat' dir='ltr'>canoni·</span> 
     </span>
     <span class='ocr_line' id='line_1_13' title="bbox 451 1643 2032 1729; baseline -0.002 -18"><span class='ocrx_word' id='word_1_89' title='bbox 451 1646 562 1712; x_wconf 82' lang='lat' dir='ltr'>cis</span> <span class='ocrx_word' id='word_1_90' title='bbox 602 1646 885 1729; x_wconf 67' lang='lat' dir='ltr'>ejusdem</span> <span class='ocrx_word' id='word_1_91' title='bbox 915 1650 1115 1727; x_wconf 87' lang='lat' dir='ltr'>Cappa</span> <span class='ocrx_word' id='word_1_92' title='bbox 1163 1664 1380 1727; x_wconf 86' lang='lat' dir='ltr'>magna</span> <span class='ocrx_word' id='word_1_93' title='bbox 1407 1689 1427 1713; x_wconf 81' lang='lat'>‚</span> <span class='ocrx_word' id='word_1_94' title='bbox 1457 1652 1648 1724; x_wconf 88' lang='lat' dir='ltr'>atque</span> <span class='ocrx_word' id='word_1_95' title='bbox 1689 1643 2032 1708; x_wconf 86' lang='lat' dir='ltr'>Roccbetto</span> 
     </span>
     <span class='ocr_line' id='line_1_14' title="bbox 464 1737 2035 1826; baseline -0.003 -20"><span class='ocrx_word' id='word_1_96' title='bbox 464 1742 771 1826; x_wconf 83' lang='lat' dir='ltr'>insignitis</span> <span class='ocrx_word' id='word_1_97' title='bbox 788 1740 1144 1804; x_wconf 68' lang='lat' dir='ltr'>facultatem</span> <span class='ocrx_word' id='word_1_98' title='bbox 1167 1750 1491 1823; x_wconf 86' lang='lat' dir='ltr'>praeterea</span> <span class='ocrx_word' id='word_1_99' title='bbox 1514 1739 1655 1804; x_wconf 87' lang='lat' dir='ltr'>fecit</span> <span class='ocrx_word' id='word_1_100' title='bbox 1683 1737 2035 1822; x_wconf 86' lang='lat' dir='ltr'>praeferen-</span> 
     </span>
     <span class='ocr_line' id='line_1_15' title="bbox 471 1837 2029 1922; baseline -0.003 -19"><span class='ocrx_word' id='word_1_101' title='bbox 471 1840 534 1903; x_wconf 90' lang='lat' dir='ltr'>di</span> <span class='ocrx_word' id='word_1_102' title='bbox 565 1839 899 1922; x_wconf 84' lang='lat' dir='ltr'>Papilionis</span> <span class='ocrx_word' id='word_1_103' title='bbox 923 1882 942 1912; x_wconf 91' lang='lat'><strong>‚</strong></span> <span class='ocrx_word' id='word_1_104' title='bbox 974 1848 1038 1902; x_wconf 91' lang='lat' dir='ltr'>et</span> <span class='ocrx_word' id='word_1_105' title='bbox 1069 1857 1290 1901; x_wconf 88' lang='lat' dir='ltr'>aereae</span> <span class='ocrx_word' id='word_1_106' title='bbox 1322 1837 1629 1902; x_wconf 90' lang='lat' dir='ltr'>manualis</span> <span class='ocrx_word' id='word_1_107' title='bbox 1660 1846 1798 1901; x_wconf 88' lang='lat' dir='ltr'>ante</span> <span class='ocrx_word' id='word_1_108' title='bbox 1832 1838 2029 1918; x_wconf 84' lang='lat' dir='ltr'>ipsum</span> 
     </span>
     <span class='ocr_line' id='line_1_16' title="bbox 472 1934 2030 2020; baseline -0.004 -18"><span class='ocrx_word' id='word_1_109' title='bbox 472 1936 879 2020; x_wconf 74' lang='lat' dir='ltr'>campanulae</span> <span class='ocrx_word' id='word_1_110' title='bbox 910 1935 1403 2018; x_wconf 81' lang='lat' dir='ltr'>&#39;comportandae</span> <span class='ocrx_word' id='word_1_111' title='bbox 1433 1937 1507 1999; x_wconf 90' lang='lat' dir='ltr'>ad</span> <span class='ocrx_word' id='word_1_112' title='bbox 1540 1935 1733 1999; x_wconf 88' lang='lat' dir='ltr'>instar</span> <span class='ocrx_word' id='word_1_113' title='bbox 1772 1934 2030 1997; x_wconf 89' lang='lat' dir='ltr'>aliarum</span> 
     </span>
     <span class='ocr_line' id='line_1_17' title="bbox 468 2033 2028 2119; baseline -0.003 -20"><span class='ocrx_word' id='word_1_114' title='bbox 468 2035 948 2119; x_wconf 69' lang='lat' dir='ltr'>collegiatarum</span> <span class='ocrx_word' id='word_1_115' title='bbox 974 2034 1321 2116; x_wconf 69' lang='lat' dir='ltr'>insignium</span> <span class='ocrx_word' id='word_1_116' title='bbox 1344 2077 1364 2106; x_wconf 89' lang='lat'>,</span> <span class='ocrx_word' id='word_1_117' title='bbox 1394 2040 1457 2097; x_wconf 88' lang='lat' dir='ltr'>et</span> <span class='ocrx_word' id='word_1_118' title='bbox 1484 2033 1889 2097; x_wconf 80' lang='lat' dir='ltr'>Basilicarum</span> <span class='ocrx_word' id='word_1_119' title='bbox 1920 2038 2028 2096; x_wconf 85' lang='lat' dir='ltr'>Ur-</span> 
     </span>
     <span class='ocr_line' id='line_1_18' title="bbox 471 2130 2032 2214; baseline -0.003 -17"><span class='ocrx_word' id='word_1_120' title='bbox 471 2134 569 2197; x_wconf 86' lang='lat' dir='ltr'>bis</span> <span class='ocrx_word' id='word_1_121' title='bbox 590 2176 611 2206; x_wconf 91' lang='lat'>,</span> <span class='ocrx_word' id='word_1_122' title='bbox 650 2131 1074 2214; x_wconf 85' lang='lat' dir='ltr'>Papilionibus</span> <span class='ocrx_word' id='word_1_123' title='bbox 1102 2139 1162 2195; x_wconf 85' lang='lat' dir='ltr'>et</span> <span class='ocrx_word' id='word_1_124' title='bbox 1196 2130 1588 2213; x_wconf 79' lang='lat' dir='ltr'>Campanulis</span> <span class='ocrx_word' id='word_1_125' title='bbox 1621 2132 1925 2194; x_wconf 89' lang='lat' dir='ltr'>utentium</span> <span class='ocrx_word' id='word_1_126' title='bbox 1969 2131 2032 2192; x_wconf 92' lang='lat' dir='ltr'>in</span> 
     </span>
     <span class='ocr_line' id='line_1_19' title="bbox 470 2227 2035 2314; baseline -0.004 -19"><span class='ocrx_word' id='word_1_127' title='bbox 470 2231 712 2314; x_wconf 84' lang='lat' dir='ltr'>signum</span> <span class='ocrx_word' id='word_1_128' title='bbox 743 2228 1161 2294; x_wconf 78' lang='lat' dir='ltr'>Matricitatis:</span> <span class='ocrx_word' id='word_1_129' title='bbox 1190 2227 1288 2314; x_wconf 87' lang='lat' dir='ltr'>(a)</span> <span class='ocrx_word' id='word_1_130' title='bbox 1314 2228 1692 2291; x_wconf 85' lang='lat' dir='ltr'>Substitutae</span> <span class='ocrx_word' id='word_1_131' title='bbox 1721 2248 1834 2293; x_wconf 78' lang='lat' dir='ltr'>eae</span> <span class='ocrx_word' id='word_1_132' title='bbox 1865 2230 2035 2311; x_wconf 89' lang='lat' dir='ltr'>quip-</span> 
     </span>
     <span class='ocr_line' id='line_1_20' title="bbox 472 2325 2036 2411; baseline -0.003 -20"><span class='ocrx_word' id='word_1_133' title='bbox 472 2348 551 2411; x_wconf 90' lang='lat' dir='ltr'>pe</span> <span class='ocrx_word' id='word_1_134' title='bbox 581 2327 918 2393; x_wconf 84' lang='lat' dir='ltr'>sunt.tubis</span> <span class='ocrx_word' id='word_1_135' title='bbox 937 2326 1065 2390; x_wconf 87' lang='lat' dir='ltr'>illis</span> <span class='ocrx_word' id='word_1_136' title='bbox 1096 2325 1403 2410; x_wconf 76' lang='lat' dir='ltr'>argenteis</span> <span class='ocrx_word' id='word_1_137' title='bbox 1426 2327 1659 2391; x_wconf 83' lang='lat' dir='ltr'>veteris</span> <span class='ocrx_word' id='word_1_138' title='bbox 1677 2334 2036 2389; x_wconf 85' lang='lat' dir='ltr'>Testamen-</span> 
     </span>
     <span class='ocr_line' id='line_1_21' title="bbox 476 2423 2035 2512; baseline -0.001 -25"><span class='ocrx_word' id='word_1_139' title='bbox 476 2425 565 2512; x_wconf 70' lang='lat' dir='ltr'>ti,</span> <span class='ocrx_word' id='word_1_140' title='bbox 596 2444 754 2507; x_wconf 89' lang='lat' dir='ltr'>quae</span> <span class='ocrx_word' id='word_1_141' title='bbox 798 2424 1255 2487; x_wconf 87' lang='lat' dir='ltr'>adhibebantur</span> <span class='ocrx_word' id='word_1_142' title='bbox 1280 2423 1358 2486; x_wconf 83' lang='lat' dir='ltr'>ad</span> <span class='ocrx_word' id='word_1_143' title='bbox 1384 2423 1879 2507; x_wconf 83' lang='lat' dir='ltr'>congregandum</span> <span class='ocrx_word' id='word_1_144' title='bbox 1923 2430 2035 2486; x_wconf 90' lang='lat' dir='ltr'>Po-</span> 
     </span>
     <span class='ocr_line' id='line_1_22' title="bbox 474 2519 2038 2604; baseline -0.001 -19"><span class='ocrx_word' id='word_1_145' title='bbox 474 2521 714 2604; x_wconf 83' lang='lat' dir='ltr'>pulum,</span> <span class='ocrx_word' id='word_1_146' title='bbox 743 2521 1139 2603; x_wconf 85' lang='lat' dir='ltr'>dandumque</span> <span class='ocrx_word' id='word_1_147' title='bbox 1174 2519 1582 2603; x_wconf 86' lang='lat' dir='ltr'>profectionis</span> <span class='ocrx_word' id='word_1_148' title='bbox 1603 2522 1869 2604; x_wconf 83' lang='lat' dir='ltr'>signum,</span> <span class='ocrx_word' id='word_1_149' title='bbox 1894 2542 2038 2602; x_wconf 87' lang='lat' dir='ltr'>quo-</span> 
     </span>
     <span class='ocr_line' id='line_1_23' title="bbox 476 2612 2039 2700; baseline -0.002 -18"><span class='ocrx_word' id='word_1_150' title='bbox 476 2620 597 2682; x_wconf 89' lang='lat' dir='ltr'>ties</span> <span class='ocrx_word' id='word_1_151' title='bbox 626 2625 826 2683; x_wconf 86' lang='lat' dir='ltr'>castra</span> <span class='ocrx_word' id='word_1_152' title='bbox 859 2612 1158 2682; x_wconf 76' lang='lat' dir='ltr'>movenda</span> <span class='ocrx_word' id='word_1_153' title='bbox 1179 2630 1415 2683; x_wconf 88' lang='lat' dir='ltr'>essent.</span> <span class='ocrx_word' id='word_1_154' title='bbox 1443 2624 1571 2683; x_wconf 83' lang='lat' dir='ltr'>Nec</span> <span class='ocrx_word' id='word_1_155' title='bbox 1601 2619 1877 2699; x_wconf 84' lang='lat' dir='ltr'>absimili</span> <span class='ocrx_word' id='word_1_156' title='bbox 1905 2618 2039 2700; x_wconf 90' lang='lat' dir='ltr'>qui·</span> 
     </span>
     <span class='ocr_line' id='line_1_24' title="bbox 476 2716 2036 2799; baseline -0.002 -18"><span class='ocrx_word' id='word_1_157' title='bbox 476 2717 621 2781; x_wconf 90' lang='lat' dir='ltr'>dem</span> <span class='ocrx_word' id='word_1_158' title='bbox 682 2716 886 2780; x_wconf 86' lang='lat' dir='ltr'>forma</span> <span class='ocrx_word' id='word_1_159' title='bbox 945 2722 1198 2780; x_wconf 87' lang='lat' dir='ltr'>nostrae</span> <span class='ocrx_word' id='word_1_160' title='bbox 1255 2716 1670 2799; x_wconf 80' lang='lat' dir='ltr'>campanulae</span> <span class='ocrx_word' id='word_1_161' title='bbox 1738 2717 2036 2780; x_wconf 81' lang='lat' dir='ltr'>conflatae</span> 
     </span>
     <span class='ocr_line' id='line_1_25' title="bbox 448 2812 2039 2887; baseline -0.003 -8"><span class='ocrx_word' id='word_1_162' title='bbox 448 2822 654 2887; x_wconf 59' lang='lat' dir='ltr'>sunt,</span> <span class='ocrx_word' id='word_1_163' title='bbox 697 2815 748 2878; x_wconf 92' lang='lat' dir='ltr'>si</span> <span class='ocrx_word' id='word_1_164' title='bbox 791 2814 1148 2877; x_wconf 89' lang='lat' dir='ltr'>attendatur</span> <span class='ocrx_word' id='word_1_165' title='bbox 1184 2812 1428 2877; x_wconf 88' lang='lat' dir='ltr'>illarum</span> <span class='ocrx_word' id='word_1_166' title='bbox 1474 2815 1763 2877; x_wconf 88' lang='lat' dir='ltr'>tubarum</span> <span class='ocrx_word' id='word_1_167' title='bbox 1807 2812 2039 2877; x_wconf 84' lang='lat' dir='ltr'>descri-</span> 
     </span>
     <span class='ocr_line' id='line_1_26' title="bbox 473 2910 2036 2996; baseline -0.001 -22"><span class='ocrx_word' id='word_1_168' title='bbox 473 2913 608 2996; x_wconf 91' lang='lat' dir='ltr'>ptio</span> <span class='ocrx_word' id='word_1_169' title='bbox 658 2912 819 2996; x_wconf 89' lang='lat' dir='ltr'>apud</span> <span class='ocrx_word' id='word_1_170' title='bbox 872 2911 1212 2992; x_wconf 84' lang='lat' dir='ltr'>Josephum</span> <span class='ocrx_word' id='word_1_171' title='bbox 1257 2910 1422 2975; x_wconf 89' lang='lat' dir='ltr'>libro</span> <span class='ocrx_word' id='word_1_172' title='bbox 1468 2918 1526 2977; x_wconf 79' lang='lat'>3.</span> <span class='ocrx_word' id='word_1_173' title='bbox 1580 2910 2036 2992; x_wconf 80' lang='lat' dir='ltr'>Antiquitatum</span> 
     </span>
     <span class='ocr_line' id='line_1_27' title="bbox 474 3002 2037 3092; baseline 0.001 -21"><span class='ocrx_word' id='word_1_174' title='bbox 474 3031 607 3092; x_wconf 87' lang='lat' dir='ltr'>cap.</span> <span class='ocrx_word' id='word_1_175' title='bbox 642 3016 741 3074; x_wconf 82' lang='lat'>11.</span> <span class='ocrx_word' id='word_1_176' title='bbox 769 3036 785 3073; x_wconf 70' lang='grc' dir='ltr'><strong>ε</strong></span> <span class='ocrx_word' id='word_1_177' title='bbox 813 3002 1150 3074; x_wconf 86' lang='lat' dir='ltr'>Pulsau&#39;tur</span> <span class='ocrx_word' id='word_1_178' title='bbox 1178 3016 1387 3072; x_wconf 86' lang='lat' dir='ltr'>autem</span> <span class='ocrx_word' id='word_1_179' title='bbox 1416 3008 1493 3071; x_wconf 75' lang='lat' dir='ltr'>in,</span> <span class='ocrx_word' id='word_1_180' title='bbox 1511 3008 2037 3083; x_wconf 86' lang='lat' dir='ltr'>Processionibus,</span> 
     </span>
     <span class='ocr_line' id='line_1_28' title="bbox 473 3106 2041 3173; baseline 0.001 -4"><span class='ocrx_word' id='word_1_181' title='bbox 473 3119 541 3171; x_wconf 90' lang='lat' dir='ltr'>ut</span> <span class='ocrx_word' id='word_1_182' title='bbox 576 3126 729 3173; x_wconf 90' lang='lat' dir='ltr'>sono</span> <span class='ocrx_word' id='word_1_183' title='bbox 745 3109 917 3173; x_wconf 85' lang='lat' dir='ltr'>vocis</span> <span class='ocrx_word' id='word_1_184' title='bbox 948 3126 1096 3171; x_wconf 87' lang='lat' dir='ltr'>suae</span> <span class='ocrx_word' id='word_1_185' title='bbox 1119 3107 1194 3170; x_wconf 89' lang='lat' dir='ltr'>ad</span> <span class='ocrx_word' id='word_1_186' title='bbox 1217 3106 1422 3171; x_wconf 83' lang='lat' dir='ltr'>Fidem</span> <span class='ocrx_word' id='word_1_187' title='bbox 1445 3111 1507 3170; x_wconf 90' lang='lat' dir='ltr'>et</span> <span class='ocrx_word' id='word_1_188' title='bbox 1538 3106 1859 3171; x_wconf 85' lang='lat' dir='ltr'>Ecclesiae</span> <span class='ocrx_word' id='word_1_189' title='bbox 1881 3113 2041 3173; x_wconf 89' lang='lat' dir='ltr'>con-</span> 
     </span>
     <span class='ocr_line' id='line_1_29' title="bbox 475 3203 2031 3290; baseline 0.001 -23"><span class='ocrx_word' id='word_1_190' title='bbox 475 3206 899 3290; x_wconf 83' lang='lat' dir='ltr'>gregationem</span> <span class='ocrx_word' id='word_1_191' title='bbox 947 3203 1265 3286; x_wconf 86' lang='lat' dir='ltr'>quoslibet</span> <span class='ocrx_word' id='word_1_192' title='bbox 1311 3204 1528 3268; x_wconf 82' lang='lat' dir='ltr'>obvios</span> <span class='ocrx_word' id='word_1_193' title='bbox 1555 3213 1821 3278; x_wconf 83' lang='lat' dir='ltr'>vocent,</span> <span class='ocrx_word' id='word_1_194' title='bbox 1863 3212 1928 3269; x_wconf 89' lang='lat' dir='ltr'>et</span> <span class='ocrx_word' id='word_1_195' title='bbox 1954 3205 2031 3268; x_wconf 87' lang='lat' dir='ltr'>ad</span> 
     </span>
     <span class='ocr_line' id='line_1_30' title="bbox 474 3299 2038 3383; baseline -0.001 -17"><span class='ocrx_word' id='word_1_196' title='bbox 474 3303 949 3383; x_wconf 86' lang='lat' dir='ltr'>supplicandum</span> <span class='ocrx_word' id='word_1_197' title='bbox 983 3302 1165 3366; x_wconf 89' lang='lat' dir='ltr'>simul</span> <span class='ocrx_word' id='word_1_198' title='bbox 1198 3321 1334 3366; x_wconf 90' lang='lat' dir='ltr'>cum</span> <span class='ocrx_word' id='word_1_199' title='bbox 1366 3299 1517 3366; x_wconf 79' lang='lat' dir='ltr'>aliis&#39;</span> <span class='ocrx_word' id='word_1_200' title='bbox 1538 3302 1838 3366; x_wconf 84' lang='lat' dir='ltr'>invitent:</span> <span class='ocrx_word' id='word_1_201' title='bbox 1872 3303 2038 3364; x_wconf 81' lang='lat' dir='ltr'>Anti-</span> 
     </span>
     <span class='ocr_line' id='line_1_31' title="bbox 477 3397 2034 3480; baseline 0.003 -21"><span class='ocrx_word' id='word_1_202' title='bbox 477 3399 780 3480; x_wconf 81' lang='lat' dir='ltr'>quitatcm</span> <span class='ocrx_word' id='word_1_203' title='bbox 815 3399 975 3462; x_wconf 90' lang='lat' dir='ltr'>ritus</span> <span class='ocrx_word' id='word_1_204' title='bbox 1004 3397 1284 3462; x_wconf 84' lang='lat' dir='ltr'>seculum</span> <span class='ocrx_word' id='word_1_205' title='bbox 1317 3408 1599 3464; x_wconf 85' lang='lat' dir='ltr'>octavum</span> <span class='ocrx_word' id='word_1_206' title='bbox 1632 3399 2034 3464; x_wconf 86' lang='lat' dir='ltr'>demonstrat.</span> 
     </span>
     <span class='ocr_line' id='line_1_32' title="bbox 477 3494 2040 3577; baseline 0.001 -18"><span class='ocrx_word' id='word_1_207' title='bbox 477 3502 543 3559; x_wconf 89' lang='lat' dir='ltr'>ln</span> <span class='ocrx_word' id='word_1_208' title='bbox 576 3495 849 3560; x_wconf 84' lang='lat' dir='ltr'>secundo</span> <span class='ocrx_word' id='word_1_209' title='bbox 893 3494 1168 3561; x_wconf 88' lang='lat' dir='ltr'>Concilio</span> <span class='ocrx_word' id='word_1_210' title='bbox 1196 3498 1466 3560; x_wconf 87' lang='lat' dir='ltr'>Nicaeno</span> <span class='ocrx_word' id='word_1_211' title='bbox 1487 3540 1507 3569; x_wconf 87' lang='lat'>,</span> <span class='ocrx_word' id='word_1_212' title='bbox 1558 3497 1722 3577; x_wconf 89' lang='lat' dir='ltr'>quod</span> <span class='ocrx_word' id='word_1_213' title='bbox 1755 3516 1914 3560; x_wconf 91' lang='lat' dir='ltr'>anno</span> <span class='ocrx_word' id='word_1_214' title='bbox 1947 3516 2040 3560; x_wconf 87' lang='lat' dir='ltr'>se-</span> 
     </span>
     <span class='ocr_line' id='line_1_33' title="bbox 474 3592 2040 3677; baseline 0.003 -23"><span class='ocrx_word' id='word_1_215' title='bbox 474 3592 954 3677; x_wconf 84' lang='lat' dir='ltr'>ptingentesimo</span> <span class='ocrx_word' id='word_1_216' title='bbox 1005 3593 1390 3677; x_wconf 79' lang='lat' dir='ltr'>octogesimo</span> <span class='ocrx_word' id='word_1_217' title='bbox 1439 3593 1705 3674; x_wconf 87' lang='lat' dir='ltr'>septimo</span> <span class='ocrx_word' id='word_1_218' title='bbox 1762 3593 2040 3658; x_wconf 85' lang='lat' dir='ltr'>celebra-</span> 
     </span>
     <span class='ocr_line' id='line_1_34' title="bbox 476 3688 2042 3773; baseline 0.001 -19"><span class='ocrx_word' id='word_1_219' title='bbox 476 3698 607 3754; x_wconf 88' lang='lat' dir='ltr'>tum</span> <span class='ocrx_word' id='word_1_220' title='bbox 643 3698 739 3753; x_wconf 87' lang='lat' dir='ltr'>est</span> <span class='ocrx_word' id='word_1_221' title='bbox 762 3737 782 3765; x_wconf 88' lang='lat'>.,</span> <span class='ocrx_word' id='word_1_222' title='bbox 813 3688 920 3753; x_wconf 92' lang='lat' dir='ltr'>ubi</span> <span class='ocrx_word' id='word_1_223' title='bbox 951 3690 1156 3773; x_wconf 85' lang='lat' dir='ltr'>agitur</span> <span class='ocrx_word' id='word_1_224' title='bbox 1182 3689 1260 3754; x_wconf 91' lang='lat' dir='ltr'>de</span> <span class='ocrx_word' id='word_1_225' title='bbox 1290 3690 1522 3755; x_wconf 76' lang='lat' dir='ltr'>celebri</span> <span class='ocrx_word' id='word_1_226' title='bbox 1552 3692 1662 3755; x_wconf 89' lang='lat' dir='ltr'>illa</span> <span class='ocrx_word' id='word_1_227' title='bbox 1694 3692 2042 3756; x_wconf 90' lang='lat' dir='ltr'>translatio-</span> 
     </span>
     <span class='ocr_line' id='line_1_35' title="bbox 473 3785 2040 3873; baseline 0.003 -24"><span class='ocrx_word' id='word_1_228' title='bbox 473 3805 553 3851; x_wconf 88' lang='lat' dir='ltr'>ne</span> <span class='ocrx_word' id='word_1_229' title='bbox 584 3785 987 3869; x_wconf 87' lang='lat' dir='ltr'>reliquiarum</span> <span class='ocrx_word' id='word_1_230' title='bbox 1023 3788 1217 3851; x_wconf 87' lang='lat' dir='ltr'>sancti</span> <span class='ocrx_word' id='word_1_231' title='bbox 1243 3788 1545 3852; x_wconf 85' lang='lat' dir='ltr'>Anastasii</span> <span class='ocrx_word' id='word_1_232' title='bbox 1577 3790 1883 3873; x_wconf 76' lang='lat' dir='ltr'>Martyris,</span> <span class='ocrx_word' id='word_1_233' title='bbox 1912 3811 2040 3853; x_wconf 87' lang='lat' dir='ltr'>me-</span> 
     </span>
     <span class='ocr_line' id='line_1_36' title="bbox 476 3881 2038 3966; baseline 0.004 -22"><span class='ocrx_word' id='word_1_234' title='bbox 476 3893 754 3946; x_wconf 89' lang='lat' dir='ltr'>moratur</span> <span class='ocrx_word' id='word_1_235' title='bbox 785 3882 956 3966; x_wconf 84' lang='lat' dir='ltr'>signa</span> <span class='ocrx_word' id='word_1_236' title='bbox 991 3881 1182 3946; x_wconf 85' lang='lat' dir='ltr'>fuisse</span> <span class='ocrx_word' id='word_1_237' title='bbox 1225 3882 1468 3965; x_wconf 88' lang='lat' dir='ltr'>pulsata</span> <span class='ocrx_word' id='word_1_238' title='bbox 1498 3904 1618 3947; x_wconf 86' lang='lat' dir='ltr'>nou</span> <span class='ocrx_word' id='word_1_239' title='bbox 1662 3905 1882 3959; x_wconf 87' lang='lat' dir='ltr'>aerea,</span> <span class='ocrx_word' id='word_1_240' title='bbox 1927 3887 2038 3950; x_wconf 88' lang='lat' dir='ltr'>sed</span> 
     </span>
     <span class='ocr_line' id='line_1_37' title="bbox 460 3977 2040 4062; baseline 0.003 -22"><span class='ocrx_word' id='word_1_241' title='bbox 460 3977 722 4062; x_wconf 86' lang='lat' dir='ltr'>·lignea,</span> <span class='ocrx_word' id='word_1_242' title='bbox 767 3998 926 4060; x_wconf 89' lang='lat' dir='ltr'>quae</span> <span class='ocrx_word' id='word_1_243' title='bbox 970 3979 1204 4043; x_wconf 91' lang='lat' dir='ltr'>idcirco</span> <span class='ocrx_word' id='word_1_244' title='bbox 1247 3979 1645 4062; x_wconf 82' lang='lat' dir='ltr'>appellantur</span> <span class='ocrx_word' id='word_1_245' title='bbox 1676 3981 1802 4043; x_wconf 80' lang='lat' dir='ltr'>ibi:</span> <span class='ocrx_word' id='word_1_246' title='bbox 1847 3985 2040 4060; x_wconf 62' lang='lat' dir='ltr'>Ligna</span> 
     </span>
     <span class='ocr_line' id='line_1_38' title="bbox 482 4075 2034 4159; baseline 0.003 -22"><span class='ocrx_word' id='word_1_247' title='bbox 482 4093 655 4137; x_wconf 79' lang='lat' dir='ltr'>sacra</span> <span class='ocrx_word' id='word_1_248' title='bbox 675 4101 692 4136; x_wconf 75' lang='lat' dir='ltr'><strong><em>z</em></strong></span> <span class='ocrx_word' id='word_1_249' title='bbox 724 4075 1082 4158; x_wconf 81' lang='lat' dir='ltr'>cnjusmodi</span> <span class='ocrx_word' id='word_1_250' title='bbox 1118 4083 1261 4141; x_wconf 90' lang='lat' dir='ltr'>sunt</span> <span class='ocrx_word' id='word_1_251' title='bbox 1290 4096 1404 4148; x_wconf 87' lang='lat' dir='ltr'>ea,</span> <span class='ocrx_word' id='word_1_252' title='bbox 1436 4078 1664 4159; x_wconf 89' lang='lat' dir='ltr'>quibus</span> <span class='ocrx_word' id='word_1_253' title='bbox 1695 4080 2034 4142; x_wconf 89' lang='lat' dir='ltr'>etiamnum</span> 
     </span>
     <span class='ocr_line' id='line_1_39' title="bbox 476 4172 2038 4258; baseline 0.004 -25"><span class='ocrx_word' id='word_1_254' title='bbox 476 4172 713 4235; x_wconf 89' lang='lat' dir='ltr'>utimur</span> <span class='ocrx_word' id='word_1_255' title='bbox 738 4173 800 4235; x_wconf 94' lang='lat' dir='ltr'>in</span> <span class='ocrx_word' id='word_1_256' title='bbox 831 4173 1052 4238; x_wconf 89' lang='lat' dir='ltr'>diebus</span> <span class='ocrx_word' id='word_1_257' title='bbox 1085 4175 1554 4249; x_wconf 79' lang='lat' dir='ltr'>Tenebrarum3</span> <span class='ocrx_word' id='word_1_258' title='bbox 1584 4185 1647 4238; x_wconf 89' lang='lat' dir='ltr'>et</span> <span class='ocrx_word' id='word_1_259' title='bbox 1680 4196 2038 4258; x_wconf 85' lang='lat' dir='ltr'>persevera-</span> 
     </span>
     <span class='ocr_line' id='line_1_40' title="bbox 478 4272 2034 4345; baseline 0.001 -11"><span class='ocrx_word' id='word_1_260' title='bbox 478 4291 546 4334; x_wconf 83' lang='lat' dir='ltr'>re</span> <span class='ocrx_word' id='word_1_261' title='bbox 593 4291 743 4335; x_wconf 89' lang='lat' dir='ltr'>usus</span> <span class='ocrx_word' id='word_1_262' title='bbox 785 4292 1003 4335; x_wconf 88' lang='lat' dir='ltr'>eorum</span> <span class='ocrx_word' id='word_1_263' title='bbox 1051 4272 1281 4336; x_wconf 88' lang='lat' dir='ltr'>dicitur</span> <span class='ocrx_word' id='word_1_264' title='bbox 1322 4273 1385 4335; x_wconf 88' lang='lat' dir='ltr'>in</span> <span class='ocrx_word' id='word_1_265' title='bbox 1434 4272 1714 4337; x_wconf 83' lang='lat' dir='ltr'>Ecclesia</span> <span class='ocrx_word' id='word_1_266' title='bbox 1759 4279 2034 4345; x_wconf 86' lang='lat' dir='ltr'>Graeca,</span> 
     </span>
     <span class='ocr_line' id='line_1_41' title="bbox 478 4367 2035 4451; baseline -0.001 -20"><span class='ocrx_word' id='word_1_267' title='bbox 478 4374 666 4432; x_wconf 84' lang='lat' dir='ltr'>Teste</span> <span class='ocrx_word' id='word_1_268' title='bbox 707 4367 1064 4442; x_wconf 78' lang='lat' dir='ltr'>Amalario,</span> <span class='ocrx_word' id='word_1_269' title='bbox 1110 4369 1215 4451; x_wconf 90' lang='lat' dir='ltr'>qui</span> <span class='ocrx_word' id='word_1_270' title='bbox 1250 4369 1412 4433; x_wconf 91' lang='lat' dir='ltr'>libro</span> <span class='ocrx_word' id='word_1_271' title='bbox 1456 4373 1517 4431; x_wconf 72' lang='lat'>4.</span> <span class='ocrx_word' id='word_1_272' title='bbox 1549 4370 1627 4434; x_wconf 90' lang='lat' dir='ltr'>de</span> <span class='ocrx_word' id='word_1_273' title='bbox 1675 4369 2035 4435; x_wconf 83' lang='lat' dir='ltr'>Ecclesiast.</span> 
     </span>
     <span class='ocr_line' id='line_1_42' title="bbox 478 4466 2038 4547; baseline -0.001 -18"><span class='ocrx_word' id='word_1_274' title='bbox 478 4466 582 4529; x_wconf 77' lang='lat' dir='ltr'>off.</span> <span class='ocrx_word' id='word_1_275' title='bbox 616 4486 749 4547; x_wconf 89' lang='lat' dir='ltr'>cap.</span> <span class='ocrx_word' id='word_1_276' title='bbox 783 4471 886 4528; x_wconf 76' lang='lat'>21.</span> <span class='ocrx_word' id='word_1_277' title='bbox 918 4466 1042 4530; x_wconf 83' lang='lat' dir='ltr'>ait:</span> <span class='ocrx_word' id='word_1_278' title='bbox 1073 4468 1273 4529; x_wconf 76' lang='lat' dir='ltr'>Adhuc</span> <span class='ocrx_word' id='word_1_279' title='bbox 1288 4474 1502 4545; x_wconf 75' lang='lat' dir='ltr'>junior</span> <span class='ocrx_word' id='word_1_280' title='bbox 1533 4473 1752 4542; x_wconf 82' lang='lat' dir='ltr'>Roma,</span> <span class='ocrx_word' id='word_1_281' title='bbox 1782 4487 1904 4546; x_wconf 81' lang='lat' dir='ltr'>qua</span> <span class='ocrx_word' id='word_1_282' title='bbox 1930 4487 2038 4530; x_wconf 83' lang='lat' dir='ltr'>an-</span> 
     </span>
     <span class='ocr_line' id='line_1_43' title="bbox 477 4567 2039 4642; baseline 0.003 -18"><span class='ocrx_word' id='word_1_283' title='bbox 477 4567 660 4639; x_wconf 77' lang='lat' dir='ltr'>tiquis</span> <span class='ocrx_word' id='word_1_284' title='bbox 687 4570 1050 4640; x_wconf 77' lang='lat' dir='ltr'>temporibus</span> <span class='ocrx_word' id='word_1_285' title='bbox 1064 4571 1172 4625; x_wconf 81' lang='lat' dir='ltr'>sub</span> <span class='ocrx_word' id='word_1_286' title='bbox 1204 4584 1323 4626; x_wconf 78' lang='lat' dir='ltr'>uno</span> <span class='ocrx_word' id='word_1_287' title='bbox 1353 4571 1592 4628; x_wconf 78' lang='lat' dir='ltr'>domino</span> <span class='ocrx_word' id='word_1_288' title='bbox 1618 4584 1754 4627; x_wconf 76' lang='lat' dir='ltr'>cum</span> <span class='ocrx_word' id='word_1_289' title='bbox 1786 4571 2039 4642; x_wconf 77' lang='lat' dir='ltr'>antiqua</span> 
     </span>
     <span class='ocr_line' id='line_1_44' title="bbox 480 4665 2042 4739; baseline 0.001 -17"><span class='ocrx_word' id='word_1_290' title='bbox 480 4665 671 4722; x_wconf 82' lang='lat' dir='ltr'>Roma</span> <span class='ocrx_word' id='word_1_291' title='bbox 718 4667 1074 4738; x_wconf 64' lang='lat' dir='ltr'>regebatur,</span> <span class='ocrx_word' id='word_1_292' title='bbox 1118 4681 1295 4724; x_wconf 80' lang='lat' dir='ltr'>usum</span> <span class='ocrx_word' id='word_1_293' title='bbox 1338 4668 1633 4739; x_wconf 70' lang='lat' dir='ltr'>liquorum</span> <span class='ocrx_word' id='word_1_294' title='bbox 1676 4674 1872 4735; x_wconf 73' lang='lat' dir='ltr'>tenet,</span> <span class='ocrx_word' id='word_1_295' title='bbox 1918 4682 2042 4724; x_wconf 79' lang='lat' dir='ltr'>non</span> 
     </span>
     <span class='ocr_line' id='line_1_45' title="bbox 458 4766 2039 4837; baseline 0.003 -18"><span class='ocrx_word' id='word_1_296' title='bbox 458 4767 728 4836; x_wconf 71' lang='lat' dir='ltr'>‘propter</span> <span class='ocrx_word' id='word_1_297' title='bbox 765 4766 922 4821; x_wconf 79' lang='lat' dir='ltr'>aeris</span> <span class='ocrx_word' id='word_1_298' title='bbox 947 4766 1307 4835; x_wconf 75' lang='lat' dir='ltr'>penuriam,</span> <span class='ocrx_word' id='word_1_299' title='bbox 1349 4768 1452 4823; x_wconf 79' lang='lat' dir='ltr'>sed</span> <span class='ocrx_word' id='word_1_300' title='bbox 1472 4773 1735 4837; x_wconf 74' lang='lat' dir='ltr'>proptor</span> <span class='ocrx_word' id='word_1_301' title='bbox 1770 4773 2039 4824; x_wconf 75' lang='lat' dir='ltr'>vetusta-</span> 
     </span>
     <span class='ocr_line' id='line_1_46' title="bbox 476 4854 2039 4939; baseline 0.001 -22"><span class='ocrx_word' id='word_1_302' title='bbox 476 4867 618 4917; x_wconf 77' lang='lat' dir='ltr'>tem.</span> <span class='ocrx_word' id='word_1_303' title='bbox 641 4860 716 4916; x_wconf 78' lang='lat' dir='ltr'>At</span> <span class='ocrx_word' id='word_1_304' title='bbox 741 4855 981 4918; x_wconf 87' lang='lat' dir='ltr'>reditus</span> <span class='ocrx_word' id='word_1_305' title='bbox 998 4854 1102 4919; x_wconf 79' lang='lat' dir='ltr'>liat</span> <span class='ocrx_word' id='word_1_306' title='bbox 1121 4856 1195 4919; x_wconf 89' lang='lat' dir='ltr'>ad</span> <span class='ocrx_word' id='word_1_307' title='bbox 1219 4856 1698 4939; x_wconf 83' lang='lat' dir='ltr'>supplicationis</span> <span class='ocrx_word' id='word_1_308' title='bbox 1719 4856 2039 4920; x_wconf 88' lang='lat' dir='ltr'>Ordinem.</span> 
     </span>
     <span class='ocr_line' id='line_1_47' title="bbox 470 4951 2037 5034; baseline -0.001 -19"><span class='ocrx_word' id='word_1_309' title='bbox 470 4957 619 5015; x_wconf 83' lang='lat' dir='ltr'>Post</span> <span class='ocrx_word' id='word_1_310' title='bbox 667 4951 973 5034; x_wconf 80' lang='lat' dir='ltr'>insignem</span> <span class='ocrx_word' id='word_1_311' title='bbox 1026 4960 1275 5016; x_wconf 86' lang='lat' dir='ltr'>sanctae</span> <span class='ocrx_word' id='word_1_312' title='bbox 1319 4953 1548 5016; x_wconf 85' lang='lat' dir='ltr'>Mariae</span> <span class='ocrx_word' id='word_1_313' title='bbox 1601 4953 1665 5013; x_wconf 92' lang='lat' dir='ltr'>in</span> <span class='ocrx_word' id='word_1_314' title='bbox 1709 4951 2037 5017; x_wconf 87' lang='lat' dir='ltr'>cosmedin</span> 
     </span>
     <span class='ocr_line' id='line_1_48' title="bbox 475 5047 2039 5131; baseline 0.001 -20"><span class='ocrx_word' id='word_1_315' title='bbox 475 5047 907 5131; x_wconf 85' lang='lat' dir='ltr'>Collegiatam,</span> <span class='ocrx_word' id='word_1_316' title='bbox 935 5048 1096 5110; x_wconf 88' lang='lat' dir='ltr'>aliae</span> <span class='ocrx_word' id='word_1_317' title='bbox 1122 5049 1503 5131; x_wconf 84' lang='lat' dir='ltr'>antiquiores</span> <span class='ocrx_word' id='word_1_318' title='bbox 1526 5048 1681 5112; x_wconf 85' lang='lat' dir='ltr'>duae</span> <span class='ocrx_word' id='word_1_319' title='bbox 1701 5049 2039 5130; x_wconf 86' lang='lat' dir='ltr'>subseque-</span> 
     </span>
     <span class='ocr_line' id='line_1_49' title="bbox 480 5146 2040 5232; baseline 0 -24"><span class='ocrx_word' id='word_1_320' title='bbox 480 5147 728 5218; x_wconf 87' lang='lat' dir='ltr'>bantur,</span> <span class='ocrx_word' id='word_1_321' title='bbox 760 5155 1009 5209; x_wconf 87' lang='lat' dir='ltr'>sanctae</span> <span class='ocrx_word' id='word_1_322' title='bbox 1039 5146 1271 5210; x_wconf 78' lang='lat' dir='ltr'>Mariae</span> <span class='ocrx_word' id='word_1_323' title='bbox 1297 5147 1784 5232; x_wconf 80' lang='lat' dir='ltr'>Transtyberim,</span> <span class='ocrx_word' id='word_1_324' title='bbox 1813 5154 1874 5208; x_wconf 88' lang='lat' dir='ltr'>et</span> <span class='ocrx_word' id='word_1_325' title='bbox 1907 5166 2040 5210; x_wconf 85' lang='lat' dir='ltr'>san-</span> 
     </span>
    </p>
   </div>
   <div class='ocr_carea' id='block_1_5' title="bbox 2135 858 3790 2992">
    <p class='ocr_par' dir='ltr' id='par_1_5' title="bbox 2135 858 3790 2992">
     <span class='ocr_line' id='line_1_50' title="bbox 2135 858 3701 947; baseline 0 -20"><span class='ocrx_word' id='word_1_326' title='bbox 2135 864 2437 938; x_wconf 89' lang='lat' dir='ltr'>licarum‚</span> <span class='ocrx_word' id='word_1_327' title='bbox 2485 858 2968 947; x_wconf 77' lang='lat' dir='ltr'>unumquodque</span> <span class='ocrx_word' id='word_1_328' title='bbox 3015 869 3131 931; x_wconf 87' lang='lat' dir='ltr'>sub</span> <span class='ocrx_word' id='word_1_329' title='bbox 3164 873 3361 930; x_wconf 88' lang='lat' dir='ltr'>cruce</span> <span class='ocrx_word' id='word_1_330' title='bbox 3405 885 3515 930; x_wconf 88' lang='lat' dir='ltr'>sua</span> <span class='ocrx_word' id='word_1_331' title='bbox 3561 882 3701 928; x_wconf 88' lang='lat' dir='ltr'>cum</span> 
     </span>
     <span class='ocr_line' id='line_1_51' title="bbox 2137 962 3706 1045; baseline 0.001 -19"><span class='ocrx_word' id='word_1_332' title='bbox 2137 962 2457 1045; x_wconf 84' lang='lat' dir='ltr'>Papilione</span> <span class='ocrx_word' id='word_1_333' title='bbox 2516 972 2580 1026; x_wconf 88' lang='lat' dir='ltr'>et</span> <span class='ocrx_word' id='word_1_334' title='bbox 2635 963 3083 1027; x_wconf 89' lang='lat' dir='ltr'>Tintinnabulo</span> <span class='ocrx_word' id='word_1_335' title='bbox 3105 1007 3125 1037; x_wconf 87' lang='lat'>‚</span> <span class='ocrx_word' id='word_1_336' title='bbox 3179 983 3399 1045; x_wconf 88' lang='lat' dir='ltr'>nempe</span> <span class='ocrx_word' id='word_1_337' title='bbox 3457 972 3706 1028; x_wconf 88' lang='lat' dir='ltr'>sanctae</span> 
     </span>
     <span class='ocr_line' id='line_1_52' title="bbox 2137 1059 3706 1143; baseline 0.001 -19"><span class='ocrx_word' id='word_1_338' title='bbox 2137 1059 2370 1124; x_wconf 71' lang='lat' dir='ltr'>Mariae</span> <span class='ocrx_word' id='word_1_339' title='bbox 2399 1060 2692 1143; x_wconf 80' lang='lat' dir='ltr'>Majoris,</span> <span class='ocrx_word' id='word_1_340' title='bbox 2737 1061 2930 1124; x_wconf 84' lang='lat' dir='ltr'>sancti</span> <span class='ocrx_word' id='word_1_341' title='bbox 2977 1061 3138 1124; x_wconf 80' lang='lat' dir='ltr'>Petri</span> <span class='ocrx_word' id='word_1_342' title='bbox 3170 1062 3231 1123; x_wconf 91' lang='lat' dir='ltr'>in</span> <span class='ocrx_word' id='word_1_343' title='bbox 3258 1061 3553 1125; x_wconf 81' lang='lat' dir='ltr'>Vaticano</span> <span class='ocrx_word' id='word_1_344' title='bbox 3575 1103 3596 1135; x_wconf 87' lang='lat'>,</span> <span class='ocrx_word' id='word_1_345' title='bbox 3639 1069 3706 1126; x_wconf 86' lang='lat' dir='ltr'>et</span> 
     </span>
     <span class='ocr_line' id='line_1_53' title="bbox 2142 1155 3705 1222; baseline 0.001 -3"><span class='ocrx_word' id='word_1_346' title='bbox 2142 1156 2337 1220; x_wconf 88' lang='lat' dir='ltr'>sancti</span> <span class='ocrx_word' id='word_1_347' title='bbox 2359 1159 2614 1220; x_wconf 74' lang='lat' dir='ltr'>loannis</span> <span class='ocrx_word' id='word_1_348' title='bbox 2644 1155 2705 1218; x_wconf 91' lang='lat' dir='ltr'>in</span> <span class='ocrx_word' id='word_1_349' title='bbox 2728 1164 3051 1221; x_wconf 87' lang='lat' dir='ltr'>Laterano.</span> <span class='ocrx_word' id='word_1_350' title='bbox 3083 1155 3373 1222; x_wconf 85' lang='lat' dir='ltr'>Tribunal</span> <span class='ocrx_word' id='word_1_351' title='bbox 3395 1157 3705 1221; x_wconf 84' lang='lat' dir='ltr'>Ecclesia-</span> 
     </span>
     <span class='ocr_line' id='line_1_54' title="bbox 2144 1253 3708 1319; baseline 0.001 -2"><span class='ocrx_word' id='word_1_352' title='bbox 2144 1253 2373 1317; x_wconf 80' lang='lat' dir='ltr'>sticum</span> <span class='ocrx_word' id='word_1_353' title='bbox 2405 1259 2469 1315; x_wconf 89' lang='lat' dir='ltr'>et</span> <span class='ocrx_word' id='word_1_354' title='bbox 2496 1253 2689 1316; x_wconf 78' lang='lat' dir='ltr'>civile</span> <span class='ocrx_word' id='word_1_355' title='bbox 2720 1253 3219 1318; x_wconf 82' lang='lat' dir='ltr'>Eminentissimi</span> <span class='ocrx_word' id='word_1_356' title='bbox 3267 1262 3497 1318; x_wconf 81' lang='lat' dir='ltr'>Romae</span> <span class='ocrx_word' id='word_1_357' title='bbox 3525 1254 3708 1319; x_wconf 85' lang='lat' dir='ltr'>Urbis</span> 
     </span>
     <span class='ocr_line' id='line_1_55' title="bbox 2142 1350 3707 1434; baseline 0.005 -27"><span class='ocrx_word' id='word_1_358' title='bbox 2142 1350 2416 1423; x_wconf 82' lang='lat' dir='ltr'>vicarii,</span> <span class='ocrx_word' id='word_1_359' title='bbox 2463 1350 2595 1415; x_wconf 80' lang='lat' dir='ltr'>sive</span> <span class='ocrx_word' id='word_1_360' title='bbox 2638 1350 3035 1416; x_wconf 84' lang='lat' dir='ltr'>Jusdicentes</span> <span class='ocrx_word' id='word_1_361' title='bbox 3067 1372 3182 1433; x_wconf 89' lang='lat' dir='ltr'>pro</span> <span class='ocrx_word' id='word_1_362' title='bbox 3213 1372 3334 1425; x_wconf 89' lang='lat' dir='ltr'>eo,</span> <span class='ocrx_word' id='word_1_363' title='bbox 3376 1353 3482 1434; x_wconf 92' lang='lat' dir='ltr'>qui</span> <span class='ocrx_word' id='word_1_364' title='bbox 3523 1359 3707 1416; x_wconf 80' lang='lat' dir='ltr'>Prae-</span> 
     </span>
     <span class='ocr_line' id='line_1_56' title="bbox 2144 1447 3705 1515; baseline 0.003 -4"><span class='ocrx_word' id='word_1_365' title='bbox 2144 1447 2284 1511; x_wconf 86' lang='lat' dir='ltr'>side</span> <span class='ocrx_word' id='word_1_366' title='bbox 2325 1454 2396 1510; x_wconf 86' lang='lat' dir='ltr'>R.</span> <span class='ocrx_word' id='word_1_367' title='bbox 2440 1454 2506 1511; x_wconf 81' lang='lat' dir='ltr'>P.</span> <span class='ocrx_word' id='word_1_368' title='bbox 2556 1453 2622 1509; x_wconf 87' lang='lat'>1).</span> <span class='ocrx_word' id='word_1_369' title='bbox 2674 1448 3060 1512; x_wconf 79' lang='lat' dir='ltr'>Ferdinando</span> <span class='ocrx_word' id='word_1_370' title='bbox 3108 1450 3300 1513; x_wconf 76' lang='lat' dir='ltr'>Maria</span> <span class='ocrx_word' id='word_1_371' title='bbox 3345 1452 3424 1514; x_wconf 89' lang='lat' dir='ltr'>de</span> <span class='ocrx_word' id='word_1_372' title='bbox 3470 1450 3705 1515; x_wconf 80' lang='lat' dir='ltr'>Rubeis</span> 
     </span>
     <span class='ocr_line' id='line_1_57' title="bbox 2141 1544 3701 1632; baseline 0.003 -25"><span class='ocrx_word' id='word_1_373' title='bbox 2141 1544 2623 1626; x_wconf 80' lang='lat' dir='ltr'>Arcbiepiscopo</span> <span class='ocrx_word' id='word_1_374' title='bbox 2642 1545 2818 1609; x_wconf 86' lang='lat' dir='ltr'>Tarsi</span> <span class='ocrx_word' id='word_1_375' title='bbox 2852 1546 3034 1609; x_wconf 82' lang='lat' dir='ltr'>Urbis</span> <span class='ocrx_word' id='word_1_376' title='bbox 3061 1546 3525 1631; x_wconf 79' lang='lat' dir='ltr'>vicesgerente,</span> <span class='ocrx_word' id='word_1_377' title='bbox 3556 1554 3701 1632; x_wconf 92' lang='lat' dir='ltr'>Sup-</span> 
     </span>
     <span class='ocr_line' id='line_1_58' title="bbox 2140 1639 3704 1729; baseline 0.006 -27"><span class='ocrx_word' id='word_1_378' title='bbox 2140 1639 2479 1724; x_wconf 88' lang='lat' dir='ltr'>plicatione</span> <span class='ocrx_word' id='word_1_379' title='bbox 2523 1649 2881 1706; x_wconf 84' lang='lat' dir='ltr'>transeunte</span> <span class='ocrx_word' id='word_1_380' title='bbox 2911 1644 3327 1709; x_wconf 78' lang='lat' dir='ltr'>consederant</span> <span class='ocrx_word' id='word_1_381' title='bbox 3354 1645 3416 1706; x_wconf 89' lang='lat' dir='ltr'>in</span> <span class='ocrx_word' id='word_1_382' title='bbox 3457 1667 3704 1729; x_wconf 87' lang='lat' dir='ltr'>compa·</span> 
     </span>
     <span class='ocr_line' id='line_1_59' title="bbox 2142 1737 3705 1822; baseline 0.003 -21"><span class='ocrx_word' id='word_1_383' title='bbox 2142 1738 2297 1802; x_wconf 87' lang='lat' dir='ltr'>ratis</span> <span class='ocrx_word' id='word_1_384' title='bbox 2327 1737 2583 1801; x_wconf 85' lang='lat' dir='ltr'>sedibus</span> <span class='ocrx_word' id='word_1_385' title='bbox 2609 1745 2783 1802; x_wconf 84' lang='lat' dir='ltr'>extra</span> <span class='ocrx_word' id='word_1_386' title='bbox 2809 1739 3036 1822; x_wconf 74' lang='lat' dir='ltr'>gradus</span> <span class='ocrx_word' id='word_1_387' title='bbox 3061 1746 3284 1804; x_wconf 83' lang='lat' dir='ltr'>Portae</span> <span class='ocrx_word' id='word_1_388' title='bbox 3314 1739 3564 1806; x_wconf 85' lang='lat' dir='ltr'>ferreae</span> <span class='ocrx_word' id='word_1_389' title='bbox 3588 1744 3705 1806; x_wconf 89' lang='lat' dir='ltr'>sub</span> 
     </span>
     <span class='ocr_line' id='line_1_60' title="bbox 2146 1834 3709 1920; baseline 0.004 -20"><span class='ocrx_word' id='word_1_390' title='bbox 2146 1834 2478 1920; x_wconf 79' lang='lat' dir='ltr'>Peristylio</span> <span class='ocrx_word' id='word_1_391' title='bbox 2507 1835 2584 1898; x_wconf 90' lang='lat' dir='ltr'>ad</span> <span class='ocrx_word' id='word_1_392' title='bbox 2616 1836 2927 1901; x_wconf 85' lang='lat' dir='ltr'>sinistram</span> <span class='ocrx_word' id='word_1_393' title='bbox 2961 1838 3317 1901; x_wconf 84' lang='lat' dir='ltr'>exeuntium</span> <span class='ocrx_word' id='word_1_394' title='bbox 3339 1882 3361 1912; x_wconf 94' lang='lat'>,</span> <span class='ocrx_word' id='word_1_395' title='bbox 3402 1841 3709 1907; x_wconf 87' lang='lat' dir='ltr'>instructo</span> 
     </span>
     <span class='ocr_line' id='line_1_61' title="bbox 2140 1933 3701 2017; baseline 0.003 -20"><span class='ocrx_word' id='word_1_396' title='bbox 2140 1934 2385 2017; x_wconf 83' lang='lat' dir='ltr'>agmine</span> <span class='ocrx_word' id='word_1_397' title='bbox 2411 1941 2821 1998; x_wconf 86' lang='lat' dir='ltr'>Lateranense</span> <span class='ocrx_word' id='word_1_398' title='bbox 2849 1933 3193 2015; x_wconf 85' lang='lat' dir='ltr'>Capitulum</span> <span class='ocrx_word' id='word_1_399' title='bbox 3216 1936 3559 2002; x_wconf 87' lang='lat' dir='ltr'>consectati</span> <span class='ocrx_word' id='word_1_400' title='bbox 3580 1944 3701 2002; x_wconf 86' lang='lat' dir='ltr'>sta·</span> 
     </span>
     <span class='ocr_line' id='line_1_62' title="bbox 2148 2024 3711 2113; baseline 0.006 -20"><span class='ocrx_word' id='word_1_401' title='bbox 2148 2032 2258 2094; x_wconf 86' lang='lat' dir='ltr'>tim</span> <span class='ocrx_word' id='word_1_402' title='bbox 2289 2038 2428 2094; x_wconf 86' lang='lat' dir='ltr'>sunt</span> <span class='ocrx_word' id='word_1_403' title='bbox 2452 2076 2472 2104; x_wconf 77' lang='lat'>,</span> <span class='ocrx_word' id='word_1_404' title='bbox 2516 2038 2583 2094; x_wconf 87' lang='lat' dir='ltr'>ut</span> <span class='ocrx_word' id='word_1_405' title='bbox 2615 2032 2667 2096; x_wconf 89' lang='lat' dir='ltr'>si</span> <span class='ocrx_word' id='word_1_406' title='bbox 2700 2053 2860 2113; x_wconf 88' lang='lat' dir='ltr'>quae</span> <span class='ocrx_word' id='word_1_407' title='bbox 2892 2032 3051 2097; x_wconf 85' lang='lat' dir='ltr'>forte</span> <span class='ocrx_word' id='word_1_408' title='bbox 3081 2034 3143 2095; x_wconf 91' lang='lat' dir='ltr'>in</span> <span class='ocrx_word' id='word_1_409' title='bbox 3186 2034 3285 2098; x_wconf 83' lang='lat' dir='ltr'>via</span> <span class='ocrx_word' id='word_1_410' title='bbox 3313 2024 3711 2102; x_wconf 68' lang='lat' dir='ltr'>exorirentu&#39;r</span> 
     </span>
     <span class='ocr_line' id='line_1_63' title="bbox 2144 2129 3704 2213; baseline 0.004 -19"><span class='ocrx_word' id='word_1_411' title='bbox 2144 2129 2576 2194; x_wconf 89' lang='lat' dir='ltr'>contentiones</span> <span class='ocrx_word' id='word_1_412' title='bbox 2620 2137 2680 2194; x_wconf 89' lang='lat' dir='ltr'>et</span> <span class='ocrx_word' id='word_1_413' title='bbox 2709 2129 2913 2213; x_wconf 77' lang='lat' dir='ltr'>jurgia</span> <span class='ocrx_word' id='word_1_414' title='bbox 2934 2174 2954 2203; x_wconf 87' lang='lat'><strong>‚</strong></span> <span class='ocrx_word' id='word_1_415' title='bbox 3000 2153 3107 2195; x_wconf 90' lang='lat' dir='ltr'>sua</span> <span class='ocrx_word' id='word_1_416' title='bbox 3137 2133 3507 2198; x_wconf 86' lang='lat' dir='ltr'>auctoritate</span> <span class='ocrx_word' id='word_1_417' title='bbox 3538 2154 3704 2200; x_wconf 90' lang='lat' dir='ltr'>com·</span> 
     </span>
     <span class='ocr_line' id='line_1_64' title="bbox 2145 2226 3707 2316; baseline 0.006 -27"><span class='ocrx_word' id='word_1_418' title='bbox 2145 2235 2494 2307; x_wconf 89' lang='lat' dir='ltr'>pescerent.</span> <span class='ocrx_word' id='word_1_419' title='bbox 2529 2226 2662 2288; x_wconf 80' lang='lat' dir='ltr'>Bini</span> <span class='ocrx_word' id='word_1_420' title='bbox 2708 2226 2932 2291; x_wconf 88' lang='lat' dir='ltr'>deinde</span> <span class='ocrx_word' id='word_1_421' title='bbox 2975 2228 3397 2308; x_wconf 86' lang='lat' dir='ltr'>procedebant</span> <span class='ocrx_word' id='word_1_422' title='bbox 3441 2234 3707 2316; x_wconf 87' lang='lat' dir='ltr'>congre·</span> 
     </span>
     <span class='ocr_line' id='line_1_65' title="bbox 2146 2322 3709 2405; baseline 0.006 -20"><span class='ocrx_word' id='word_1_423' title='bbox 2146 2322 2412 2405; x_wconf 85' lang='lat' dir='ltr'>gationis</span> <span class='ocrx_word' id='word_1_424' title='bbox 2452 2329 2780 2387; x_wconf 85' lang='lat' dir='ltr'>Sacrorum</span> <span class='ocrx_word' id='word_1_425' title='bbox 2813 2323 3061 2386; x_wconf 80' lang='lat' dir='ltr'>Rituum</span> <span class='ocrx_word' id='word_1_426' title='bbox 3107 2324 3170 2386; x_wconf 89' lang='lat' dir='ltr'>in</span> <span class='ocrx_word' id='word_1_427' title='bbox 3201 2326 3415 2392; x_wconf 85' lang='lat' dir='ltr'>causis</span> <span class='ocrx_word' id='word_1_428' title='bbox 3460 2335 3709 2394; x_wconf 82' lang='lat' dir='ltr'>Sancto·</span> 
     </span>
     <span class='ocr_line' id='line_1_66' title="bbox 2144 2420 3712 2510; baseline 0.004 -26"><span class='ocrx_word' id='word_1_429' title='bbox 2144 2440 2284 2484; x_wconf 89' lang='lat' dir='ltr'>rum</span> <span class='ocrx_word' id='word_1_430' title='bbox 2334 2421 2736 2484; x_wconf 86' lang='lat' dir='ltr'>Consultores</span> <span class='ocrx_word' id='word_1_431' title='bbox 2765 2464 2785 2493; x_wconf 88' lang='lat'><strong>‚</strong></span> <span class='ocrx_word' id='word_1_432' title='bbox 2835 2420 3177 2505; x_wconf 79' lang='lat' dir='ltr'>Regulares</span> <span class='ocrx_word' id='word_1_433' title='bbox 3224 2423 3475 2506; x_wconf 89' lang='lat' dir='ltr'>quidem</span> <span class='ocrx_word' id='word_1_434' title='bbox 3527 2427 3712 2510; x_wconf 84' lang='lat' dir='ltr'>juxta·</span> 
     </span>
     <span class='ocr_line' id='line_1_67' title="bbox 2152 2517 3709 2605; baseline 0.004 -23"><span class='ocrx_word' id='word_1_435' title='bbox 2152 2518 2553 2582; x_wconf 85' lang='lat' dir='ltr'>admissionis</span> <span class='ocrx_word' id='word_1_436' title='bbox 2583 2517 2880 2582; x_wconf 82' lang='lat' dir='ltr'>duntaxat</span> <span class='ocrx_word' id='word_1_437' title='bbox 2908 2519 3322 2601; x_wconf 65' lang='lat' dir='ltr'>prioritatem</span> <span class='ocrx_word' id='word_1_438' title='bbox 3353 2520 3578 2605; x_wconf 83' lang='lat' dir='ltr'>reliqui</span> <span class='ocrx_word' id='word_1_439' title='bbox 3609 2520 3709 2588; x_wconf 83' lang='lat' dir='ltr'>ve&#39;·</span> 
     </span>
     <span class='ocr_line' id='line_1_68' title="bbox 2150 2615 3714 2699; baseline 0.004 -21"><span class='ocrx_word' id='word_1_440' title='bbox 2150 2634 2222 2678; x_wconf 86' lang='lat' dir='ltr'>ro</span> <span class='ocrx_word' id='word_1_441' title='bbox 2249 2615 2420 2698; x_wconf 80' lang='lat' dir='ltr'>juxta</span> <span class='ocrx_word' id='word_1_442' title='bbox 2447 2615 2768 2698; x_wconf 90' lang='lat' dir='ltr'>dignitatis</span> <span class='ocrx_word' id='word_1_443' title='bbox 2798 2615 3076 2698; x_wconf 82' lang='lat' dir='ltr'>gradum,</span> <span class='ocrx_word' id='word_1_444' title='bbox 3107 2636 3290 2698; x_wconf 88' lang='lat' dir='ltr'>quem</span> <span class='ocrx_word' id='word_1_445' title='bbox 3323 2620 3714 2699; x_wconf 67' lang='lat' dir='ltr'>obtinebant,</span> 
     </span>
     <span class='ocr_line' id='line_1_69' title="bbox 2147 2710 3714 2798; baseline 0.004 -24"><span class='ocrx_word' id='word_1_446' title='bbox 2147 2710 2235 2776; x_wconf 90' lang='lat' dir='ltr'>ita</span> <span class='ocrx_word' id='word_1_447' title='bbox 2267 2721 2334 2776; x_wconf 91' lang='lat' dir='ltr'>ut</span> <span class='ocrx_word' id='word_1_448' title='bbox 2363 2712 2586 2781; x_wconf 84' lang='lat' dir='ltr'>ultimo</span> <span class='ocrx_word' id='word_1_449' title='bbox 2616 2712 3017 2785; x_wconf 90' lang='lat' dir='ltr'>incederent,</span> <span class='ocrx_word' id='word_1_450' title='bbox 3055 2714 3159 2795; x_wconf 89' lang='lat' dir='ltr'>qui</span> <span class='ocrx_word' id='word_1_451' title='bbox 3191 2714 3540 2798; x_wconf 81' lang='lat' dir='ltr'>Episcopali</span> <span class='ocrx_word' id='word_1_452' title='bbox 3575 2718 3714 2782; x_wconf 85' lang='lat' dir='ltr'>cba-</span> 
     </span>
     <span class='ocr_line' id='line_1_70' title="bbox 2148 2809 3790 2893; baseline 0.004 -20"><span class='ocrx_word' id='word_1_453' title='bbox 2148 2819 2389 2876; x_wconf 86' lang='lat' dir='ltr'>ractere</span> <span class='ocrx_word' id='word_1_454' title='bbox 2433 2809 2791 2893; x_wconf 77' lang='lat' dir='ltr'>fulgebant:</span> <span class='ocrx_word' id='word_1_455' title='bbox 2824 2811 3055 2874; x_wconf 87' lang='lat' dir='ltr'>ceteris</span> <span class='ocrx_word' id='word_1_456' title='bbox 3087 2812 3487 2877; x_wconf 74' lang='lat' dir='ltr'>praesulibus</span> <span class='ocrx_word' id='word_1_457' title='bbox 3529 2815 3714 2880; x_wconf 87' lang='lat' dir='ltr'>cede-</span> <span class='ocrx_word' id='word_1_458' title='bbox 3783 2834 3790 2841; x_wconf 80' lang='lat'><strong><em>‘</em></strong></span> 
     </span>
     <span class='ocr_line' id='line_1_71' title="bbox 2150 2908 3713 2992; baseline 0.003 -19"><span class='ocrx_word' id='word_1_459' title='bbox 2150 2917 2294 2973; x_wconf 88' lang='lat' dir='ltr'>rent</span> <span class='ocrx_word' id='word_1_460' title='bbox 2323 2909 2386 2970; x_wconf 88' lang='lat' dir='ltr'>in</span> <span class='ocrx_word' id='word_1_461' title='bbox 2425 2915 2691 2989; x_wconf 89' lang='lat' dir='ltr'>utraque</span> <span class='ocrx_word' id='word_1_462' title='bbox 2723 2909 3041 2991; x_wconf 79' lang='lat' dir='ltr'>signatura</span> <span class='ocrx_word' id='word_1_463' title='bbox 3071 2908 3387 2992; x_wconf 89' lang='lat' dir='ltr'>simplices</span> <span class='ocrx_word' id='word_1_464' title='bbox 3417 2910 3713 2977; x_wconf 79' lang='lat' dir='ltr'>Referen-</span> 
     </span>
    </p>
   </div>
   <div class='ocr_carea' id='block_1_6' title="bbox 2148 3005 3814 3089">
    <p class='ocr_par' dir='ltr' id='par_1_6' title="bbox 2148 3005 3814 3089">
     <span class='ocr_line' id='line_1_72' title="bbox 2148 3005 3814 3089; baseline 0.005 -21"><span class='ocrx_word' id='word_1_465' title='bbox 2148 3006 2327 3070; x_wconf 89' lang='lat' dir='ltr'>darii.</span> <span class='ocrx_word' id='word_1_466' title='bbox 2367 3013 2515 3070; x_wconf 86' lang='lat' dir='ltr'>Post</span> <span class='ocrx_word' id='word_1_467' title='bbox 2557 3005 2960 3070; x_wconf 86' lang='lat' dir='ltr'>Consultores</span> <span class='ocrx_word' id='word_1_468' title='bbox 2987 3009 3544 3089; x_wconf 86' lang='lat' dir='ltr'>comportabantur</span> <span class='ocrx_word' id='word_1_469' title='bbox 3583 3032 3712 3075; x_wconf 90' lang='lat' dir='ltr'>ma·</span> <span class='ocrx_word' id='word_1_470' title='bbox 3785 3056 3814 3082; x_wconf 84' lang='lat'><strong>.</strong></span> 
     </span>
    </p>
   </div>
   <div class='ocr_carea' id='block_1_7' title="bbox 2146 3102 3718 5227">
    <p class='ocr_par' dir='ltr' id='par_1_7' title="bbox 2146 3102 3717 4530">
     <span class='ocr_line' id='line_1_73' title="bbox 2147 3102 3713 3191; baseline 0.004 -24"><span class='ocrx_word' id='word_1_471' title='bbox 2147 3124 2266 3191; x_wconf 89' lang='lat' dir='ltr'>gna</span> <span class='ocrx_word' id='word_1_472' title='bbox 2298 3103 2575 3187; x_wconf 86' lang='lat' dir='ltr'>quinque</span> <span class='ocrx_word' id='word_1_473' title='bbox 2617 3108 2948 3168; x_wconf 83' lang='lat' dir='ltr'>Beatorum</span> <span class='ocrx_word' id='word_1_474' title='bbox 2997 3102 3160 3169; x_wconf 90' lang='lat' dir='ltr'>inter</span> <span class='ocrx_word' id='word_1_475' title='bbox 3200 3111 3455 3171; x_wconf 80' lang='lat' dir='ltr'>sanctos</span> <span class='ocrx_word' id='word_1_476' title='bbox 3497 3126 3713 3173; x_wconf 89' lang='lat' dir='ltr'>recen-</span> 
     </span>
     <span class='ocr_line' id='line_1_74' title="bbox 2151 3199 3710 3289; baseline 0.004 -24"><span class='ocrx_word' id='word_1_477' title='bbox 2151 3202 2483 3266; x_wconf 89' lang='lat' dir='ltr'>sendorum</span> <span class='ocrx_word' id='word_1_478' title='bbox 2535 3200 2778 3265; x_wconf 83' lang='lat' dir='ltr'>vexilla</span> <span class='ocrx_word' id='word_1_479' title='bbox 2829 3199 3023 3265; x_wconf 83' lang='lat' dir='ltr'>hastis</span> <span class='ocrx_word' id='word_1_480' title='bbox 3071 3223 3226 3267; x_wconf 91' lang='lat' dir='ltr'>auro</span> <span class='ocrx_word' id='word_1_481' title='bbox 3277 3206 3710 3289; x_wconf 86' lang='lat' dir='ltr'>undecumque</span> 
     </span>
     <span class='ocr_line' id='line_1_75' title="bbox 2146 3297 3714 3371; baseline 0.006 -11"><span class='ocrx_word' id='word_1_482' title='bbox 2146 3298 2324 3363; x_wconf 88' lang='lat' dir='ltr'>illitis</span> <span class='ocrx_word' id='word_1_483' title='bbox 2372 3298 2622 3371; x_wconf 84' lang='lat' dir='ltr'>innixa,</span> <span class='ocrx_word' id='word_1_484' title='bbox 2677 3306 2739 3363; x_wconf 92' lang='lat' dir='ltr'>et</span> <span class='ocrx_word' id='word_1_485' title='bbox 2779 3297 3066 3363; x_wconf 88' lang='lat' dir='ltr'>laciniata</span> <span class='ocrx_word' id='word_1_486' title='bbox 3110 3320 3338 3366; x_wconf 83' lang='lat' dir='ltr'>corona</span> <span class='ocrx_word' id='word_1_487' title='bbox 3382 3323 3460 3367; x_wconf 83' lang='lat' dir='ltr'>ex</span> <span class='ocrx_word' id='word_1_488' title='bbox 3512 3306 3714 3370; x_wconf 83' lang='lat' dir='ltr'>textili</span> 
     </span>
     <span class='ocr_line' id='line_1_76' title="bbox 2151 3395 3709 3484; baseline 0.005 -24"><span class='ocrx_word' id='word_1_489' title='bbox 2151 3396 2354 3460; x_wconf 87' lang='lat' dir='ltr'>serico</span> <span class='ocrx_word' id='word_1_490' title='bbox 2384 3395 2769 3479; x_wconf 80' lang='lat' dir='ltr'>phrygioque</span> <span class='ocrx_word' id='word_1_491' title='bbox 2802 3417 2993 3478; x_wconf 89' lang='lat' dir='ltr'>opere</span> <span class='ocrx_word' id='word_1_492' title='bbox 3022 3406 3235 3463; x_wconf 89' lang='lat' dir='ltr'>ornata</span> <span class='ocrx_word' id='word_1_493' title='bbox 3265 3423 3279 3458; x_wconf 71' lang='grc' dir='ltr'><strong>ε</strong></span> <span class='ocrx_word' id='word_1_494' title='bbox 3314 3405 3709 3484; x_wconf 84' lang='lat' dir='ltr'>Unumquod-</span> 
     </span>
     <span class='ocr_line' id='line_1_77' title="bbox 2149 3492 3710 3576; baseline 0.005 -20"><span class='ocrx_word' id='word_1_495' title='bbox 2149 3514 2273 3576; x_wconf 89' lang='lat' dir='ltr'>que</span> <span class='ocrx_word' id='word_1_496' title='bbox 2314 3492 2547 3555; x_wconf 82' lang='lat' dir='ltr'>affabre</span> <span class='ocrx_word' id='word_1_497' title='bbox 2577 3494 2809 3575; x_wconf 87' lang='lat' dir='ltr'>pictam</span> <span class='ocrx_word' id='word_1_498' title='bbox 2841 3492 3025 3557; x_wconf 85' lang='lat' dir='ltr'>unius</span> <span class='ocrx_word' id='word_1_499' title='bbox 3073 3495 3242 3558; x_wconf 83' lang='lat' dir='ltr'>Beati</span> <span class='ocrx_word' id='word_1_500' title='bbox 3276 3497 3351 3560; x_wconf 89' lang='lat' dir='ltr'>ad</span> <span class='ocrx_word' id='word_1_501' title='bbox 3394 3506 3710 3564; x_wconf 84' lang='lat' dir='ltr'>aeternam</span> 
     </span>
     <span class='ocr_line' id='line_1_78' title="bbox 2148 3587 3716 3682; baseline 0.006 -30"><span class='ocrx_word' id='word_1_502' title='bbox 2148 3590 2211 3652; x_wconf 90' lang='lat' dir='ltr'>in</span> <span class='ocrx_word' id='word_1_503' title='bbox 2261 3589 2461 3654; x_wconf 88' lang='lat' dir='ltr'>caelis</span> <span class='ocrx_word' id='word_1_504' title='bbox 2508 3587 2766 3673; x_wconf 83' lang='lat' dir='ltr'>gloriam</span> <span class='ocrx_word' id='word_1_505' title='bbox 2821 3592 3022 3655; x_wconf 85' lang='lat' dir='ltr'>evecti</span> <span class='ocrx_word' id='word_1_506' title='bbox 3065 3591 3460 3673; x_wconf 88' lang='lat' dir='ltr'>praeferebat</span> <span class='ocrx_word' id='word_1_507' title='bbox 3502 3598 3716 3682; x_wconf 88' lang='lat' dir='ltr'>imagi-</span> 
     </span>
     <span class='ocr_line' id='line_1_79' title="bbox 2149 3687 3712 3775; baseline 0.006 -24"><span class='ocrx_word' id='word_1_508' title='bbox 2149 3708 2294 3751; x_wconf 90' lang='lat' dir='ltr'>nem</span> <span class='ocrx_word' id='word_1_509' title='bbox 2319 3713 2339 3763; x_wconf 90' lang='lat'>;</span> <span class='ocrx_word' id='word_1_510' title='bbox 2375 3688 2438 3749; x_wconf 92' lang='lat' dir='ltr'>in</span> <span class='ocrx_word' id='word_1_511' title='bbox 2468 3687 2663 3751; x_wconf 88' lang='lat' dir='ltr'>altera</span> <span class='ocrx_word' id='word_1_512' title='bbox 2693 3708 2842 3752; x_wconf 83' lang='lat' dir='ltr'>vero</span> <span class='ocrx_word' id='word_1_513' title='bbox 2870 3697 3046 3769; x_wconf 86' lang='lat' dir='ltr'>parte</span> <span class='ocrx_word' id='word_1_514' title='bbox 3074 3689 3302 3754; x_wconf 89' lang='lat' dir='ltr'>mirum</span> <span class='ocrx_word' id='word_1_515' title='bbox 3347 3691 3603 3775; x_wconf 86' lang='lat' dir='ltr'>aliquod</span> <span class='ocrx_word' id='word_1_516' title='bbox 3633 3697 3712 3760; x_wconf 89' lang='lat' dir='ltr'>ab</span> 
     </span>
     <span class='ocr_line' id='line_1_80' title="bbox 2149 3775 3716 3869; baseline 0.004 -19"><span class='ocrx_word' id='word_1_517' title='bbox 2149 3806 2230 3850; x_wconf 88' lang='lat' dir='ltr'>eo</span> <span class='ocrx_word' id='word_1_518' title='bbox 2259 3807 2398 3850; x_wconf 90' lang='lat' dir='ltr'>cum</span> <span class='ocrx_word' id='word_1_519' title='bbox 2443 3786 2725 3857; x_wconf 80' lang='lat' dir='ltr'>viveret,</span> <span class='ocrx_word' id='word_1_520' title='bbox 2769 3784 3000 3850; x_wconf 84' lang='lat' dir='ltr'>factum</span> <span class='ocrx_word' id='word_1_521' title='bbox 3050 3775 3578 3869; x_wconf 76' lang='lat' dir='ltr'>repraesentabat.</span> <span class='ocrx_word' id='word_1_522' title='bbox 3625 3797 3716 3858; x_wconf 84' lang='lat' dir='ltr'>Ex</span> 
     </span>
     <span class='ocr_line' id='line_1_81' title="bbox 2150 3881 3715 3966; baseline 0.006 -21"><span class='ocrx_word' id='word_1_523' title='bbox 2150 3881 2461 3965; x_wconf 88' lang='lat' dir='ltr'>primariis</span> <span class='ocrx_word' id='word_1_524' title='bbox 2503 3881 2884 3966; x_wconf 87' lang='lat' dir='ltr'>singulorum</span> <span class='ocrx_word' id='word_1_525' title='bbox 2927 3883 3208 3948; x_wconf 86' lang='lat' dir='ltr'>Instituti</span> <span class='ocrx_word' id='word_1_526' title='bbox 3241 3888 3528 3953; x_wconf 81' lang='lat' dir='ltr'>Patribus</span> <span class='ocrx_word' id='word_1_527' title='bbox 3572 3901 3715 3955; x_wconf 88' lang='lat' dir='ltr'>octo</span> 
     </span>
     <span class='ocr_line' id='line_1_82' title="bbox 2151 3979 3716 4062; baseline 0.003 -19"><span class='ocrx_word' id='word_1_528' title='bbox 2151 3979 2408 4062; x_wconf 90' lang='lat' dir='ltr'>quidem</span> <span class='ocrx_word' id='word_1_529' title='bbox 2438 3980 2908 4061; x_wconf 85' lang='lat' dir='ltr'>superpelliceis</span> <span class='ocrx_word' id='word_1_530' title='bbox 2940 3981 3138 4044; x_wconf 89' lang='lat' dir='ltr'>induti</span> <span class='ocrx_word' id='word_1_531' title='bbox 3163 3981 3469 4049; x_wconf 88' lang='lat' dir='ltr'>intortitia</span> <span class='ocrx_word' id='word_1_532' title='bbox 3500 4006 3716 4051; x_wconf 87' lang='lat' dir='ltr'>accen-</span> 
     </span>
     <span class='ocr_line' id='line_1_83' title="bbox 2152 4068 3713 4165; baseline 0.004 -25"><span class='ocrx_word' id='word_1_533' title='bbox 2152 4098 2220 4141; x_wconf 88' lang='lat' dir='ltr'>sa</span> <span class='ocrx_word' id='word_1_534' title='bbox 2253 4097 2451 4157; x_wconf 89' lang='lat' dir='ltr'>usque</span> <span class='ocrx_word' id='word_1_535' title='bbox 2473 4077 2552 4140; x_wconf 88' lang='lat' dir='ltr'>ad</span> <span class='ocrx_word' id='word_1_536' title='bbox 2582 4084 2798 4157; x_wconf 87' lang='lat' dir='ltr'>pectus</span> <span class='ocrx_word' id='word_1_537' title='bbox 2820 4077 2981 4142; x_wconf 89' lang='lat' dir='ltr'>elata</span> <span class='ocrx_word' id='word_1_538' title='bbox 3005 4078 3365 4144; x_wconf 86' lang='lat' dir='ltr'>deferentes</span> <span class='ocrx_word' id='word_1_539' title='bbox 3394 4068 3713 4165; x_wconf 88' lang='lat' dir='ltr'>proprium</span> 
     </span>
     <span class='ocr_line' id='line_1_84' title="bbox 2148 4171 3716 4254; baseline 0.003 -18"><span class='ocrx_word' id='word_1_540' title='bbox 2148 4171 2465 4238; x_wconf 84' lang='lat' dir='ltr'>Vexillum</span> <span class='ocrx_word' id='word_1_541' title='bbox 2501 4173 2843 4254; x_wconf 87' lang='lat' dir='ltr'>praeibant:</span> <span class='ocrx_word' id='word_1_542' title='bbox 2881 4180 3157 4249; x_wconf 86' lang='lat' dir='ltr'>Quatuor</span> <span class='ocrx_word' id='word_1_543' title='bbox 3182 4196 3331 4240; x_wconf 84' lang='lat' dir='ltr'>vero</span> <span class='ocrx_word' id='word_1_544' title='bbox 3359 4178 3463 4240; x_wconf 89' lang='lat' dir='ltr'>alii</span> <span class='ocrx_word' id='word_1_545' title='bbox 3496 4179 3716 4243; x_wconf 88' lang='lat' dir='ltr'>oblon-</span> 
     </span>
     <span class='ocr_line' id='line_1_85' title="bbox 2148 4269 3717 4355; baseline 0.007 -23"><span class='ocrx_word' id='word_1_546' title='bbox 2148 4292 2259 4355; x_wconf 87' lang='lat' dir='ltr'>gos</span> <span class='ocrx_word' id='word_1_547' title='bbox 2279 4270 2513 4335; x_wconf 84' lang='lat' dir='ltr'>sericos</span> <span class='ocrx_word' id='word_1_548' title='bbox 2533 4269 2710 4335; x_wconf 84' lang='lat' dir='ltr'>funes</span> <span class='ocrx_word' id='word_1_549' title='bbox 2735 4291 2810 4335; x_wconf 86' lang='lat' dir='ltr'>ex</span> <span class='ocrx_word' id='word_1_550' title='bbox 2831 4272 3134 4351; x_wconf 88' lang='lat' dir='ltr'>superiori</span> <span class='ocrx_word' id='word_1_551' title='bbox 3160 4273 3386 4337; x_wconf 81' lang='lat' dir='ltr'>vexilli</span> <span class='ocrx_word' id='word_1_552' title='bbox 3411 4285 3717 4343; x_wconf 83' lang='lat' dir='ltr'>transver-</span> 
     </span>
     <span class='ocr_line' id='line_1_86' title="bbox 2152 4368 3714 4460; baseline 0.006 -28"><span class='ocrx_word' id='word_1_553' title='bbox 2152 4389 2219 4433; x_wconf 90' lang='lat' dir='ltr'>sa</span> <span class='ocrx_word' id='word_1_554' title='bbox 2246 4368 2419 4431; x_wconf 86' lang='lat' dir='ltr'>hasta</span> <span class='ocrx_word' id='word_1_555' title='bbox 2437 4368 2781 4450; x_wconf 87' lang='lat' dir='ltr'>pendentes</span> <span class='ocrx_word' id='word_1_556' title='bbox 2804 4368 3169 4450; x_wconf 89' lang='lat' dir='ltr'>quotidiano</span> <span class='ocrx_word' id='word_1_557' title='bbox 3200 4391 3350 4435; x_wconf 87' lang='lat' dir='ltr'>suae</span> <span class='ocrx_word' id='word_1_558' title='bbox 3369 4373 3714 4460; x_wconf 86' lang='lat' dir='ltr'>Religionis</span> 
     </span>
     <span class='ocr_line' id='line_1_87' title="bbox 2148 4465 3308 4530; baseline 0.003 -3"><span class='ocrx_word' id='word_1_559' title='bbox 2148 4465 2361 4530; x_wconf 88' lang='lat' dir='ltr'>babitu</span> <span class='ocrx_word' id='word_1_560' title='bbox 2392 4485 2512 4528; x_wconf 92' lang='lat' dir='ltr'>non</span> <span class='ocrx_word' id='word_1_561' title='bbox 2544 4465 2868 4530; x_wconf 89' lang='lat' dir='ltr'>immutato</span> <span class='ocrx_word' id='word_1_562' title='bbox 2896 4466 3308 4530; x_wconf 85' lang='lat' dir='ltr'>sustinebant.</span> 
     </span>
    </p>

    <p class='ocr_par' dir='ltr' id='par_1_8' title="bbox 2147 4562 3718 5227">
     <span class='ocr_line' id='line_1_88' title="bbox 2258 4562 3716 4647; baseline 0.008 -22"><span class='ocrx_word' id='word_1_563' title='bbox 2258 4562 2534 4626; x_wconf 90' lang='lat' dir='ltr'>Primum</span> <span class='ocrx_word' id='word_1_564' title='bbox 2557 4563 2829 4626; x_wconf 88' lang='lat' dir='ltr'>omnium</span> <span class='ocrx_word' id='word_1_565' title='bbox 2853 4564 3220 4647; x_wconf 89' lang='lat' dir='ltr'>portabatur</span> <span class='ocrx_word' id='word_1_566' title='bbox 3234 4565 3542 4631; x_wconf 85' lang='lat' dir='ltr'>Vexillum</span> <span class='ocrx_word' id='word_1_567' title='bbox 3570 4571 3716 4635; x_wconf 88' lang='lat' dir='ltr'>bea-</span> 
     </span>
     <span class='ocr_line' id='line_1_89' title="bbox 2147 4658 3712 4733; baseline 0.008 -12"><span class='ocrx_word' id='word_1_568' title='bbox 2147 4663 2248 4722; x_wconf 85' lang='lat' dir='ltr'>tae</span> <span class='ocrx_word' id='word_1_569' title='bbox 2297 4658 2660 4723; x_wconf 85' lang='lat' dir='ltr'>catharinae</span> <span class='ocrx_word' id='word_1_570' title='bbox 2692 4660 2771 4723; x_wconf 89' lang='lat' dir='ltr'>de</span> <span class='ocrx_word' id='word_1_571' title='bbox 2815 4660 3043 4726; x_wconf 84' lang='lat' dir='ltr'>Ricciis</span> <span class='ocrx_word' id='word_1_572' title='bbox 3085 4662 3336 4727; x_wconf 88' lang='lat' dir='ltr'>Ordinis</span> <span class='ocrx_word' id='word_1_573' title='bbox 3367 4665 3564 4728; x_wconf 87' lang='lat' dir='ltr'>sancti</span> <span class='ocrx_word' id='word_1_574' title='bbox 3595 4674 3712 4733; x_wconf 89' lang='lat' dir='ltr'>Do-</span> 
     </span>
     <span class='ocr_line' id='line_1_90' title="bbox 2152 4755 3712 4831; baseline 0.009 -14"><span class='ocrx_word' id='word_1_575' title='bbox 2152 4755 2368 4819; x_wconf 90' lang='lat' dir='ltr'>minici</span> <span class='ocrx_word' id='word_1_576' title='bbox 2428 4776 2463 4819; x_wconf 88' lang='lat' dir='ltr'>a</span> <span class='ocrx_word' id='word_1_577' title='bbox 2510 4755 2939 4820; x_wconf 79' lang='lat' dir='ltr'>confratribus</span> <span class='ocrx_word' id='word_1_578' title='bbox 2998 4759 3712 4831; x_wconf 80' lang='lat' dir='ltr'>Archiconfraternitatis</span> 
     </span>
     <span class='ocr_line' id='line_1_91' title="bbox 2151 4851 3715 4924; baseline 0.005 -8"><span class='ocrx_word' id='word_1_579' title='bbox 2151 4853 2267 4916; x_wconf 90' lang='lat' dir='ltr'>sub</span> <span class='ocrx_word' id='word_1_580' title='bbox 2291 4851 2473 4917; x_wconf 90' lang='lat' dir='ltr'>titulo</span> <span class='ocrx_word' id='word_1_581' title='bbox 2496 4853 2841 4918; x_wconf 83' lang='lat' dir='ltr'>Nativitatis</span> <span class='ocrx_word' id='word_1_582' title='bbox 2865 4856 3110 4918; x_wconf 88' lang='lat' dir='ltr'>Domini</span> <span class='ocrx_word' id='word_1_583' title='bbox 3139 4858 3346 4921; x_wconf 87' lang='lat' dir='ltr'>Nostri</span> <span class='ocrx_word' id='word_1_584' title='bbox 3373 4864 3520 4923; x_wconf 83' lang='lat' dir='ltr'>Jesu</span> <span class='ocrx_word' id='word_1_585' title='bbox 3546 4861 3715 4924; x_wconf 88' lang='lat' dir='ltr'>cbri-</span> 
     </span>
     <span class='ocr_line' id='line_1_92' title="bbox 2152 4950 3716 5037; baseline 0.006 -25"><span class='ocrx_word' id='word_1_586' title='bbox 2152 4950 2233 5012; x_wconf 90' lang='lat' dir='ltr'>sti</span> <span class='ocrx_word' id='word_1_587' title='bbox 2260 4993 2279 5023; x_wconf 91' lang='lat'><strong>‚</strong></span> <span class='ocrx_word' id='word_1_588' title='bbox 2326 4970 2485 5031; x_wconf 90' lang='lat' dir='ltr'>quae</span> <span class='ocrx_word' id='word_1_589' title='bbox 2515 4971 2657 5014; x_wconf 90' lang='lat' dir='ltr'>cum</span> <span class='ocrx_word' id='word_1_590' title='bbox 2692 4952 2856 5015; x_wconf 88' lang='lat' dir='ltr'>inter</span> <span class='ocrx_word' id='word_1_591' title='bbox 2885 4951 3002 5015; x_wconf 89' lang='lat' dir='ltr'>alia</span> <span class='ocrx_word' id='word_1_592' title='bbox 3032 4952 3284 5034; x_wconf 89' lang='lat' dir='ltr'>pietatis</span> <span class='ocrx_word' id='word_1_593' title='bbox 3318 4975 3507 5037; x_wconf 88' lang='lat' dir='ltr'>opera</span> <span class='ocrx_word' id='word_1_594' title='bbox 3539 4958 3716 5023; x_wconf 73' lang='lat' dir='ltr'>id‘si-</span> 
     </span>
     <span class='ocr_line' id='line_1_93' title="bbox 2152 5046 3713 5131; baseline 0.007 -22"><span class='ocrx_word' id='word_1_595' title='bbox 2152 5046 2214 5109; x_wconf 88' lang='lat' dir='ltr'>hi</span> <span class='ocrx_word' id='word_1_596' title='bbox 2235 5047 2636 5129; x_wconf 88' lang='lat' dir='ltr'>praecipuum</span> <span class='ocrx_word' id='word_1_597' title='bbox 2664 5050 3022 5131; x_wconf 86' lang='lat' dir='ltr'>sumpserit,</span> <span class='ocrx_word' id='word_1_598' title='bbox 3055 5059 3121 5113; x_wconf 91' lang='lat' dir='ltr'>ut</span> <span class='ocrx_word' id='word_1_599' title='bbox 3152 5050 3418 5115; x_wconf 85' lang='lat' dir='ltr'>divinam</span> <span class='ocrx_word' id='word_1_600' title='bbox 3442 5053 3713 5119; x_wconf 88' lang='lat' dir='ltr'>clemen·</span> 
     </span>
     <span class='ocr_line' id='line_1_94' title="bbox 2149 5144 3718 5227; baseline 0.01 -22"><span class='ocrx_word' id='word_1_601' title='bbox 2149 5144 2300 5208; x_wconf 89' lang='lat' dir='ltr'>tiam</span> <span class='ocrx_word' id='word_1_602' title='bbox 2331 5154 2552 5208; x_wconf 80' lang='lat' dir='ltr'>exoret</span> <span class='ocrx_word' id='word_1_603' title='bbox 2581 5165 2695 5227; x_wconf 90' lang='lat' dir='ltr'>pro</span> <span class='ocrx_word' id='word_1_604' title='bbox 2738 5146 3103 5212; x_wconf 89' lang='lat' dir='ltr'>constitutis</span> <span class='ocrx_word' id='word_1_605' title='bbox 3135 5147 3196 5210; x_wconf 89' lang='lat' dir='ltr'>in</span> <span class='ocrx_word' id='word_1_606' title='bbox 3227 5148 3453 5213; x_wconf 88' lang='lat' dir='ltr'>ultimo</span> <span class='ocrx_word' id='word_1_607' title='bbox 3498 5156 3718 5220; x_wconf 88' lang='lat' dir='ltr'>mortis</span> 
     </span>
    </p>
   </div>
   <div class='ocr_carea' id='block_1_8' title="bbox 475 5241 3715 5332">
    <p class='ocr_par' dir='ltr' id='par_1_9' title="bbox 475 5241 3715 5332">
     <span class='ocr_line' id='line_1_95' title="bbox 475 5241 3715 5332; baseline 0.002 -24"><span class='ocrx_word' id='word_1_608' title='bbox 475 5244 560 5308; x_wconf 87' lang='lat' dir='ltr'>cti</span> <span class='ocrx_word' id='word_1_609' title='bbox 592 5241 908 5305; x_wconf 86' lang='lat' dir='ltr'>Laurentii</span> <span class='ocrx_word' id='word_1_610' title='bbox 932 5243 995 5303; x_wconf 92' lang='lat' dir='ltr'>in</span> <span class='ocrx_word' id='word_1_611' title='bbox 1028 5249 1313 5318; x_wconf 88' lang='lat' dir='ltr'>Damaso,</span> <span class='ocrx_word' id='word_1_612' title='bbox 1343 5263 1462 5308; x_wconf 89' lang='lat' dir='ltr'>una</span> <span class='ocrx_word' id='word_1_613' title='bbox 1489 5242 1852 5308; x_wconf 86' lang='lat' dir='ltr'>incedentes</span> <span class='ocrx_word' id='word_1_614' title='bbox 1864 5242 2040 5328; x_wconf 81' lang='lat' dir='ltr'>juxta</span> <span class='ocrx_word' id='word_1_615' title='bbox 2152 5259 2350 5327; x_wconf 82' lang='lat' dir='ltr'>agone</span> <span class='ocrx_word' id='word_1_616' title='bbox 2380 5265 2396 5303; x_wconf 73' lang='lat' dir='ltr'>z</span> <span class='ocrx_word' id='word_1_617' title='bbox 2428 5246 2606 5324; x_wconf 69' lang='lat' dir='ltr'>Deyli</span> <span class='ocrx_word' id='word_1_618' title='bbox 2634 5245 3036 5322; x_wconf 69' lang='lat' dir='ltr'>Aaoaizauti:</span> <span class='ocrx_word' id='word_1_619' title='bbox 3076 5245 3309 5327; x_wconf 84' lang='lat' dir='ltr'>passim</span> <span class='ocrx_word' id='word_1_620' title='bbox 3341 5247 3715 5332; x_wconf 67' lang='lat' dir='ltr'>appellatura</span> 
     </span>
    </p>
   </div>
   <div class='ocr_carea' id='block_1_9' title="bbox 583 5436 1291 5509">
    <p class='ocr_par' dir='ltr' id='par_1_10' title="bbox 583 5436 1291 5509">
     <span class='ocr_line' id='line_1_96' title="bbox 583 5436 1291 5509; baseline 0.001 -20"><span class='ocrx_word' id='word_1_621' title='bbox 583 5436 664 5508; x_wconf 83' lang='lat' dir='ltr'>(a)</span> <span class='ocrx_word' id='word_1_622' title='bbox 705 5440 995 5491; x_wconf 84' lang='lat' dir='ltr'>Numeror.</span> <span class='ocrx_word' id='word_1_623' title='bbox 1039 5456 1161 5509; x_wconf 81' lang='lat' dir='ltr'>cap.</span> <span class='ocrx_word' id='word_1_624' title='bbox 1206 5439 1291 5491; x_wconf 74' lang='lat' dir='ltr'>to.</span> 
     </span>
    </p>
   </div>
  </div>
 </body>
</html>
