4442 6300
1560 516 1905 586 Qttmqun
1946 517 2411 572 semeron-tta!
2444 518 2610 571 t‘rc.

491 662 820 749 praedicto
850 662 1490 731 nuttstsausetteutm
1509 706 1529 736 ,
1545 670 1667 729 aut
1695 663 1890 729 licere
1905 671 2059 728 -sta-

490 767 728 831 tuimus
756 775 818 829 et
850 763 1576 834 declaramus‚‘obtentu
1609 770 1675 826 et
1701 763 1919 846 vigore
1959 761 2082 825 lit··

490 874 768 929 terarum
814 862 922 927 sel.
965 861 1208 926 record.
1254 860 1404 924 sixti
1435 866 1635 941 Papae
1680 868 1751 922 V.
1800 860 2064 924 praede-¹

489 961 764 1027 cessoris
793 959 990 1024 nostri
1021 959 1687 1041 inriplen-..Laudabilis
1727 978 1914 1038 super
1955 977 2072 1035 eo-¹

489 1079 630 1123 rum
664 1056 1012 1141 privilegiis
1031 1056 1498 1141 editarum,sub
1522 1058 1733 1120 datum
1764 1053 2062 1135 videlicet

491 1156 676 1223 nonis
705 1156 1026 1221 Februarii
1057 1154 1461 1220 pontificatus
1488 1156 1582 1221 sui
1614 1160 1800 1217 Anno
1825 1153 2054 1225 Primo,

487 1252 587 1317 vel
615 1254 982 1335 quarumvis
999 1249 1266 1321 aliarum
1293 1251 1645 1320 litterarum
1663 1248 2056 1333 Apostolica-

485 1368 628 1413 rum
669 1351 796 1414 sub
837 1358 1232 1431 quacumque
1276 1348 1474 1414 forma
1519 1350 1724 1414 eidem
1772 1348 2055 1432 collegio

488 1465 954 1519 concessarum,
981 1445 1501 1510 examinationem
1531 1446 1920 1529 cujusquam,
1940 1451 2059 1509 Do-

491 1551 770 1607 ctoratns
813 1543 1069 1627 gradum
1114 1543 1177 1605 in
1221 1543 1421 1607 altero
1463 1543 1559 1608 vel
1591 1554 1878 1626 ‘utroque
1912 1543 2062 1626 jure

490 1642 811 1722 suscipere
839 1640 1194 1719 cupientis,
1222 1641 1298 1702 ad
1330 1648 1580 1713 Partes,
1627 1646 1692 1703 et
1731 1650 1902 1704 extra
1943 1646 2054 1715 Ur·

488 1738 634 1802 bem
666 1737 1110 1811 committere,
1137 1754 1254 1801 nec
1273 1740 1404 1803 -sub
1437 1738 1656 1803 aliena·
1665 1738 1835 1811 fide,
1868 1744 1934 1804 et
1961 1757 2058 1802 re·
2063 1754 2068 1759 ·

485 1834 829 1900 lationibus
870 1830 1345 1901 examinationis
1388 1822 1789 1921 hujusmodi,
1834 1838 2058 1905 absen-

488 1942 617 1997 tem
664 1954 1044 2015 quemquam
1094 1955 1240 1999 cnm
1287 1933 1612 2006 clausula,
1661 1954 1734 1999 ac
1783 1935 1836 1998 si
1883 1943 2053 1998 esset

488 2048 810 2112 praesens,
833 2032 1290 2113 prout-saepius
1317 2031 1619 2095 haetenus
1639 2029 2056 2096 factumi-ts-

483 2148 556 2192 σο
610 2127 1020 2212 intelligimus
1044 2173 1066 2204 ,
1125 2128 1202 2193 ad
1260 2124 1622 2213 hujusmodi
1677 2134 2052 2194 Doctoratus

489 2226 750 2308 gradum
780 2227 843 2288 in
874 2228 1098 2290 eadem
1131 2228 1295 2292 Urbe
1341 2246 1746 2309 promovere3
1780 2226 1889 2290 sed
1922 2235 2053 2289 tan·

479 2323 809 2399 ,tummotlo
851 2316 1145 2399 Notarios
1205 2333 1452 2393 nostros
1503 2312 1897 2407 praedictos,
1944 2345 2049 2388 eo·

483 2419 1124 2503 rumquecottegium
1157 2428 1424 2503 quatuor
1443 2420 1753 2502 ‘personas
1783 2420 2052 2502 singulis

465 2516 952 2601 ‘annia-easque
981 2514 1044 2581 in
1075 2519 1241 2583 Urbe
1273 2519 1591 2600 praedicta
1620 2539 1792 2592 vere,
1823 2527 1885 2583 et
1917 2536 2053 2583 rea·

484 2612 634 2680 liter
674 2627 1098 2699 praesentes,
1125 2617 1381 2699 praevio
1426 2617 1712 2701 rigoroso
1758 2618 2049 2689 examine

481 2708 939 2799 personaliter,
997 2723 1068 2777 et
1121 2714 1544 2796 collegialiter
1590 2736 1703 2796 per
1745 2716 2050 2798 ipsosmet

485 2811 776 2881 Notarios
832 2810 1158 2886 faciendo,
1220 2822 1283 2877 et
1341 2833 1464 2876 non
1517 2812 1742 2886 aliter,
1773 2832 1888 2878 nec
1921 2812 2049 2878 alio

485 2911 718 2981 modo,
762 2909 840 2972 ad
887 2926 1170 2974 normam
1214 2908 1439 2981 lndulti
1486 2900 1824 2990 Apostolici
1854 2930 1888 2973 a
1919 2929 2043 2974 ree.

485 3026 674 3070 mem.
691 3009 956 3083 urbano,
968 3016 1128 3088 Papa
1143 3014 1303 3071 Vttt.
1329 3009 1520 3072 etiam
1554 3006 2045 3072 praedecessore

480 3111 702 3170 nostro
732 3104 939 3170 eidem
965 3104 1252 3196 collegio
1282 3104 1565 3194 conc-essi
1583 3147 1603 3178 ,
1630 3112 1746 3188 per
1773 3125 1918 3172 suas
1949 3104 2058 3174 tit,

480 3211 658 3266 teras.
678 3202 856 3265 datas
883 3201 1001 3265 sub
1033 3200 1281 3267 Annulo
1309 3202 1648 3267 Piscator-is
1688 3201 1792 3266 die
1833 3202 2048 3284 quinta

485 3298 870 3381 Septembris
911 3287 1068 3362 Anni
1109 3298 1441 3363 millesimi
1489 3296 1935 3376 sexcentesimi
1961 3298 2051 3360 vi-

480 3395 706 3478 gesimi
738 3394 912 3465 noni,
941 3394 1020 3456 ad
1044 3403 1414 3460 Doctoratus
1445 3393 2048 3478 gradum-hujusmo-

477 3492 542 3557 di
568 3512 965 3575 promovere,
990 3491 1193 3557 libere
1226 3501 1292 3556 et
1323 3492 1496 3557 licite
1519 3513 1706 3575 posse
1727 3494 2041 3578 praesenti

479 3602 734 3679 nostrae
764 3590 1210 3655 declarationis
1239 3589 1496 3654 oraculo
1522 3590 1893 3656 definimusz
1927 3597 2043 3656 De·

482 3699 811 3754 cernentes
843 3689 932 3754 sic
954 3685 1073 3763 ,et
1104 3704 1227 3752 non
1257 3685 1444 3764 aliter
1470 3677 1946 3774 intelligendas,
1978 3699 2072 3755 et„

483 3786 984 3869 interpretandas
1011 3786 1208 3850 fuisse
1230 3829 1250 3860 ,
1281 3788 1566 3868 atquein
1596 3799 1918 3870 posterum
1953 3783 2044 3850 in-

437 3881 442 3888 ’
482 3884 682 3968 tettigi
704 3891 820 3958 ,·et
856 3884 1254 3965 interpretari
1296 3885 1534 3949 debere
1577 3886 1924 3952 eorundem
1951 3886 2045 3951 Si-

478 3983 616 4055 xti,
631 3992 704 4048 “et
728 3982 964 4048 Urbani
982 3985 1554 4048 praedecessorum
1575 3983 1822 4078 litteras
1841 3997 2039 4068 *prae-

377 4125 382 4131 ·
477 4080 681 4146 dictas
707 4125 727 4153 ,
754 4101 908 4162 quas
938 4098 1052 4163 pro
1082 4081 1320 4164 majori·
1339 4081 1605 4156 cantela,
1636 4093 1702 4147 et
1727 4093 2041 4165 quatenus

480 4198 640 4261 opus
665 4178 762 4242 ‘sit
785 4221 806 4253 ,
848 4188 1111 4244 eatenus
1152 4178 1498 4244 limitamus
1520 4223 1540 4254 ,
1572 4199 1947 4245 revocamus
1977 4189 2041 4260 et

478 4276 844 4349 abolemus,
871 4282 1179 4358 quatenus
1204 4269 1649 4360 praesentibus
1676 4267 1910 4344 nostris
1940 4278 2041 4340 lit-

475 4374 636 4439 teris
666 4373 732 4436 in
764 4373 976 4456 aliquo
1006 4373 1436 4451 adversentur,
1466 4376 1721 4439 easdem
1752 4378 1818 4440 in
1848 4377 2044 4442 omni-

477 4472 600 4536 bus
624 4479 690 4535 et
724 4492 836 4554 per
864 4472 1071 4535 omnia
1099 4472 1196 4534 ad
1206 4472 1368 4535 viam
1395 4479 1486 4536 et
1487 4475 1799 4539 terminos
1819 4493 2042 4539 earun-

479 4570 624 4632 dem
651 4569 1077 4653 praesentium
1107 4570 1518 4644 reducentes3
1553 4585 1633 4635 ne
1662 4572 1724 4632 in
1754 4591 1847 4642 re.
1879 4591 2041 4654 quae

469 4670 629 4731 tanti
661 4669 963 4733 momenti
995 4676 1094 4732 est
1127 4688 1240 4749 pro
1269 4677 1443 4732 recto
1473 4689 1544 4732 ac
1573 4667 1743 4734 felici
1782 4676 2040 4734 Sanctae

479 4765 803 4830 Ecclesiae
834 4776 899 4831 ct
928 4763 1327 4847 Reipublicae
1370 4766 1674 4849 gubernio
1697 4809 1717 4840 ,
1745 4766 1847 4830 vel
1875 4767 2039 4849 peri-

477 4862 684 4928 culum
716 4863 1081 4935 immineat,
1114 4861 1284 4943 quod
1318 4865 1436 4926 sub
1466 4862 1667 4927 aliena
1699 4863 1820 4928 tide
1853 4872 1915 4928 et
1943 4883 2040 4928 re·

477 4960 839 5030 lationibus,
868 4961 946 5022 ad
979 4960 1209 5044 gradus
1238 4960 1598 5054 hujusmodi
1633 4963 2039 5044 promovean-
2073 5009 2078 5020 .

480 5071 581 5124 tur
622 5058 856 5124 indocti
882 5101 902 5129 ,
929 5067 998 5121 et
1025 5059 1131 5139 qui
1162 5058 1213 5121 si
1246 5057 1604 5141 diligentem
1637 5059 2039 5124 examinatio·

465 5178 622 5222 nem
671 5175 788 5237 per
833 5156 1136 5239 ipsosmet
1189 5155 1486 5226 Notarios
1529 5157 1951 5238 personaliter
1977 5166 2041 5226 et

461 5253 900 5337 ‘collegialiter
926 5253 1267 5316 adhibitam
1288 5253 1655 5336 subjissent,
1676 5256 1882 5321 minus
1902 5255 2074 5324 ido·

478 5353 580 5417 nei
612 5353 824 5416 forsan
854 5350 1094 5436 reperti
1125 5347 1391 5415 finissent
1412 5379 1444 5411 .·
1464 5352 1707 5426 vehtd,
1737 5355 1905 5436 qnod
1931 5356 2040 5420 ab-

481 5452 734 5516 surdum
765 5456 1151 5532 reputamus,
1170 5458 1498 5533 sequatur,
1517 5459 1589 5515 nt
1599 5451 1844 5528 ,scilicet
1863 5473 2039 5536 prae-

3376 512 3389 526 ‘
3438 514 3542 571 ss‘l

2169 662 2351 728 dicto
2371 663 2767 735 Notariorum
2800 668 3155 728 nostrorum
3178 659 3491 747 Collegio,
3518 661 3619 727 eni
3642 661 3730 727 de

2170 780 2319 825 vere
2348 762 2701 849 et·realiter
2728 761 3167 843 praesentibus
3195 760 3259 823 in
3292 759 3512 825 eadem
3532 759 3726 832 Urbe,

2171 858 2413 943 nonnisi
2447 870 2711 941 quatuor
2728 856 2997 943 singulis
3022 859 3201 925 annis
3229 857 3507 940 diligenti
3550 876 3729 939 prae·

2172 958 2363 1021 misso
2423 959 2703 1021 examine
2728 1001 2748 1029 ,
2798 957 2975 1040 juxta
3035 964 3449 1021 memoratum
3499 952 3729 1019 Urbani

2170 1055 2676 1121 praedecessoris
2708 1055 3013 1119 {adultum
3038 1097 3059 1129 ,
3091 1054 3166 1118 ad
3199 1054 3454 1138 gradum
3487 1051 3731 1135 praedi-

2169 1160 2337 1215 ctum
2380 1172 2747 1235 promovere
2774 1172 3159 1217 concessum
3202 1151 3368 1239 ⁴t'nit3
3416 1151 3477 1213 id
3525 1152 3731 1233 ipsum

2165 1249 2233 1311 in
2277 1271 2543 1316 numero
2587 1250 2914 1335 indefinito
2957 1250 3329 1332 permissum
3360 1257 3732 1319 censeatur,

2166 1347 2374 1428 quoad
2406 1368 2519 1411 eos
2540 1392 2559 1420 ‚
2591 1349 2701 1429 qni
2725 1350 2806 1411 ab
2826 1346 3054 1411 eadem
3086 1348 3251 1411 Urbe
3282 1348 3577 1410 absentes
3599 1388 3621 1418 ‚
3661 1351 3739 1408 et

2171 1444 2233 1506 in
2267 1442 2711 1513 remotissimis
2727 1444 2995 1510 for-tasse
3016 1444 3381 1528 regionibus
3406 1442 3735 1510 constituti

2165 1552 2609 1625 permaneant.
2648 1592 2655 1603 .

2294 1641 2387 1703 Ad
2416 1641 2863 1706 consulendum
2896 1649 3117 1705 tamen
3172 1638 3589 1703 indemnitati
3626 1656 3733 1704 eo·

2170 1758 2350 1809 rum,
2382 1741 2488 1821 qui
2520 1740 2824 1805 hactenus
2854 1760 2888 1823 a
2912 1739 3177 1803 dilectis
3207 1739 3382 1801 Filiis
3416 1738 3594 1803 Sedis
3653 1742 3732 1801 A-

2166 1822 2511 1916 postolicae
2541 1838 2811 1902 Notariis
2837 1818 3172 1918 praedictis
3214 1847 3398 1901 extra
3454 1837 3731 1907 Urbem,

2168 1934 2279 1999 et
2264 1955 2323 1995 ιιι
2353 1937 2638 2000 absentia
2667 1943 2883 2001 contra
2915 1934 3267 2015 praesentis
3312 1943 3569 2005 nostrae
3623 1933 3732 1997 de·

2163 2028 2521 2096 clarationis
2550 2041 2824 2095 tenorem
2849 2076 2870 2103 ,
2918 2036 3291 2099 Doctoratus
3348 2031 3612 2113 gradum
3668 2028 3732 2093 in

2159 2138 2439 2211 atroque
2467 2128 2567 2193 vel
2594 2129 2906 2193 alterutro
2931 2129 3071 2213 jure
3098 2128 3493 2210 susceperint
3516 2152 3537 2202 ς
3594 2146 3731 2191 om·

2167 2244 2279 2307 nes
2311 2235 2373 2288 et
2405 2225 2682 2308 singulas
2746 2222 3107 2309 hujusmodi
3167 2224 3625 2308 promotiones.
3653 2222 3733 2288 ad

2146 2320 2322 2407 *bunc
2353 2322 2519 2387 diem
2549 2332 2832 2404 peractas
2863 2324 3239 2387 auctoritate
3271 2330 3485 2386 nostra
3517 2336 3737 2402 perpe-

2164 2425 2270 2482 tuo
2300 2419 2763 2493 revalidamus3
2793 2427 2859 2485 et
2909 2435 3337 2502 quascumque
3387 2418 3730 2500 promotio·

2162 2534 2310 2579 num
2343 2515 2699 2599 hujusmodi
2729 2517 3080 2590 nullitates,
3112 2539 3191 2581 ex
3220 2518 3552 2600 potestatis
3576 2518 3730 2579 dua-

2163 2623 2336 2680 taxat
2365 2614 2615 2680 defectu
2644 2618 3087 2699 provenientes
3106 2658 3127 2685 ,
3159 2614 3521 2678 earumdem
3550 2632 3730 2695 pru·

2165 2713 2443 2799 sentium
2471 2722 2689 2778 tenore
2739 2734 3067 2785 sanamus:
3131 2713 3528 2794 Easdemque
3586 2733 3727 2795 pro-

2163 2800 2477 2873 motiones
2507 2819 2573 2872 et
2603 2809 3161 2891 graduszbacteaus
3191 2809 3273 2872 ita
3306 2808 3619 2880 collatos,
3660 2816 3732 2881 et

2164 2907 2875 2991 respective-susceptos
2895 2950 2916 2979 ,
2950 2909 3026 2971 ad
3063 2928 3285 2971 omnes
3313 2908 3578 2972 effectus
3599 2950 3618 2978 ‚
3648 2905 3729 2971 ad

2141 3025 2321 3086 „quos
2352 3005 2436 3069 de
2464 3014 2678 3068 cetero
2705 3005 2920 3079 valere
2965 3005 3452 3075 recubantem·
3481 3004 3722 3073 eisdem

2161 3103 2275 3176 sic,
2296 3109 2373 3166 nt
2400 3100 2754 3184 praefertur
2774 3103 3077 3183 promotis
3104 3102 3167 3166 in
3189 3104 3724 3186 posterum-etiam

2155 3199 2489 3283 suffragari
2518 3199 2753 3263 debere
2781 3200 3130 3265 statuimus.
3454 3193 3455 3198 ἵ
3573 3226 3577 3230 ·

2284 3297 2437 3371 Quia
2466 3318 2616 3362 vero
2648 3296 2899 3363 illustre
2930 3309 2992 3366 et
3023 3299 3462 3382 perantiquum
3494 3319 3722 3364 eorun-

2161 3393 2301 3458 dem
2336 3383 2729 3461 Notariorum
2750 3398 2842 3462 de
2892 3418 3156 3468 numero
3215 3398 3721 3480 nartieipantium

2155 3491 2509 3576 Collegium
2541 3488 2941 3579 hujusmodi,
3000 3498 3083 3562 ob
3124 3504 3301 3580 grata
3360 3496 3720 3562 devotionis

2159 3597 2220 3650 et
2255 3588 2696 3656 familiaritatis
2728 3592 3084 3674 obsequia,
3113 3613 3278 3674 quae
3310 3594 3502 3657 Nobis
3542 3600 3606 3656 et
3636 3598 3716 3658 A·

2156 3687 2497 3769 postolicae
2522 3689 2670 3753 sedi
2720 3690 3113 3762 incessanter
3166 3691 3464 3773 impendit
3490 3735 3511 3764 ,
3572 3691 3720 3758 alia-

2156 3806 2280 3874 que
2311 3785 2485 3871 illius
2515 3779 2579 3850 et
2608 3790 3009 3855 Notariorum
3040 3782 3496 3869 praedictorum
3528 3789 3720 3853 meri·-

2156 3883 2552 3964 ta,·speciali
2587 3884 3027 3949 benevolentia
3074 3886 3553 3968 prosequimur,
3610 3906 3718 3952 vo-

2111 4051 2120 4060 ,
2153 3979 2362 4045 lentes
2390 3981 2667 4064 aliquam
2695 4001 3045 4063 propensae
3076 3990 3326 4046 nostrae
3356 4005 3511 4067 erga
3554 3983 3716 4049 illud

2152 4078 2494 4144 voluntatis
2522 4079 3041 4162 significationem
3072 4080 3370 4145 exhibere
3392 4125 3413 4154 ,
3466 4082 3712 4146 eisdem

2153 4177 2441 4256 Notariis
2472 4177 2564 4241 de
2623 4197 2883 4241 numero
2937 4178 3256 4259 praedicto
3277 4221 3298 4250 ,
3356 4199 3717 4262 eorumque

2151 4274 2437 4358 Collegio
2465 4273 2715 4358 plenam
2762 4275 3185 4360 liberamque·
3211 4277 3521 4341 lirentiam
3546 4323 3566 4353 ,
3618 4279 3712 4344 fa·

2156 4374 2453 4440 cultatem
2484 4383 2550 4437 et
2577 4380 2951 4455 potestatem
2980 4394 3097 4457 per
3121 4374 3375 4440 easdem
3427 4395 3721 4458 praesen-

2147 4481 2252 4540 tes
2280 4471 2615 4546 tribuimus
2645 4479 2709 4536 et
2745 4470 3145 4553 impertimur
3166 4516 3190 4545 ,
3217 4481 3289 4536 ut
3320 4473 3469 4556 ipsi,
3499 4475 3577 4538 d‘e
3598 4491 3711 4546 ce,-

2141 4580 2299 4636 ·tero
2327 4569 2391 4631 in
2412 4579 2792 4651 perpetuum
2827 4570 3096 4658 singulis
3122 4574 3346 4644 annis,
3379 4591 3502 4635 non
3560 4583 3717 4655 qua·'

2155 4678 2297 4732 tuor
2324 4668 2621 4731 duntaxat
2678 4686 3020 4754 personas,
3080 4681 3314 4750 easque
3350 4668 3715 4750 'familiares

2135 4773 2216 4829 -et
2248 4772 2813 4847 pauperes,prout
2840 4765 2903 4830 in
2937 4764 3122 4828 dictis
3169 4766 3397 4829 Urbani
3458 4766 3718 4830 Praeda·-

2148 4861 2423 4928 cessoris
2453 4861 2661 4927 literis
2693 4863 3150 4945 praescriptum
3183 4862 3536 4944 reperitur,
3598 4865 3711 4940 sed

2149 4962 2365 5043 nigore
2390 4957 2860 5040 praesentium,
2891 4981 3001 5028 sex
3061 4959 3315 5042 quidem
3372 4979 3711 5041 personas,

2109 5115 2116 5120 .
2152 5058 2401 5123 etiamsi
2432 5078 2554 5122 non
2585 5056 2930 5123 familiares
2952 5101 2972 5131 ,
3003 5077 3120 5123 nec
3148 5076 3454 5140 pauperes
3481 5057 3510 5141 (
3533 5058 3711 5134 dun„-

2154 5154 2343 5219 modo
2372 5165 2611 5232 tamen·
2641 5155 2704 5217 in
2763 5156 2939 5220 Urbe
2983 5163 3347 5235 praesentes
3403 5157 3713 5232 existant,

2150 5252 2401 5336 aliaque
2436 5252 2792 5317 necessaria
2821 5252 3131 5334 requisita·
3177 5252 3310 5315 illis
3368 5254 3712 5338 suffragen-

2151 5350 2304 5448 tur)
2333 5351 2409 5414 ad
2443 5351 2831 5431 praedictum
2848 5350 3105 5433 gradum
3138 5352 3553 5417 Doctoratus
3534 5373 3598 5416 ιιι
3625 5353 3714 5418 al-

2137 5459 2337 5524 tero,
2368 5446 2465 5513 vel
2498 5457 2766 5531 utroque
2790 5447 2937 5532 jure
2966 5467 3339 5531 promovere
3365 5453 3609 5533 possint
3648 5462 3713 5517 et
