4442 6300
999 504 1107 559 280

948 646 1375 712 ferdinandus
1402 649 1593 712 Maria
1639 648 1717 712 dc
1762 648 1998 716 Ruheis
2040 650 2388 737 Archiepis-

1036 763 1230 826 copus
1260 742 1436 808 Tarsi
1465 790 1481 805 .

946 837 1213 902 michael
1240 839 1437 905 Maria
1465 838 1820 906 Vincentini
1869 841 2389 927 Archiepiscopus

1033 934 1439 1001 Theodosiae.

948 1030 1240 1096 Nicolaus
1297 1031 1518 1098 Carasa
1571 1032 2104 1121 Archiepiscopns
2154 1034 2391 1120 Philip-

1032 1148 1244 1210 pensis
1269 1174 1287 1192 .

948 1226 1255 1290 Antonius
1285 1232 1556 1293 Eonseca
1586 1226 1934 1311 Episcopus
1959 1230 2205 1295 AEsinus
2229 1275 2245 1292 .

947 1321 1254 1385 Antonius
1279 1322 1588 1390 xaverius
1618 1323 2003 1390 Santamaria
2044 1324 2390 1409 Episcopus

1022 1422 1339 1503 Cyrenen.

948 1517 1307 1580 Bernardus
1361 1516 1663 1583 Antonius
1713 1516 1986 1583 Pizzella
2045 1516 2390 1602 Episcopus

1034 1614 1436 1679 Constantien
1467 1660 1483 1675 .

949 1709 1300 1775 Ludovicns
1329 1711 1632 1776 Antonius
1649 1710 1934 1783 Valdina,
1966 1710 2121 1776 olim
2143 1714 2391 1776 Cremo-

1034 1827 1114 1872 na
1144 1808 1481 1892 Episcopus
1508 1809 2055 1890 Hermopolitanus

955 1906 1279 1970 Fabricius
1307 1905 1533 1989 Borgia
1566 1906 1907 1988 Episcopus
1936 1905 2307 1971 Ferentium
2330 1952 2346 1968 .

949 2001 1244 2067 Nicolaus
1273 2000 1531 2083 spinelli
1560 2003 1899 2085 Episcopus
1928 2009 2306 2069 Aversanus.

952 2099 1333 2185 Hippolytus
1375 2119 1412 2164 e
1456 2099 1695 2164 Ruheis
1739 2107 1798 2164 S.
1844 2100 2111 2193 Secundi
2144 2102 2393 2185 Episco-

1035 2218 1157 2279 pus
1184 2193 1601 2282 senogallien.

946 2298 1021 2357 1).
1063 2293 1290 2358 Paulus
1339 2292 1613 2358 Thomas
1660 2299 1913 2360 Marana
1945 2293 2286 2379 Episcopus
2314 2298 2391 2358 A·

1034 2389 1330 2455 sculanus
1355 2389 1419 2452 in
1447 2390 1695 2456 Piceno.

948 2494 1047 2553 Fr.
1091 2487 1391 2552 silvester
1442 2486 1681 2554 ueratri
1726 2486 2067 2571 Episcopus
2113 2487 2389 2574 Porphy-

1029 2602 1257 2648 riensis
1277 2629 1294 2646 .

944 2682 1254 2748 Antonius
1285 2678 1757 2763 Amalphitanus
1810 2681 2162 2766 Episcopus
2201 2688 2384 2747 Orto-

1028 2797 1172 2842 nen.
1202 2785 1264 2843 ct
1293 2776 1609 2860 Camplen.

945 2876 1252 2940 Antonius
1279 2875 1538 2940 cantoni
1567 2875 1910 2959 Episcopus
1935 2877 2340 2943 Faventinus.

947 2978 1177 3040 Caesar
1202 2972 1489 3056 Bonajuti
1516 2974 1864 3057 Episcopus
1890 2973 2237 3040 pharensis.

945 3070 1170 3137 Paulus
1200 3069 1499 3135 Bonavisa
1530 3073 1880 3157 Episcopus
1906 3072 2298 3155 Spoletinus.

850 3217 859 3222 -
945 3170 1179 3238 Marius
1207 3167 1413 3232 Maffei
1444 3169 1785 3254 Episcopus
1811 3170 2268 3255 Fulginatensis
2290 3214 2305 3231 .

951 3267 1152 3336 Guido
1221 3263 1508 3332 Ursellus
1572 3269 1923 3354 Episcopus
1992 3273 2326 3334 caesenae.

941 3362 1329 3452 Hyacinthus
1357 3363 1434 3428 de
1463 3364 1782 3430 silvestris
1809 3364 2153 3449 Episcopus
2182 3370 2383 3448 Nepe-

1030 3461 1203 3527 sinus
1227 3464 1294 3524 et
1321 3459 1604 3525 Sutrinos
1624 3504 1644 3523 .

943 3557 1222 3644 AEgidius
1251 3559 1557 3624 Antonius
1600 3553 1856 3622 lsahelli
1896 3555 2242 3643 Episcopus
2281 3556 2383 3620 Al·

1029 3653 1316 3735 liphanus
1341 3697 1358 3715 .

942 3757 1217 3820 Ioannes
1271 3748 1574 3812 Antonius
1636 3746 1985 3816 Bachetoni
2038 3749 2381 3833 Episcopus

1028 3844 1387 3928 Anagninus
1411 3891 1429 3908 .

943 3941 1304 4008 Franciscus
1333 3941 1642 4007 Antonius
1667 3942 1909 4026 Spadea
1930 3943 2274 4030 Episcopus
2305 3948 2383 4008 A·

1031 4039 1255 4123 quinas
1286 4044 1351 4104 et
1380 4039 1801 4124 Fregellarum
1827 4084 1844 4103 .

852 4145 857 4152 “
941 4142 1068 4202 Leo
1095 4141 1287 4201 Lucas
1316 4136 1458 4201 Vita
1486 4136 1831 4221 Episcopus
1862 4136 2168 4224 Oppiden.

814 4425 1038 4504 ornnes
1066 4428 1386 4505 Pontificio
1412 4428 1574 4492 Solio
1597 4428 1991 4501 desistentes,
2020 4433 2238 4507 quibus
2263 4445 2380 4506 pa-

814 4541 823 4552 ·
898 4532 960 4589 ri
981 4531 1106 4589 ritu
1136 4535 1195 4589 ct
1218 4529 1499 4587 unanimi
1520 4531 1853 4589 vomentia
1907 4529 2199 4605 Episcopi
2253 4545 2380 4589 non

905 4628 1262 4688 Amanum
1287 4625 1354 4683 in
1385 4624 1720 4687 omittendis
1744 4641 1861 4700 pro
1894 4627 2375 4690 canonizatione

860 4725 865 4732 ⁴
897 4721 1197 4805 suffragiis
1212 4731 1608 4785 accesserunt.
1627 4725 1917 4788 Videlicet
1938 4724 2061 4783 ΗΒ.
2085 4721 2214 4782 ΡΡ.
2244 4724 2374 4784 DD.

945 5007 1182 5093 Ioseph
1227 5006 1435 5074 Schiro
1487 5009 2006 5094 archiepiscopus
2034 4983 2381 5080 nirr'haohi-

1028 5126 1190 5181 nus,
1241 5106 1348 5186 qui
1393 5107 1597 5188 patrio
1643 5108 1856 5192 prius,
1904 5106 2137 5174 deinde
2178 5106 2383 5181 ⁴latino

1025 5202 1323 5267 idiomate
1355 5203 1499 5268 tulit
1524 5204 1894 5289 suffragium
1921 5249 1937 5266 .

944 5298 1197 5384 Sergius
1225 5299 1558 5367 Alexandri
1592 5309 1904 5367 Armenus
1951 5301 2383 5386 Archiepisco-

1030 5418 1147 5481 pus
1180 5400 1519 5466 Caesareae
1549 5400 2007 5487 Cappadociae,
2039 5400 2145 5484 qui
2174 5398 2380 5485 patrio

2026 504 2234 560 acra
2272 490 2927 561 cmominroms

2709 647 2888 734 prius
2909 692 2930 722 ,
2961 647 3188 714 deinde
3216 646 3410 713 latino
3433 644 3730 714 idiomate
3757 646 3893 715 tulit
3919 644 4036 714 snfss

2708 744 3003 830 fragium.

2629 842 2973 925 Stephanus
3001 846 3384 909 Assemanus
3424 840 3939 925 Archiepiscopus
3966 848 4039 907 A·

2710 956 2989 1020 pameae.

2629 1042 2901 1102 loannes
2941 1035 3343 1100 Innocentius
3393 1035 3749 1123 Episcopus
3804 1038 4041 1118 Eagara·

2716 1133 2985 1207 siensi's‚
3041 1133 3246 1216 patrio
3299 1133 3516 1215 prins,
3581 1131 3803 1196 deinde
3855 1131 4040 1196 latino

2712 1229 3008 1294 idioinate
3039 1228 3402 1312 suffragium
3432 1227 3672 1293 emisit.

2622 1327 3050 1392 Bernardinus
3076 1326 3222 1390 Vari
3247 1325 3589 1408 Episcopus
3645 1323 3917 1388 Civitatis
3956 1325 4059 1387 Ga·

2621 1428 2633 1439 ’
2713 1422 3017 1488 stellanae
3051 1432 3117 1488 et
3142 1429 3413 1487 Hor-tae.
3483 1448 3492 1455 ·

2611 1514 2903 1584 'lacobus
2931 1518 3248 1604 Philippus
3275 1515 3532 1583 consoli
3581 1516 3925 1600 Episcopus
3967 1519 4042 1577 A·

2709 1617 3008 1681 merinus.

2629 1713 2938 1796 Iosephus
2967 1711 3237 1797 Coppola
3265 1712 3611 1797 Episcopus
3651 1710 4003 1793 Aquilanus.

2627 1810 2864 1893 loseph
2897 1809 2973 1874 de
3003 1809 3241 1875 Rubeis
3270 1811 3622 1892 Episcopus
3653 1806 4046 1872 venafranus.
4127 1872 4138 1885 .
4201 1836 4224 1861 ··

2625 1910 2901 1970 loannes
2951 1904 3315 1971 Franciscus
3372 1903 3667 1970 cavallini
3728 1902 4053 1988 Episcopus

2708 2002 3048 2067 Alatrinus.

2621 2097 2915 2165 Nicolaus
2946 2098 3126 2164 cioffi
3160 2100 3503 2184 Episcopus
3532 2102 3824 2161 Soranus.

2628 2202 2903 2262 Ioannes
2931 2198 3237 2263 Antonius
3267 2194 3524 2260 castelli
3581 2194 3927 2278 Episcopus
3955 2192 4056 2255 Ca·

2708 2293 3038 2358 tharensis.

2622 2390 2918 2455 Nicolaus
2945 2390 3141 2455 Maria
3170 2388 3526 2475 calcagnini
3559 2387 3908 2471 Episcopus
3952 2381 4050 2448 Cl-

2708 2487 2915 2552 vitatis
2942 2486 3215 2553 Ducalis.

2621 2585 3021 2650 Innocentius
3053 2582 3401 2670 Gorgonius
3430 2582 3781 2667 Episcopus
3809 2579 4052 2646 Pinnen.

2708 2689 2776 2746 et
2800 2682 3094 2746 Hadrien.

2621 2971 3044 3038 consistoriali
3078 2969 3323 3037 Actioni
3384 2966 3582 3032 finem
3640 2964 3895 3030 tandem
3942 2963 4051 3027 im·
4158 2974 4163 2978 ’

2494 3069 2704 3151 posuit
2729 3069 2924 3134 altera
2952 3070 3162 3134 brevis
3195 3064 3584 3134 Sanctissimi
3631 3061 3946 3129 Allocutio
3967 3105 3989 3134 ‚
4016 3080 4050 3124 a

2494 3185 2614 3249 qua
2644 3190 2785 3233 cum
2814 3176 2982 3233 esset
3010 3168 3341 3251 expeditus
3363 3209 3387 3239 ‚
3434 3168 3637 3229 stante
3697 3165 4053 3225 Procurato-

2494 3264 2582 3329 ris
2600 3264 2850 3329 Eiscalis
2870 3274 2937 3328 et
2959 3267 3294 3328 Protonota
3304 3263 3536 3325 riorum
3556 3255 4050 3340 participantium

2495 3362 2777 3426 absentia
2797 3404 2817 3434 ‚
2846 3361 3242 3425 demandavit
3272 3358 3433 3420 mihi
3463 3365 3529 3420 ut
3562 3375 3753 3439 supra
3792 3352 4054 3418 relatum

2493 3466 2629 3531 est,
2659 3458 2825 3542 quod
2851 3475 3150 3546 praesens
3179 3457 3301 3522 hoc
3330 3463 3517 3539 prout
3545 3469 3834 3536 exequor
3852 3493 3874 3528 ‚
3915 3465 4055 3516 con·

2489 3554 2745 3621 ficerem
2781 3561 3292 3619 instrumentum.

2617 3660 2770 3717 Acta
2802 3659 2946 3714 sunt
2972 3652 3127 3716 haec
3152 3651 3215 3713 in
3243 3645 3548 3725 Quirinali
3599 3644 3844 3711 Palatio
3901 3640 4008 3706 die
4028 3681 4051 3712 ‚

2490 3769 2706 3814 mense
2748 3758 2815 3814 et
2869 3769 3032 3814 anno
3055 3792 3074 3824 ‚
3131 3747 3359 3831 quibus
3420 3764 3608 3828 supra
3666 3738 4054 3812 adstantibus

2494 3853 2617 3910 DD.
2645 3845 2836 3912 Paulo
2866 3847 3008 3911 Zani
3035 3843 3456 3916 Bononiensi,
3490 3840 3874 3921 et·Josepho
3926 3839 4051 3900 Ma·

2492 3943 2582 4007 ria
2609 3944 2787 4009 Puoti
2814 3941 3225 4027 Neapolitano
3270 3942 3349 4004 ab
3408 3939 3634 4004 intimo
3695 3929 4050 4000 sanctitatis

2491 4047 2648 4105 Suae
2678 4038 2979 4106 cubiculo
3008 4039 3299 4104 'restibus
3321 4036 3400 4102 ad
3426 4035 3546 4102 hoc
3571 4031 3933 4119 specialiter
3949 4027 4052 4094 ad·

2490 4136 2708 4203 bibitis
2731 4179 2751 4212 ,
2779 4146 2970 4220 atque
2996 4135 3257 4222 rogatis.

2705 4337 2795 4397 Ita
2823 4337 2922 4398 est
2952 4337 3072 4396 etc.

2731 4527 3011 4605 Ignatius
3042 4522 3615 4602 Beati-Apostolicis
3651 4514 4049 4582 caeremoniis

2865 4624 3248 4703 Praefectus.
4001 4629 4020 4650 ⁸

2511 4897 2520 4908 ρ
2601 4821 2777 4894 ,Loco
2796 4814 2849 4901 †
2863 4813 3052 4901 signi.

2620 4999 3175 5074 consistorialibus
3238 5003 3603 5100 Actionihus
3680 4994 4042 5065 coronidem

2494 5104 2822 5190 imponant
2840 5105 3025 5168 etiam
3055 5124 3239 5177 nnnc,
3270 5120 3430 5186 quae
3458 5099 3888 5167 adnectuntur,
3918 5088 4048 5170 sus-

2491 5199 2690 5285 t'ragia
2715 5205 2842 5264 BD.
2879 5197 3328 5273 cardinalium,
3385 5215 3624 5262 necnon
3681 5188 4052 5258 patriarcha·

2493 5318 2661 5372 rum,
2692 5283 3314 5380 Archiepiscoporum
3347 5301 3414 5361 et
3442 5287 3893 5378 Episcoporuin
3934 5283 4042 5350 ah·

2495 5395 2767 5461 sentium
2797 5395 2876 5461 ab
2908 5394 3058 5460 illis.
3103 5397 3113 5405 ⁴
