4442 6300
963 470 1029 520 18
1939 467 2143 519 ACTA
2186 466 2844 530 caxoluzavoms

770 629 1516 784 VENERABILES
1571 696 2035 770 FRATRES.
2077 696 2706 799 Septuagesimum
2745 695 3145 774 secundum
3183 694 3400 801 hujus
3452 703 3639 778 ‚vitae
3684 700 4004 778 mortalis

759 837 1036 886 annum
1074 814 1411 887 inivimus
1439 870 1459 903 ‚
1518 810 1847 914 illudque
1886 816 2239 888 affirmare
2278 812 2441 913 jure
2481 840 2854 916 possumus
2888 842 3115 890 annos
3157 819 3692 921 quinquaginta
3728 838 4000 897 contu-

757 925 949 1016 lisse,
993 933 1256 1030 exiguo
1294 926 1463 1003 licet
1490 954 1662 1001 cum
1706 929 1957 1001 fructu
1988 984 2008 1018 ‚
2046 928 2300 1003 studiis
2332 928 2840 1005 Ecclesiasticis
2874 931 3285 1006 excolendis
3314 988 3334 1022 ‚
3370 951 3592 1037 atque
3615 962 3622 965 ·
3648 939 3726 1009 iis
3779 964 3998 1040 prae-

759 1048 1009 1118 sertim
1037 1100 1057 1133 ‚
1099 1072 1287 1147 quae
1324 1045 1410 1119 ad
1451 1044 2067 1120 Beatificationem
2105 1047 2507 1126 Servorum
2547 1049 2716 1134 Dei,
2775 1073 2858 1120 ac
2908 1051 3302 1123 Beatorum
3354 1052 4004 1128 Canonizat'ionem

760 1164 1166 1265 pertinent.
1209 1165 1393 1236 Cum
1427 1165 1617 1237 enim
1660 1162 2072 1237 forensibus
2109 1162 2362 1236 studiis
2400 1189 2700 1267 operam
2731 1163 2907 1238 dare
2939 1169 3422 1242 statuissemus
3449 1225 3471 1258 ‚
3522 1168 3793 1243 factum
3839 1188 3946 1245 est
3978 1231 3998 1261 ,

761 1293 852 1351 ut
888 1277 1307 1352 Alexander
1343 1282 1663 1383 Caprara
1696 1296 1874 1353 tunc
1913 1283 2259 1383 temporis
2294 1283 2525 1355 Rotae
2561 1285 2927 1356 Romanae
2967 1283 3329 1376 Auditor,
3372 1311 3453 1359 ac
3506 1286 3772 1362 deinde
3811 1289 3995 1365 Car-

757 1394 1014 1471 dinalis
1043 1451 1063 1487 ‚
1101 1394 1315 1470 illius
1344 1396 1703 1471 Tribunal
1741 1398 2123 1473 Secretum
2155 1453 2175 1486 ‚
2212 1415 2301 1471 ut
2335 1395 2546 1500 ajunt
2571 1454 2593 1487 ‚
2654 1399 2878 1475 Nobis
2929 1406 3502 1477 communicaret
3524 1456 3544 1476 .
3580 1406 3765 1480 Cum
3816 1432 3994 1482 vero

755 1510 877 1587 ille
919 1517 1193 1616 pariter
1232 1517 1425 1587 inter
1459 1513 1930 1588 Consultores
1981 1515 2580 1617 Congregationis
2631 1516 3026 1592 Sacrorum
3065 1523 3365 1594 Rituum
3424 1520 3669 1595 fuisset
3719 1522 3996 1597 adscri-

754 1646 953 1737 ptuS,
985 1636 1358 1736 coepimus
1397 1648 1731 1707 accurate
1767 1630 2013 1735 legere
2050 1638 2315 1736 scripta
2345 1636 2660 1709 exhibita
2703 1662 2742 1708 a
2778 1625 3387 1725 PostulatoffibuS‚
3414 1655 3634 1741 atque
3663 1639 3992 1714 animad-

755 1752 1120 1827 versiones
1172 1752 1626 1825 Promotoris
1673 1749 1875 1824 Fidei
1902 1777 1921 1840 ;
1964 1767 2039 1823 et
2075 1748 2207 1822 alia
2250 1776 2551 1853 quoque
2595 1779 2733 1855 pro
2796 1752 2900 1825 his
2962 1752 3212 1826 studiis
3260 1752 3679 1856 adjumenta
3732 1780 3994 1830 conse-

753 1870 968 1970 quuti
1007 1894 1251 1941 sumus
1282 1894 1372 1941 ex
1412 1866 1820 1945 domesticis
1869 1865 2250 1969 colloquiis
2280 1922 2300 1958 ,
2360 1895 2549 1970 quae
2612 1869 2799 1944 idem
2859 1869 3162 1944 Praesul
3228 1872 3550 1975 Capram
3608 1872 3984 1950 nobiscum

752 1983 1259 2057 interserebat.

906 2100 1188 2175 Deinde
1225 2129 1264 2174 a
1302 2098 1681 2175 Clemente
1715 2102 1850 2174 XI.
1888 2099 2119 2174 felicis
2156 2100 2681 2177 recordationis
2729 2106 2922 2178 inter
2974 2104 3523 2181 Consistoriales
3576 2104 3992 2183 Advocatos

751 2221 1137 2309 recensiti,
1172 2221 1397 2321 ipsius
1432 2217 1800 2294 Pontificis
1830 2215 2025 2317 jussu
2060 2217 2241 2292 duas
2292 2245 2536 2295 causas
2586 2223 3237 2295 Canonizationum
3279 2222 3814 2327 promovendas
3864 2248 3991 2298 su-

754 2339 1115 2440 scepimus
1143 2392 1165 2425 ‚
1204 2364 1469 2440 nempe
1501 2339 1767 2411 Beatae
1818 2337 2252 2411 Catharinae
2305 2338 2781 2413 Bononiensis
2809 2398 2827 2427 ,
2887 2365 2969 2412 ac
3011 2340 3227 2429 ,Beati
3288 2342 3397 2414 Pii
3432 2343 3521 2413 V.
3549 2396 3570 2431 ,
3607 2367 3799 2443 quae
3851 2343 3989 2416 sub

751 2453 1013 2529 eodem
1051 2454 1445 2529 Clementis
1478 2457 1616 2531 XI.
1655 2455 2229 2559 Pontificatuad
2284 2454 2502 2530 finem
2558 2454 2894 2530 solemnis
2945 2457 3524 2531 Canonizationis
3584 2456 3984 2562 perductae

750 2570 1107 2646 fuerunt:
1150 2589 1446 2675 praeter
1482 2572 1608 2645 has
1642 2573 1906 2645 Causas
1929 2627 1951 2660 ‚
1987 2570 2138 2645 aliis
2172 2596 2477 2675 quoque
2518 2572 2756 2646 multis
2794 2590 2951 2647 tum
2990 2572 3548 2649 Beatificationis
3575 2594 3616 2665 ,'
3651 2592 3809 2649 tum
3844 2577 3988 2651 Ca-

751 2693 1229 2766 nonizationis
1265 2716 1565 2792 operam
1602 2705 1916 2763 nostram
1957 2715 2040 2763 ac
2078 2693 2563 2792 patrocinium
2613 2690 3098 2795 impendimus
3127 2747 3148 2781 ,
3199 2717 3379 2797 quas
3431 2692 3573 2765 hoc
3629 2691 3797 2767 loco
3859 2719 3987 2769 re·-

753 2834 1050 2884 censere
1084 2832 1703 2911 supervacaneum
1742 2805 2107 2896 ducimus;
2152 2824 2228 2885 et
2264 2835 2453 2911 quae
2508 2835 2661 2883 non
2715 2834 2944 2914 pauca
2982 2835 3222 2912 neque
3260 2811 3513 2913 exigua
3560 2836 3730 2884 sane
3771 2810 3990 2887 volu-

755 2930 943 3002 mina
975 2981 995 3015 ‚
1031 2928 1084 2999 si
1128 2924 1655 3029 colligerentur
1681 2984 1702 3015 ,
1735 2927 2139 3000 efficerent.

905 3046 1085 3118 Post
1122 3045 1301 3118 haec
1334 3046 1788 3118 Promotoris
1814 3043 2015 3123 Fidei
2058 3041 2682 3147 perhonorificum
2719 3071 2982 3120 munus
3017 3043 3109 3118 ab
3142 3042 3404 3119 eodem
3440 3042 3813 3119 Clemente
3851 3046 3985 3121 XL

750 3161 973 3237 Nobis
1007 3160 1520 3236 demandatum
1560 3162 1702 3236 fuit
1735 3218 1755 3250 ‚
1786 3162 1993 3264 quod
2048 3189 2182 3265 per
2246 3165 2494 3265 viginti
2536 3181 2616 3237 et
2674 3161 2983 3265 amplius
3020 3188 3249 3236 annos
3282 3220 3300 3249 ‚
3367 3160 3710 3266 videlicet
3739 3219 3760 3254 ‚
3812 3190 3983 3239 cum

750 3278 944 3355 idem
981 3276 1314 3352 Clemens
1347 3280 1481 3351 XI.
1506 3332 1526 3368 ‚
1562 3305 1645 3351 ac
1679 3277 1946 3351 deinde
1983 3280 2458 3352 Innocentius
2501 3280 2705 3353 XIII.
2739 3335 2760 3370 ,
2815 3304 2899 3355 ac
2951 3278 3396 3354 Benedictus
3452 3279 3660 3353 XIII.
3721 3280 3985 3357 Sedem

752 3394 1248 3501 Apostolicam
1286 3411 1690 3469 tenuerunt
1721 3450 1741 3481 ‚
1785 3421 1924 3497 pro
1961 3393 2449 3469 imbecillitate
2479 3389 2915 3470 ‘nostrarum
2975 3399 3235 3474 virium
3271 3451 3291 3484 ‚
3328 3423 3543 3499 quam
3583 3396 3987 3501 diligentis·-

746 3516 919 3591 sime
956 3515 1163 3590 obire
1199 3519 1651 3588 curavimus,
1689 3510 1881 3586 Illud
1932 3539 2071 3615 pro
2133 3529 2341 3586 certo
2398 3510 2781 3588 adfirmare
2846 3538 3049 3617 posse
3118 3510 3501 3602 videmur,
3551 3517 3991 3616 gravissimas

740 3631 1019 3710 laboris
1054 3647 1296 3735 partes
1342 3631 1565 3705 Nobis
1599 3633 1762 3733 ipsis
1795 3655 2081 3732 semper
2118 3629 2636 3734 desumpsisse3
2679 3625 2815 3704 nec
2851 3633 3011 3704 satis
3047 3630 3473 3715 existimasse
3507 3630 3830 3706 studium
3883 3631 3980 3706 ad

744 3778 831 3827 ea
866 3754 1154 3852 negotia
1188 3747 1566 3823 dumtaxat
1602 3753 2075 3823 necessarium
2107 3805 2129 3838 ,
2162 3775 2354 3850 quae
2394 3750 3011 3852 proponebantur
3033 3804 3056 3840 ‚
3094 3746 3542 3851 expedienda
3574 3802 3596 3838 ‚
3641 3748 3764 3823 sed
3801 3750 3984 3824 Acta

749 3871 1086 3945 universa
1121 3868 1716 3969 Congregationis
1766 3867 2158 3939 Sacrorum
2195 3869 2500 3939 Rituum
2557 3868 2846 3969 penitus
2899 3867 3318 3970 inspexisse3
3383 3866 3602 3967 ipsius
3655 3865 3984 3940 Tabula-

757 3988 949 4062 rium
986 4002 1062 4058 et
1105 4000 1575 4058 monumenta
1610 3986 1847 4058 omnia
1879 4040 1900 4075 ‚
1941 4010 2130 4086 quae
2169 3982 2259 4058 ad
2297 4011 2451 4058 rem
2490 3982 2731 4057 facere
2772 3999 3065 4087 possent
3093 4038 3113 4074 ‚
3140 3985 3236 4056 ita
3277 3978 3746 4084 pervolvisse,
3781 3997 3865 4056 ut
3900 4009 3986 4057 ea

753 4130 1055 4207 quoque
1093 4101 1645 4192 adnotaremuS‚
1682 4128 1872 4204 quae
1908 4102 2131 4176 Nobis
2169 4118 2596 4205 opportuna
2637 4097 2800 4176 fore
2833 4100 3290 4177 videbantur.
3330 4097 3522 4176 Illud
3561 4103 3839 4203 pariter
3872 4118 3989 4175 as-

618 4303 636 4316 ,
756 4222 1002 4300 serere
1044 4245 1420 4324 possumus
1446 4274 1468 4310 ‚
1503 4245 1620 4294 eas
1655 4246 1903 4294 omnes
1939 4218 2517 4294 Beatificationes
2541 4236 2618 4293 et
2654 4219 3254 4296 Canonizationes
3279 4273 3301 4309 ‚
3352 4244 3543 4320 quae
3581 4217 3695 4295 vel
3734 4247 3776 4292 a
3813 4216 3987 4294 Cle-

759 4356 1009 4412 mente
1047 4340 1172 4412 XI.
1207 4394 1227 4430 ‚
1250 4339 1257 4346 ’
1284 4335 1394 4414 vel
1433 4366 1472 4410 a
1507 4336 1910 4412 Benedicto
1943 4339 2150 4411 XIII.
2188 4335 2612 4410 solemniter
2666 4334 2982 4409 indictae
3017 4353 3190 4409 sunt
3220 4389 3241 4424 ,
3278 4333 3543 4409 nostris
3579 4333 3992 4427 laboribus,

756 4457 1171 4558 nostrisque
1211 4452 1459 4557 vigiliis
1494 4472 1663 4529 ante
1699 4454 2071 4559 dispositas
2113 4480 2195 4528 ac
2239 4471 2570 4558 peractas
2600 4452 2837 4525 fuisse.
2874 4454 3115 4525 Porro
3149 4455 3202 4524 si
3242 4451 3552 4555 idipsum
3589 4453 3811 4527 Nobis
3848 4456 3987 4527 tri-

757 4574 1151 4648 bueremus
1184 4571 1276 4646 de
1317 4571 1447 4646 illis
1484 4574 2168 4674 Canonizationibus
2194 4628 2213 4660 ‚
2254 4597 2434 4674 quas
2464 4568 2731 4644 deinde
2770 4568 3102 4642 Clemens
3135 4571 3308 4643 XII.
3348 4573 3628 4673 peregit
3657 4625 3677 4661 ‚
3717 4569 3897 4645 nihil
3949 4600 3992 4645 a

761 4694 1069 4769 veritate
1106 4685 1418 4763 alienum
1447 4689 1883 4764 diceremus·
1919 4691 2094 4765 Nam
2138 4692 2211 4760 in
2249 4688 2490 4760 Causis
2528 4681 2905 4788 ejusmodi,
2937 4713 3133 4787 quae
3171 4703 3353 4759 tunc
3393 4690 3742 4789 temporis
3776 4688 3990 4761 abso-

760 4793 958 4884 lutae
990 4824 1167 4882 sunt
1195 4863 1216 4898 ,
1251 4833 1403 4881 non
1442 4808 1660 4882 modo
1697 4835 1945 4881 earum
1988 4808 2191 4879 initia
2231 4807 2554 4877 instituta
2591 4820 2820 4905 atque
2869 4802 3257 4906 expeditas,
3309 4802 3436 4877 sed
3488 4807 3706 4878 etiam
3768 4831 3994 4908 prae-

761 4931 1019 5032 cipuae
1058 4927 1513 5028 quaestiones
1563 4927 1636 4997 in
1694 4950 1993 4998 examen
2045 4920 2404 4995 adductae
2441 4947 2525 4995 ac
2559 4919 2835 4996 solutae
2900 4921 3259 5011 fuerunt,
3313 4945 3482 4994 cum
3541 4919 3784 4994 adhuc
3841 4921 3991 4995 Nos

759 5047 897 5150 ipsi
939 5068 1244 5116 munere
1281 5044 1734 5116 Promotoris
1768 5040 1969 5115 Fidei
2010 5038 2518 5139 fungeremur.

921 5161 1177 5235 Postea
1216 5159 1596 5234 Benedicti
1632 5159 1831 5232 XIII.
1870 5153 2213 5258 singulari
2256 5154 2782 5230 beneficentia
2765 5183 2838 5229 in
2867 5152 3360 5229 Cardinalium
3381 5120 3784 5256 Collegium
3808 5179 3990 5228 coo-

774 5280 955 5382 ptati
994 5275 1308 5368 fuimus,
1342 5294 1564 5378 atque
1602 5277 1799 5348 intel
1857 5270 2276 5348 Candinales
2312 5273 2909 5377 Congregationis
2945 5257 3338 5346 Sacrorum
3397 5271 3699 5344 Rituum
3750 5270 3991 5345 adnu-

777 5396 1073 5470 merati.
1109 5395 1590 5497 Quapropter
1639 5414 1730 5464 eo
1760 5443 1781 5481 ,
1815 5385 1984 5463 licet
2031 5389 2295 5492 exiguo
2349 5394 2699 5495 tem-poris
2743 5392 3034 5499 spatio,
3066 5415 3219 5492 quo
3255 5405 3439 5466 tunc
3485 5390 3757 5463 Romae
3811 5414 3989 5492 per-
