4442 6300
1848 474 2056 532 ACTA
2097 473 2758 533 CANotttzATtottts

731 622 808 682 D.
847 622 1353 691 Joscfluws
1387 625 1506 685 Tit.
1536 621 1598 685 S.
1633 625 1847 685 cruces
1872 626 1939 684 ia
1963 625 2296 687 Jerusalem
2410 620 2463 683 ri
2494 622 2615 686 ritu
2647 628 2878 688 Beatae
2903 640 3134 687 nomen
3161 617 3388 704 adepta
3415 617 3602 685 fuerit
3625 665 3645 689 .
3691 618 3808 687 sed
3847 619 3976 689 dne
4005 680 4010 687 .

998 723 1319 800 Presbyter
1341 724 1681 783 cardinatis
1710 723 1995 785 Bauius
2012 765 2030 782 .

856 913 1139 997 Optimos
1163 915 1555 1000 virginitatis
1578 915 1771 980 flores
1799 934 1923 981 non
1949 922 2193 981 tantem
2229 916 2294 978 in

731 1011 1106 1077 memoriam
1139 1014 1427 1097 redigere
1454 1012 1771 1078 bominum
1792 1056 1815 1087 ,
1845 1034 2061 1095 verum
2105 1014 2293 1079 etiam

727 1108 792 1172 in
822 1110 1175 1193 exemplum
1228 1129 1580 1194 proponere
1624 1119 1819 1194 atque
1854 1111 1920 1174 in
1967 1110 2296 1177 Tutelares

732 1207 1090 1279 destinare,
1125 1207 1212 1272 tui
1240 1208 1461 1274 summi
1491 1207 1797 1274 Pontificii
1841 1208 2116 1273 muneris
2153 1215 2251 1273 est
2274 1253 2296 1281 ,

733 1308 1193 1371 nnArtsstuss
1243 1311 1493 1369 PATER
1516 1348 1536 1376 .
1586 1305 1775 1379 mode
1829 1305 1951 1368 rite
1994 1307 2310 1387 probatae·

723 1398 959 1464 fuerint
988 1411 1237 1468 ceterae
1264 1403 1531 1468 virtutes
1557 1401 1872 1476 heroicae,
1896 1402 2302 1495 qaibuslam3

733 1499 929 1581 pades
948 1521 1093 1565 suas
1114 1502 1394 1565 maveri
1402 1508 1465 1561 nt
1483 1500 1797 1583 sapientes
1813 1499 2123 1584 virgines.
2142 1505 2294 1565 Cum

726 1607 938 1663 autem
964 1597 1301 1685 luculentis
1329 1599 1962 1682 Testibus.expensae
1988 1598 2135 1663 illae
2159 1597 2296 1665 fue·

727 1694 893 1768 rint,
924 1696 1152 1778 quibus
1183 1697 1367 1760 beata
1395 1695 1717 1761 Catbarina
1749 1696 1827 1760 de
1855 1695 2080 1762 Ricciis
2114 1695 2299 1761 ador-

731 1804 914 1857 natur
935 1839 956 1868 ,
1007 1794 1391 1877 easdemque
1437 1801 1603 1860 Deus
1647 1795 1934 1877 Optimus
1987 1796 2296 1860 Maximus

727 1910 908 1955 veras
937 1883 1133 1956 fuisse
1160 1890 1477 1956 miraculis
1505 1891 1903 1974 perspicuum
1930 1890 2183 1963 fecerit,
2203 1893 2298 1953 ni-

731 1986 815 2050 bil
846 2008 989 2052 esse
1020 1989 1185 2070 quod
1225 1988 1518 2068 impediat
1548 1987 1845 2054 existimo
1865 2030 1885 2061 ,
1914 1989 2063 2070 quin
2096 1989 2294 2072 ipsam

728 2090 1152 2149 SANCTITAS
1183 2091 1481 2149 VESTRA
1509 2105 1692 2150 unam
1721 2105 1801 2151 ex
1827 2085 2182 2171 virgian
2212 2086 2296 2154 de

729 2201 993 2246 numero
1050 2182 1425 2267 prudentum
1448 2225 1471 2256 ,
1515 2203 1779 2265 quarum
1827 2184 1893 2246 in
1943 2184 2297 2269 evangelica

726 2279 1029 2344 Parabola
1063 2279 1131 2342 fit
1162 2282 1397 2346 mentio
1416 2324 1437 2353 ,
1462 2280 1659 2349 fuisse
1688 2281 2001 2348 decernat.
2026 2288 2104 2346 Bt
2132 2302 2295 2364 quae

732 2377 950 2442 vivens
994 2377 1145 2441 olim
1193 2399 1225 2438 a
1272 2379 1524 2443 caelesti
1569 2385 1809 2459 sponso
1835 2377 2123 2444 beneficii
2152 2378 2295 2443 loro

727 2473 989 2557 petierat
1014 2484 1203 2555 atque
1227 2474 1668 2555 impetraverat
1688 2517 1710 2548 ,
1738 2483 1811 2538 ut
1838 2474 2144 2540 universis
2174 2472 2296 2558 pri·

723 2580 977 2635 varetur
1015 2571 1297 2635 externis
1326 2571 1681 2637 sanctitatis
1720 2570 1969 2635 indiciis
2009 2579 2076 2637 et
2117 2591 2300 2655 argu-

734 2668 991 2739 mentis,
1012 2667 1203 2732 modo
1230 2669 1295 2731 iu
1322 2668 1530 2734 Caelis
1556 2668 1761 2752 posita
1785 2668 1978 2752 Virgo
2003 2668 2159 2734 baec
2186 2668 2298 2732 bu·

733 2762 1070 2841 mitissima
1116 2764 1511 2848 apostolicae
1552 2764 1735 2831 Sedis
1777 2765 2043 2831 oraculo
2091 2765 2295 2851 gloria

727 2867 793 2923 et
823 2859 1063 2926 bonore
1092 2860 1159 2926 in
1185 2861 1469 2930 Ecclesia
1493 2868 1833 2937 coronetur
1854 2882 1929 2931 ac
1955 2862 2294 2929 exaltetur.

764 3058 1017 3122 cAaoL
1028 3060 1122 3123 US
1153 3060 1217 3122 S.
1248 3061 1483 3123 uaria·
1510 3064 1581 3122 ia
1604 3064 1727 3129 ,Via
1754 3062 1939 3124 Lata·
1954 3064 2269 3153 Duceatu

1075 3219 1099 3232 ,
1161 3162 1510 3223 cardinalis
1554 3163 1832 3225 Marinus
1860 3203 1878 3222 .

858 3356 1051 3417 Beata
1094 3352 1426 3418 Catharina
1455 3353 1536 3418 de
1561 3355 1830 3429 Ricciis‚
1871 3375 2033 3437 quae
2076 3356 2298 3421 ultimo

654 3468 661 3480 ·
730 3447 832 3512 bic
851 3446 994 3516 loco
1018 3452 1266 3517 ratione
1280 3472 1469 3517 sexus
1498 3455 1949 3516 SANc't'lTATt
1979 3459 2296 3519 vEsTnAE

731 3548 1104 3632 proponitur
1121 3593 1143 3622 ,
1173 3556 1417 3615 tantum
1447 3549 1626 3615 abest
1649 3593 1671 3623 ‚
1697 3558 1772 3614 ut
1797 3569 1911 3633 pro
1938 3550 2154 3614 ultima
2199 3551 2303 3614 ba·

734 3645 875 3709 beri
907 3646 1173 3722 debeat,
1208 3647 1377 3730 quod
1405 3646 1616 3729 potius
1658 3646 1723 3710 in
1763 3646 2031 3712 heroicis
2059 3649 2301 3712 virtuti-

734 3741 859 3806 bus
885 3742 1383 3825 caelestiumque
1426 3741 1732 3807 donorum
1773 3743 2301 3821 cbarisnmtibus,

735 3836 834 3901 vel
872 3858 1024 3920 prae
1054 3840 1282 3904 ceteris
1314 3840 1647 3924 effulgere,
1667 3840 1768 3906 vel
1797 3861 1908 3906 eos
1939 3840 2165 3909 saltem
2199 3864 2302 3908 ae-

734 3954 857 4016 qua
884 3942 1056 4000 sorte
1085 3936 1390 4002 aemulari
1416 3946 1739 4020 comperta
1766 3937 1954 4004 fuerit
1974 3984 1990 4000 .

862 4031 1032 4097 Licet
1062 4033 1230 4096 enim
1268 4033 1708 4117 frequentibus
1734 4037 1832 4102 sui
1866 4037 2086 4122 Angeli
2109 4081 2130 4113 ,
2163 4059 2302 4104 san-

736 4129 1183 4214 ctissimaeque
1202 4132 1499 4214 Deiparae
1521 4141 1787 4198 Puerum
1819 4142 2035 4201 lesum
2065 4135 2128 4197 in
2160 4136 2299 4202 sinu

739 4229 1045 4312 gestantis
1074 4239 1138 4293 et
1165 4229 1287 4294 sibi
1317 4250 1581 4312 sponsae
1601 4229 1898 4295 annulum
1919 4231 2304 4315 imponentis

738 4326 1232 4409 apparitionibus
1252 4327 1533 4412 insigniri
1562 4329 1886 4405 meruerit;
1908 4329 2070 4395 adeo
2095 4340 2305 4397 tamen

741 4423 1000 4489 bomilia
1024 4425 1087 4488 in
1119 4436 1246 4489 tam
1274 4426 1532 4491 sublimi
1559 4428 1894 4511 gratiarum
1925 4429 2301 4512 elargitione

667 4590 691 4598 ἡ
743 4524 1109 4606 permansit,
1130 4532 1198 4587 ut
1220 4524 1370 4588 nibil
1402 4524 1726 4590 ardentius
1753 4545 1939 4607 quam
1975 4527 2038 4588 in
2069 4525 2164 4592 bis
2190 4547 2304 4610 pro

737 4620 983 4688 viribus
999 4619 1385 4686 occultandis
1402 4628 1795 4690 Sacramenta
1823 4624 2013 4708 Regis
2039 4625 2303 4689 abscon-

739 4719 892 4783 dere
920 4719 1305 4802 concupierit
1324 4763 1341 4782 .

868 4824 947 4881 Et
989 4818 1150 4886 adeo
1182 4838 1435 4900 quoque
1465 4816 1648 4884 fortis
1676 4824 1740 4882 et
1769 4817 2008 4900 patiens
2026 4860 2049 4893 ,
2077 4827 2149 4884 ut
2178 4835 2302 4884 non

740 4913 931 4979 modo
951 4922 1047 4979 tot
1069 4916 1137 4977 in
1157 4934 1420 4996 corpore
1448 4914 1871 4998 aegritudines
1897 4924 1961 4980 et
1988 4916 2052 4982 in
2081 4917 2300 4998 spiritu

740 5012 1066 5078 ariditates
1107 5012 1403 5077 alacriter
1432 5014 1844 5086 sustinuerit,
1875 5014 1997 5078 sed·
2017 5016 2305 5082 suaviora

739 5129 995 5192 quoque
1029 5110 1091 5170 in
1118 5108 1341 5173 iisdem
1377 5107 1836 5173 oblectamenta
1881 5112 2179 5190 repererit
2201 5155 2217 5172 .

754 5235 763 5242 ·
870 5211 1020 5269 Cum
1051 5226 1204 5271 vero
1233 5206 1317 5271 ob
1349 5204 1504 5270 baec
1548 5205 1769 5273 eadem
1814 5205 2305 5288 perfectissimae

737 5302 1060 5369 charitatis
1085 5323 1273 5384 opera
1304 5311 1371 5367 et
1398 5313 1768 5387 argumenta
1800 5303 2084 5384 pluribus
2114 5304 2304 5369 etiam

742 5399 1060 5465 miraculis
1089 5406 1296 5473 aucta,
1327 5400 1557 5465 nedum
1590 5397 1743 5465 alias
1772 5409 2076 5466 consueto
2106 5402 2307 5467 mino-

2409 718 2530 783 alia
2562 728 2701 802 post
2725 720 2886 786 bunc
2917 718 3153 793 culttuu
3185 719 3434 784 noviter
3473 718 3809 784 subsecuta
3857 719 3976 782 mi-

2405 817 2614 881 racula
2647 818 2729 879 ita
2761 817 3111 883 efficaciter
3139 816 3440 899 piissimis
3482 818 3976 881 SANcTtTATts

2410 918 2729 981 VESTRAE
2771 916 3035 979 auribus
3091 913 3526 988 insonuerint,
3572 914 3810 980 ut-illis
3854 915 3976 980 rita

2406 1010 2704 1077 discussis
2735 1020 2798 1076 et
2827 1012 3187 1095 approbatis
3216 1009 3539 1077 infallibili
3570 1014 3709 1095 eiua
3734 1013 3977 1097 judicio

2408 1107 2855 1180 declaraverit,
2899 1109 3061 1175 adeo
3095 1109 3397 1194 insignem
3428 1110 3714 1195 ejusdem
3749 1116 3978 1175 Beatae

2409 1207 2882 1272 sanctimoniam
2916 1227 3058 1272 esse
3087 1206 3322 1291 ubique
3351 1215 3662 1273 terrarum
3708 1206 3975 1272 solemni

2407 1304 2812 1369 veneratione
2841 1304 3164 1369 colendam

2529 1400 2704 1467 Nulli
2731 1400 2997 1467 dubium
3028 1422 3171 1466 esse
3200 1409 3432 1484 potest,
3473 1401 3624 1484 quin
3653 1399 3816 1465 bunc
3848 1420 3978 1464 ma·

2407 1497 2647 1562 ximum
2708 1498 3103 1581 Apostolicae
3136 1499 3467 1579 potestatis
3509 1518 3690 1562 usum
3717 1542 3744 1575 ,
3784 1518 3975 1580 quam

2407 1595 2541 1678 ipsa
2570 1594 2787 1660 eadem
2836 1598 3258 1661 SANCTITAS
3299 1602 3598 1660 VESTRA
3646 1601 3776 1659 Dee
3818 1595 3980 1677 aspi·

2407 1699 2583 1757 rante
2609 1690 2961 1759 faciemm
2992 1710 3135 1759 ease
3165 1691 3466 1769 «tumuit,
3499 1693 3613 1758 illo
3641 1692 3976 1778 adj-vante

2404 1808 2529 1855 non
2556 1778 2942 1872 exequatur.¹

2408 1968 2900 2034 ALEXANDER
2932 1918 3006 2034 ST
3026 1974 3268 2034 Marias
3294 1977 3375 2034 ad
3405 1974 3713 2049 Martyres
3761 1975 3983 2036 Diaco-

2761 2080 2904 2137 ,οων
2933 2068 3270 2133 cardinalia
3297 2070 3595 2132 Alba-ss.

2532 2247 2624 2312 Ad
2668 2246 3051 2330 probandam
3101 2252 3168 2311 B.
3217 2247 3594 2312 catharina&
3628 2247 3710 2311 de
3751 2245 3981 2313 Ricciis

2405 2344 2695 2410 Monialis
2711 2364 2790 2409 ex
2815 2344 3045 2410 Ordine
3069 2349 3129 2408 S.
3153 2343 3460 2409 Dominici
3487 2344 3803 2409 excelsam
3829 2350 3979 2407 San·

2408 2442 2693 2507 ctitatem
2727 2440 2965 2506 nullum
2997 2436 3200 2525 majus
3232 2440 3448 2506 baberi
3469 2450 3677 2523 potest
3702 2443 3984 2507 testimu-

2409 2538 2582 2601 nium
2616 2555 2801 2620 quam
2832 2539 3107 2622 ipsemet
3135 2543 3427 2602 servator
3452 2546 3671 2604 noster
3699 2538 3982 2604 cbristus

2407 2637 2748 2709 Dominus,
2798 2633 2905 2717 qui
2950 2654 3090 2700 eam
3144 2634 3289 2701 data
3337 2636 3595 2701 dextera
3645 2645 3710 2702 et
3750 2637 3980 2702 annulo

2410 2740 2684 2817 Sponsae
2713 2732 2966 2799 nomine
2992 2729 3373 2815 appellavit,
3406 2733 3736 2819 disjunctis
3764 2736 3800 2799 a
3830 2739 3978 2799 Cru-

2404 2852 2478 2895 ce
2509 2830 2776 2894 brachiis
2802 2826 2925 2911 fuit
2947 2829 3376 2910 amplexatus,
3420 2838 3486 2896 et
3530 2831 3979 2898 acerbissimae

2407 2928 2721 2991 Passionis
2752 2948 2903 2992 suae
2933 2927 3341 3012 stigmatibus
3371 2927 3732 3011 insignivit.
3762 2931 3979 2994 Tantis

2407 3034 2616 3089 motus
2647 3024 3031 3109 argumentis
3054 3024 3482 3109 dignissimum
3507 3028 3694 3100 duco,
3713 3037 3780 3090 ut
3805 3047 3983 3109 prae·

2408 3119 2615 3186 clarae
2643 3121 2920 3203 Virgini,
2953 3142 3115 3205 quae
3141 3121 3271 3207 jam
3306 3121 3748 3207 plaudentibus
3778 3130 3979 3209 Ange·

2410 3219 2613 3284 lerum
2658 3220 2875 3285 Cboris
2931 3220 3009 3285 ad
3069 3215 3372 3301 Sponsum
3418 3222 3728 3294 evolavit,
3791 3224 3980 3287 modo

2409 3319 2912 3380 SANCTtTATtS
2994 3319 3308 3382 VESTRAE
3367 3322 3636 3385 Decreto
3690 3320 3982 3387 universa

2412 3410 2666 3496 plaudat
2695 3410 2975 3479 Ecclesia
2995 3456 3011 3474 .

2454 3595 2517 3655 N
2520 3591 2670 3655 1311!
2677 3593 2770 3655 {Js
2794 3593 2854 3655 S.
2884 3588 3207 3656 Eustachii·
3235 3597 3544 3658 Diaconos
3593 3581 3941 3663 cardinalis

2914 3715 2920 3722 ·
3037 3694 3325 3754 Cerrinus
3346 3735 3364 3752 .

2541 3875 2730 3935 Beata
2748 3869 3072 3939 catharina
3105 3868 3186 3935 de
3214 3867 3442 3962 {tiociis
3464 3871 3625 3938 Civis
3649 3895 3789 3940 mea
3811 3884 3982 3945 tanta

2415 3967 2752 4033 Sanctitate
2784 3965 3152 4047 praefulsit,
3198 3967 3267 4030 u't
3318 3968 3511 4033 etiam
3556 3970 3703 4034 dum
3745 3972 3987 4041 viveret

2413 4086 2486 4130 ea
2519 4063 2711 4127 fuerit
2740 4084 2773 4127 a
2802 4060 3200 4128 Pontificibus
3227 4065 3536 4136 Maximis,
3564 4068 3645 4130 ab
3679 4065 3983 4135 illustrio-

2416 4161 2590 4226 ribus
2619 4160 2782 4226 Sacri
2806 4159 3005 4224 nostri
3034 4159 3297 4244 collegii
3329 4159 3650 4237 Patribus,
3682 4183 3715 4230 a
3748 4168 3980 4233 Princi-

2411 4260 2597 4342 pibus
2625 4258 2819 4322 totius
2841 4263 3122 4338 Europae
3142 4258 3327 4331 Viris,
3348 4269 3438 4333 et,
3463 4261 3630 4342 quod
3648 4269 3827 4344 caput
3852 4273 3976 4342 est,

2412 4374 2446 4421 a
2479 4356 2711 4420 sanctis
2738 4353 3099 4419 bominibus
3131 4353 3350 4436 sp'iritu
3384 4358 3645 4446 caelesti
3688 4361 3931 4426 adflatis
3952 4407 3976 4438 ,

2414 4472 2536 4518 non
2567 4452 2768 4517 solum
2802 4451 3051 4517 oculato
3082 4453 3449 4517 testimonio
3480 4455 3845 4540 adprobata,
3870 4480 3975 4524 ve-

2416 4570 2550 4615 rum
2606 4550 2799 4613 etiam
2857 4567 3102 4613 summa
3154 4547 3572 4616 admiratione
3613 4553 3928 4622 celebrata
3952 4565 3992 4617 x·

2415 4653 2834 4731 Quapropter,
2890 4651 3349 4711 BEATtssmE
3377 4653 3684 4722 PATER,
3730 4671 3868 4714 eam
3912 4652 3977 4716 in

2414 4751 2772 4810 Sanctarum
2802 4743 2999 4807 Fastis
3027 4743 3504 4809 describendam
3538 4765 3682 4811 esse
3710 4767 3833 4813 non
3863 4750 3977 4815 du·

2415 4844 2688 4908 hitanter
2713 4840 3012 4909 existimo
3033 4888 3049 4903 .
3541 4829 3552 4842 ⁶
3973 4851 3978 4854 “

2410 5022 2671 5087 stum
2677 5021 2830 5086 1*th
2858 5023 2919 5085 S.
2963 5021 3231 5100 'Ayoetiia‘s
3275 5023 3593 5086 Gothomm
3617 5028 3688 5086 in
3714 5028 3977 5095 sebum

2705 5124 3014 5224 Diesque
3063 5123 3406 5184 caminatis
3432 5123 3684 5186 Horra.

2541 5299 2868 5366 catharina
2912 5298 2991 5362 de
3036 5296 3259 5363 Rieeiis
3300 5297 3570 5361 nondum
3616 5300 3844 5367 idonea
3871 5324 3978 5386 pu.

2419 5420 2613 5486 gnae,
2642 5398 2751 5465 sed
2776 5397 2908 5483 jam
2941 5402 3180 5462 matura
3210 5393 3514 5464 victoriae
3541 5399 3817 5465 ostendit
3839 5421 3977 5467 cur·
