4442 6300
729 631 970 700 ibldem
1000 641 1223 706 racem
1256 633 1400 718 qnia
1424 651 1657 719 nempe
1683 652 1722 700 ⁸
1750 631 1947 700 seculi
1972 634 2299 717 perturba-

729 730 1011 798 tionibus
1051 731 1261 807 liber,
1304 753 1378 798 ac
1416 731 1604 799 unius
1657 731 2298 799 cellulae-contentus

729 829 1042 914 angustiis
1068 875 1089 907 2
1119 830 1238 896 soli
1268 851 1479 909 rerum
1510 830 1878 897 caelestium
1909 830 2296 913 contempla-

730 926 889 993 tioni
913 928 1175 994 vacabat
1198 971 1221 1003 ,
1251 949 1323 993 ac
1351 928 1486 995 sola
1514 928 1793 995 Paradisi
1834 929 2055 1013 gaudia
2098 928 2298 992 medi-

726 1025 1018 1090 tabatur=
1052 1028 1473 1102 Quamobrem
1505 1031 1731 1091 levavit
1775 1045 1960 1104 super
1994 1046 2056 1088 ss
2078 1048 2105 1099 ς
2148 1045 2297 1107 qua·

726 1129 918 1189 tenus
952 1122 1177 1208 jugum
1224 1123 1470 1187 divinae
1516 1123 1680 1209 legis
1724 1123 2018 1208 gestienti
2046 1122 2294 1189 laetitia

724 1218 986 1297 ferens,
1035 1222 1326 1288 eamdem
1366 1221 1579 1307 legem
1623 1221 1851 1307 insigni
1897 1221 2294 1293 bumilitate,

726 1315 986 1385 heroica
1017 1318 1379 1385 ohedientia
1406 1325 1597 1401 atque
1626 1317 1984 1384 admiranda
2026 1317 2297 1384 toleran-

721 1415 815 1483 tia
839 1415 1182 1501 complevit
1200 1460 1219 1480 .
1250 1417 1369 1492 Qui
1402 1415 1619 1500 itaque
1645 1414 1860 1502 jugum
1887 1415 2135 1482 Domini
2164 1422 2292 1479 tam

726 1516 892 1581 bona
920 1515 1246 1595 voluntate
1290 1535 1483 1600 super
1522 1535 1592 1581 se
1637 1513 1820 1589 tulit,
1850 1535 1923 1580 ac
1950 1521 2124 1579 tanta
2160 1512 2293 1578 'ala-

724 1612 947 1679 critate
976 1613 1055 1679 ad
1084 1613 1409 1699 sexaginta
1451 1619 1518 1678 et
1559 1610 1831 1695 amplius
1870 1632 2064 1678 annos
2106 1611 2295 1677 susti-

724 1712 882 1786 nuit,
903 1713 1073 1795 quod
1095 1711 1543 1796 repromissam
1565 1730 1602 1775 a
1622 1710 1870 1776 Christo
1894 1710 2178 1794 requiem
2196 1709 2295 1797 (a)

728 1810 813 1873 sit
862 1820 1240 1876 comecutus
1259 1853 1282 1885 ,
1330 1829 1369 1877 ⁸
1418 1808 1641 1874 Christi
1683 1808 1933 1874 vicario
1953 1852 1976 1882 ,
2003 1807 2296 1891 pluribus

725 1905 1046 1971 miraculis
1061 1906 1127 1970 id
1144 1906 1571 1991 exigentibus,
1590 1912 1662 1972 ut
1676 1905 2053 1973 decernatur
2067 1925 2291 1989 quam·

726 2003 1003 2067 maxime
1030 2004 1375 2071 convenit,

745 2198 1253 2263 FRANCISGUS
1283 2201 1401 2261 Tit.
1437 2200 1499 2262 S.
1536 2200 1771 2262 Marias
1813 2199 2264 2275 rrameybaerim

931 2298 1263 2375 Presbyter
1288 2300 1636 2362 cardinalis
1669 2299 2036 2375 But-ysenam
2062 2339 2079 2356 .

814 2492 1069 2556 ‘Petrus
1109 2489 1450 2574 Regalatus
1492 2489 1795 2556 Sacerdos
1836 2489 2135 2555 Familiae
2174 2490 2289 2554 ui·

716 2610 943 2657 norum
974 2596 1037 2656 S.
1066 2588 1376 2657 Francisci
1400 2630 1422 2662 ,
1454 2589 1558 2671 qui
1591 2596 1868 2663 veterem
1899 2587 2286 2653 severiorem

714 2687 1107 2771 disciplinam
1140 2686 1416 2751 restituit
1443 2686 1608 2751 inter
1635 2706 1819 2751 suosz
1851 2685 2087 2769 quique
2115 2686 2285 2751 vitae

717 2788 955 2873 sociam
1009 2786 1304 2851 virtutem
1362 2783 1657 2848 eximiam
1714 2803 1966 2866 semper
2021 2783 2286 2860 habuit3

718 2885 945 2950 mortis
974 2893 1189 2948 autem
1217 2881 1543 2955 comitem,
1560 2879 1874 2946 illustrem
1899 2880 2168 2965 gloriam
2196 2879 2288 2947 l'a·

717 3000 1017 3064 mamque
1047 2979 1448 3055 sanctitatis3
1474 2978 1705 3061 cuique
1733 2978 1881 3042 dum
1910 2978 2145 3042 viveret
2176 2978 2290 3061 (ut

718 3077 845 3145 alia
864 3077 1308 3163 praeteream)
1329 3078 1541 3141 datum
1569 3094 1608 3142 ⁸
1637 3081 1765 3140 Deo
1796 3077 1965 3141 sicco
1996 3076 2154 3159 pede
2188 3097 2288 3140 su·

720 3198 836 3261 per
855 3195 1053 3261 aquas
1072 3176 1391 3247 incedere,
1418 3194 1689 3257 cumque
1712 3174 1843 3259 jam
1874 3183 2163 3258 mortuus
2189 3196 2289 3240 es-

720 3287 820 3340 set
847 3274 1257 3344 reviviscere,
1288 3280 1629 3354 apertoque
1659 3271 2003 3354 sepulchro
2059 3265 2286 3353 pa’nem

719 3369 1043 3454 porrigere
1076 3368 1407 3443 mendico,
1434 3367 1662 3452 dignus
1690 3366 1827 3449 ipse
1855 3369 2290 3468 quidemdmea

720 3468 1030 3533 sententia
1076 3477 1218 3540 est,
1262 3486 1452 3549 quem
1485 3472 1595 3535 tu,
1625 3469 1879 3528 PATER
1916 3469 2286 3542 amnest-

720 3572 858 3640 ΠΕ,
879 3585 1041 3632 nnnc
1064 3566 1319 3631 tandem
1351 3581 1540 3628 ornes
1566 3580 1647 3626 ex
1671 3561 1814 3644 ejus
1844 3561 2135 3625 maximis
2163 3561 2290 3628 cla·

723 3664 1126 3746 rissimisque
1164 3661 1505 3727 virtutibus
1545 3658 1792 3741 riteque
1849 3668 2287 3724 consecratum

722 3763 788 3827 in
819 3763 1009 3827 Divos
1039 3759 1282 3826 referas
1304 3804 1322 3821 .
1353 3763 1557 3840 Atque
1584 3757 1674 3822 ita
1701 3777 1777 3822 ea
1807 3756 1885 3821 de
1912 3776 1984 3822 re
2011 3776 2241 3823 censeo
2266 3802 2283 3820 .

722 3956 1140 4021 summos
1183 3955 1287 4017 xa
1301 3955 1599 4018 rssnms
1634 3915 1763 4015 ree.
1786 3953 2181 4032 saraptam
2221 3960 2291 4016 a·

766 4059 975 4121 Home
1007 4058 1211 4118 Caelio
1251 4056 1575 4130 Prumm-
1599 4056 1945 4116 Cardinalis
1978 4052 2210 4115 Genti&
2230 4098 2246 4114 .

850 4250 913 4315 Si
939 4249 1429 4315 Christianorum
1462 4247 1751 4312 moribus
1769 4247 1834 4309 in
1858 4246 2134 4312 deterius
2159 4245 2296 4312 col-

724 4346 920 4431 lapsis
965 4365 1253 4431 magnum
1304 4344 1686 4428 praesidium
1745 4344 1950 4408 sensit
2003 4343 2292 4409 Ecclesia

723 4447 836 4514 Dei
866 4447 929 4509 in
957 4446 1148 4512 beato
1177 4444 1543 4515 Francisco,
1585 4460 1710 4506 non
1756 4441 2071 4534 modicum
2113 4451 2287 4507 certe

724 4544 1085 4610 subsidium
1142 4542 1359 4607 hahuit
1405 4541 1469 4603 in
1520 4540 1709 4604 beato
1755 4546 1942 4604 Petro
1991 4538 2289 4628 Regglato

726 4641 984 4708 Ordinis
1027 4639 1313 4724 ejusdem
1359 4645 1419 4703 S.
1464 4636 1766 4702 Francisci
1799 4642 2287 4701 Restauratorez

725 4739 887 4804 Nihil
921 4740 1088 4804 enim
1121 4755 1335 4802 eorum
1362 4754 1576 4818 ,-quae
1607 4733 1913 4797 miramur
1954 4733 2020 4794 in
2063 4740 2287 4808 Patre,

722 4837 1156 4902 desideramus
1176 4834 1239 4895 in
1262 4831 1445 4906 Fili03
1465 4830 1740 4895 obtinuit
1764 4831 1905 4912 ipse
1934 4829 2289 4895 beatissimi

722 4931 1116 4998 patriarchae
1146 4929 1430 5011 spiritum
1464 4915 1828 5008 duplicem,
1858 4947 1982 5009 quo
2010 4933 2072 4991 et
2099 4926 2293 4992 virtu·

726 5040 824 5096 tes
853 5029 994 5114 ejus
1018 5027 1402 5097 imitaretur,
1421 5033 1486 5088 et
1510 5024 1866 5109 regularem
1900 5023 2288 5104 disciplinam

722 5128 788 5189 in
831 5126 965 5191 suis
1006 5123 1269 5191 asseclis
1304 5122 1619 5205 primaevo
1651 5119 1970 5203 splendori
2003 5119 2291 5184 restitue-

728 5232 865 5300 ret;
896 5224 1038 5304 etsi
1063 5223 1243 5306 juxta
1270 5221 1467 5285 verba
1506 5218 1893 5302 scripturae,
1936 5216 2137 5303 gloria
2179 5225 2291 5283 Pa·

820 5439 909 5511 (a)
932 5437 1132 5494 unuh.
1161 5454 1283 5507 cap.
1313 5438 1399 5489 11.
1427 5452 1486 5487 ν.
1511 5432 1603 5488 20.

1899 487 2104 547 ACTA
2144 488 2801 548 canonizartoms

2408 633 2522 700 tris
2561 643 2662 701 est
2705 636 2899 703 Filius
2943 635 3237 721 sapiens,
3268 634 3506 724 duplici
3533 638 3968 724 praerogativa

2406 730 2606 816 fulget
2631 740 2890 808 Petrus,
2922 741 2992 798 et
3017 733 3184 815 quod
3213 732 3486 801 heroicis
3509 735 3850 803 virtutihus
3873 735 3988 799 ina-

2408 829 2672 913 signitus
2701 830 3004 897 Francisci
3037 831 3233 899 Patris
3264 832 3358 897 sui
3386 834 3633 899 auxerit
3661 833 3924 919 gloriam
3944 875 3966 907 ,

2408 934 2471 990 et
2500 928 2667 1009 quod
2697 928 2981 993 eamdem
3015 930 3214 994 Patris
3242 929 3510 1015 gloriam
3559 930 3680 995 sibi
3727 950 3968 1013 promc-

2408 1023 2609 1087 ruerit
2637 1023 2701 1085 in
2728 1021 2884 1089 filiis
2917 1025 3047 1089 suis
3072 1069 3094 1100 ,
3127 1046 3292 1107 quos
3329 1027 3524 1091 verbo
3567 1026 3969 1110 ot-exemplo

2404 1117 2744 1184 instituens
2772 1127 2904 1185 Deo
2933 1121 3225 1203 peperit,
3253 1112 3317 1184 ei
3348 1141 3615 1204 quorum
3660 1122 3855 1205 aliqui
3884 1124 3968 1186 ab

2404 1213 2519 1281 hac
2558 1221 2779 1280 Sancta
2822 1218 2980 1282 Sede
3020 1217 3154 1301 jam
3195 1218 3304 1281 diu
3351 1225 3715 1284 Sanctorum
3774 1219 3972 1286 Fastis

2405 1319 2550 1376 sunt
2574 1312 2911 1397 adscripti.
2941 1320 3149 1390 Quare
3177 1337 3324 1382 cum
3366 1315 3446 1380 sd
3489 1315 3629 1400 ejus
3669 1315 3976 1383 Sanctita-

2408 1416 2534 1474 tem
2563 1413 3096 1494 comprobandam
3131 1412 3432 1479 miracula
3463 1414 3656 1480 etiam
3690 1433 3973 1480 accesse-

2410 1505 2536 1570 rint
2555 1551 2575 1578 ‚
2607 1506 2788 1570 illum
2819 1509 3263 1593 dignissimum
3293 1529 3525 1575 censeo
3548 1554 3569 1583 ,
3598 1511 3704 1593 qui
3734 1530 3771 1575 a
3796 1514 3974 1575 SAN-

2407 1606 2739 1668 CTITATE
2760 1611 3064 1672 VESTRA
3080 1606 3350 1672 solemni
3382 1627 3613 1692 pompa
3640 1607 3805 1674 inter
3823 1614 3972 1673 San·

2404 1706 2539 1766 ctos
2566 1706 2901 1784 cooptetur
2925 1747 2942 1765 .
3355 1712 3368 1721 ·

2408 1868 2513 1928 Fr.
2546 1865 2925 1929 somnes
2959 1868 3393 1933 Amr-omos
3445 1873 3564 1930 rec.
3613 1830 3725 1931 aa.
3777 1868 3970 1935 sim·

2527 1969 2646 2026 sm·
2684 1976 2743 2027 ct
2788 1967 3057 2027 Martini
3095 1973 3178 2029 ad
3218 1971 3455 2031 Montes
3488 1970 3810 2045 Presbyter
3834 1971 3973 2057 (lar-

2528 2064 2756 2125 disalis
2786 2062 3145 2142 Gucdnyai.
3419 2088 3427 2096 ·

2530 2234 2790 2295 Beatum
2821 2232 3074 2291 Petrum
3108 2225 3476 2310 Regalatum
3510 2227 3573 2290 in
3606 2214 3968 2292 Sanctorum

2402 2322 2565 2391 Albo
2625 2327 2854 2393 merito
2913 2325 3403 2391 adscribendum
3475 2324 3655 2409 plura
3679 2369 3701 2396 ,
3764 2346 3970 2408 eaque

2401 2423 2720 2502 praeclara
2752 2423 3114 2491 Sanctitatis
3145 2430 3511 2507 argumenta
3541 2424 3838 2488 suadent.
3871 2410 3966 2487 Ab

2399 2518 2655 2584 ineunte
2684 2522 2847 2584 enim
2882 2528 3085 2585 aetate
3109 2563 3131 2590 ,
3160 2528 3229 2583 ut
3257 2520 3582 2586 excelsum
3611 2518 3968 2586 sanctitatis

2401 2615 2751 2682 aedificium
2785 2621 3090 2703 erigeret,
3120 2619 3200 2682 de
3228 2616 3841 2699 fundamentoprius
3865 2640 3971 2705 90-

2399 2713 2616 2795 gitavit
2645 2714 3036 2787 humilitatis,
3067 2735 3140 2780 ac
3168 2716 3331 2779 avita
3360 2716 3612 2800 generis
3644 2716 3968 2784 nobilitate

2397 2820 2751 2894 contempta
2776 2855 2797 2885 ,
2844 2812 3357 2894 solemnibusque
3390 2811 3551 2877 votis
3581 2819 3712 2897 Deo
3739 2826 3971 2893 puncti·

2399 2910 2563 2989 patis
2606 2910 2668 2970 in
2714 2930 2885 2974 sacra
2930 2911 3237 2972 minorum
3287 2910 3481 2975 sancti
3530 2912 3833 2974 Francisri
3866 2918 3972 2975 Fa·
4029 2990 4035 2995 .

2401 3005 2577 3069 milia
2603 3050 2622 3069 .
2656 3015 2788 3070 tum
2821 3008 3257 3070 proximorum
3293 3006 3522 3077 saluti,
3566 3015 3704 3067 tum
3746 3027 3968 3071 eorum

2404 3102 2713 3177 subsidio,
2739 3104 2844 3187 qui
2876 3103 3145 3169 vinculis
3173 3105 3377 3169 carnis
3405 3104 3643 3169 exoluti
3677 3103 3970 3169 anhelant

2402 3201 2480 3264 ad
2517 3209 2793 3284 Regnum
2823 3201 3104 3267 tiliorum
3136 3203 3295 3274 Dei,
3327 3224 3396 3268 se
3427 3210 3623 3267 totum
3653 3204 3969 3283 mancipa-

2402 3299 2491 3362 vit
2513 3342 2534 3372 ,
2567 3309 2635 3363 ut
2664 3300 2764 3365 vel
2802 3293 3104 3382 A‘egrotos
3131 3300 3195 3361 in
3228 3300 3618 3366 Nosocomiis
3644 3344 3666 3372 ,
3695 3302 3968 3374 carceris

2401 3396 2721 3479 squallore
2749 3395 3074 3463 confectos
3099 3441 3120 3470 ,
3150 3398 3564 3463 barbarorum
3610 3400 3968 3480 captivitate
4023 3397 4030 3402 ’

2402 3493 2695 3560 detentos
2715 3538 2736 3566 ,
2796 3494 3223 3580 eleemosynis
3247 3540 3268 3568 ,
3319 3494 3608 3560 consiliis
3632 3543 3653 3582 ,
3709 3495 3969 3561 obtenta

2403 3592 2701 3658 libertate
2732 3592 3117 3656 sublevaret:
3141 3591 3241 3657 vel
3265 3591 3711 3658 Defunctorum
3733 3595 3984 3658 animas'

2403 3690 2525 3753 sibi
2557 3688 2861 3754 charitate
2891 3688 3250 3775 conjunctas
3277 3689 3686 3767 orationibus,
3709 3690 3969 3773 jugibus

2398 3785 2705 3872 lacrymis
2728 3830 2748 3858 ‚
2774 3785 3033 3870 ieiuniis
3057 3829 3080 3860 ,
3109 3785 3382 3869 aliisque
3411 3787 3647 3869 proprii
3683 3787 3980 3867 eorporis¹

2400 3884 2783 3950 officialibus
2812 3904 2847 3947 a
2878 3884 3307 3965 piacularibus
3331 3884 3606 3949 flammis
3649 3885 3969 3965 expiaret.

2400 3988 2566 4045 Haec
2596 3993 2661 4046 et
2692 3980 2854 4046 aliae
2881 3984 3150 4046 virtutes
3181 3980 3505 4047 miraculis
3534 3981 3795 4046 coelitus
3823 3981 3971 4044 illu·
4033 4001 4038 4012 ’

2403 4089 2637 4144 stratae
2685 4077 3046 4161 postulant,
3085 4083 3543 4142 BEATlSSlME
3579 4085 3865 4162 PATER,
3895 4085 3974 4144 ut

2406 4176 2514 4258 qui
2546 4197 2614 4242 se
2644 4174 2991 4239 humiliavit
3018 4176 3081 4238 in
3108 4175 3300 4238 teri-is
3322 4216 3345 4247 ,
3387 4174 3449 4236 in
3496 4175 3681 4238 terris
3713 4196 3966 4258 quoqne

2405 4292 2516 4354 per
2546 4277 3088 4337 SANCTITATEH
3117 4276 3479 4335 vEsTRAn
3522 4269 3876 4345 exaltetur,
3900 4279 3970 4337 et

2404 4368 2509 4450 qui
2534 4368 2767 4431 tamdiu
2802 4367 3128 4432 seminavit
3157 4368 3220 4429 in
3251 4367 3580 4452 lacrymis,
3614 4357 3812 4432 metat
3836 4376 3970 4430 tsn-

2402 4466 2548 4532 dem
2582 4466 2645 4528 in
2673 4464 3059 4530 exultatione
3091 4473 3454 4545 proventum
3472 4508 3492 4536 ‚
3520 4483 3818 4544 coron-am
3847 4459 3990 4527 sci·'

2402 4563 2551 4628 licet
2598 4582 2852 4626 auream
2902 4579 3264 4643 expressam
3306 4561 3487 4647 signo
3526 4560 3974 4630 nouitatis-ot

2402 4660 2605 4745 gloria
2635 4659 2931 4724 honoris.
3871 4679 3878 4688 ·

2471 4842 2953 4905 nommcvs
2990 4843 3106 4901 ru.
3147 4841 3254 4902 ss.
3291 4841 3441 4932 m.
3474 4801 3900 4915 apostotos...

2678 4941 2997 5017 Psssbytcr
3024 4940 3374 5001 cardinatis
3405 4940 3651 4999 Riviaerc
3675 4981 3692 4998 .

2529 5117 2719 5198 Sicuti
2750 5117 2969 5183 Divina
2999 5114 3397 5182 Providentia
3425 5113 3829 5181 constitutum
3875 5133 3972 5178 ar·

2401 5215 2642 5290 bitror,
2673 5222 2743 5280 ut
2771 5214 2849 5280 iis
2877 5232 3141 5298 quorum
3173 5211 3315 5279 laus
3344 5232 3488 5278 esse
3516 5213 3713 5277 debet
3754 5210 3817 5275 in
3860 5217 3974 5275 Ec-
