4442 6300
1527 528 1873 614 Quinum:
1916 544 2385 599 smeromm
2422 543 2593 595 mc.
3441 539 3508 590 ιι

1292 805 1514 855 »nun
1556 794 1888 853 osmanni
1929 805 2006 851 Ac
2050 793 2453 850 Vennenses
2495 791 2843 849 Eriscorus

1583 904 1664 951 m·
1708 891 1896 949 Sacer
1936 888 2245 947 costean
2287 889 2577 949 Daunus

964 1001 1176 1045 oum·
1221 991 1423 1047 nont
1466 988 1811 1047 1v.No1us
1851 988 2001 1047 um
2044 985 2476 1044 MDCCXXIV.
2521 999 2641 1041 art.
2687 996 2858 1040 nuo
2904 981 3157 1040 lxxlv.

1089 1098 1170 1143 n·
1214 1099 1278 1143 ur
1322 1096 1445 1142 mc
1488 1086 1643 1145 ΕΜ
1685 1086 1944 1143 Sanc-ra:
1987 1083 2213 1143 Mum
2255 1097 2339 1143 ιιι
2384 1082 2695 1141 vic-roua
2738 1083 3051 1139 secunus

1612 1180 2097 1240 BENEDICTUS
2139 1182 2298 1240 XIV.
2343 1182 2407 1240 Ρ.
2451 1180 2533 1240 Η.
2768 1262 2771 1266 .

1332 1280 1472 1336 Csvr
1515 1291 1758 1338 ori-nro
1804 1291 1884 1337 m·
1928 1278 2139 1336 Amco
2182 1290 2817 1337 nanvomarrssmo

1755 1387 2196 1435 nonnum-mr
2239 1388 2381 1433 ros.

1609 1485 2059 1534 roa-rimemus
2100 1483 2195 1528 sur
2233 1485 2406 1529 sano
2451 1471 2553 1528 IV.

575 1665 746 1722 Hunc
772 1665 1100 1741 praeterea
1134 1658 1440 1725 bonorem
1474 1662 1556 1726 ab
1588 1662 1725 1743 ipso
1772 1658 2026 1726 Pontifi-

452 1767 632 1821 satus
660 1758 754 1821 sui
780 1757 965 1820 initio
986 1756 1237 1821 deferre
1260 1760 1627 1824 decreverat
1647 1760 2026 1825 Eminentia·

450 1855 695 1918 tissimo
750 1856 974 1919 loanni
1027 1856 1298 1919 Antonio
1346 1856 1652 1920 cardinali
1714 1859 1902 1923 Devia
1957 1859 2019 1919 in

451 1950 716 2033 Templo
746 1953 941 2015 sancti
966 1953 1280 2015 Laurentii
1309 1953 1370 2014 in
1399 1954 1671 2029 Lucina3
1699 1962 1766 2018 et
1789 1955 2016 2019 eodem

445 2049 784 2113 honestare
807 2049 1139 2113 meditatur
1158 2049 1274 2114 boc
1290 2058 1574 2131 tempore
1597 2050 2018 2116 Alexandrum

449 2138 843 2209 Cardinalem'
890 2150 1147 2225 caprara
1170 2190 1190 2217 ,
1223 2166 1301 2209 ne
1334 2148 1485 2209 tanti
1526 2148 1652 2211 Viri
1709 2149 2017 2214 memoria

451 2243 573 2307 sibi
607 2242 877 2309 amicitia
906 2244 1403 2325 conjunctissimi
1424 2244 1488 2307 in
1512 2244 1789 2310 Ecclesia
1810 2246 2025 2316 Archi·

451 2338 984 2407 confraternitatis
1013 2342 1298 2423 Suffragii
1349 2343 1430 2405 de
1480 2344 1642 2407 Urbe
1672 2343 1846 2405 humi
1878 2351 2016 2406 tan·

451 2445 583 2498 tum
615 2457 801 2517 snpra
834 2439 1110 2500 Cadaver
1136 2437 1439 2523 inscripta
1463 2448 1588 2502 tam
1617 2441 1899 2524 augustis
1943 2441 2021 2502 li·

454 2534 712 2596 mitibus
741 2544 1128 2597 coerceatur.

578 2635 712 2695 Non
744 2631 1164 2694 omittendum
1204 2630 1462 2721 inssuper
1506 2640 1604 2698 est
1648 2634 1883 2716 aliquid
1936 2634 2016 2700 de

450 2747 613 2792 novo
638 2727 919 2792 additum
945 2728 1009 2790 in
1039 2728 1290 2810 antiqua
1320 2730 1402 2793 de
1431 2730 1658 2798 Titulis
1688 2734 2013 2815 assignan-

452 2825 555 2888 dis
601 2823 905 2887 formula.
957 2825 1173 2890 Oritur
1218 2826 1371 2890 baec
1411 2827 1651 2892 additio
1683 2849 1717 2891 a
1750 2835 2017 2894 Decreto

456 2920 811 2985 sanctitatis
840 2927 998 2984 Suae
1019 2964 1039 2993 ,
1071 2922 1236 3003 qnod
1286 2922 1599 3005 integrum
1655 2945 1803 2988 mox
1856 2926 2019 2991 ret'e·

455 3036 621 3080 ram.
652 3016 765 3082 Ubi
798 3017 965 3081 enim
1002 3024 1157 3098 Papa
1190 3018 1485 3091 rescivit,
1521 3020 1838 3085 praelatos
1860 3064 1881 3094 ,
1912 3023 2017 3103 qui

452 3113 969 3180 patriarchalibus
995 3115 1095 3179 vel
1145 3114 1625 3199 metropoliticis
1669 3127 1776 3183 aut
1829 3119 2012 3185 etiam

452 3209 930 3279 cathedralibus
978 3212 1319 3284 Ecclesiis,
1366 3212 1429 3273 in
1478 3214 1754 3294 partibus
1796 3214 2019 3278 lnfide-

452 3308 606 3371 lium
638 3309 1060 3373 existentibus
1078 3315 1437 3390 praeerant,
1465 3319 1606 3391 post
1638 3312 2014 3392 acquisitam

453 3405 914 3470 cardinalitiam
966 3405 1335 3484 dignitatem
1390 3406 1518 3472 illis
1570 3408 1874 3472 Nuncium
1923 3429 2018 3472 re·

456 3504 705 3567 mittere
733 3503 900 3567 nulla
934 3504 1345 3584 praecedente
1385 3505 1615 3568 vinculi
1660 3506 1974 3570 solutione
1996 3550 2019 3590 ‚

454 3621 829 3681 quamquam
861 3620 1075 3663 revera
1096 3601 1424 3682 spirituale
1447 3602 1824 3685 conjugium
1848 3603 2016 3668 inter

454 3696 626 3779 ipsos
654 3703 719 3759 et
747 3695 1103 3778 hujusmodi
1137 3697 1457 3766 Ecclesiae⁴
1480 3699 1862 3777 perduraret,
1888 3700 2023 3782 jus·

457 3793 537 3856 sit
560 3835 580 3862 ,
610 3803 680 3856 ut
711 3791 962 3874 pfflostbac
992 3792 1069 3856 de
1102 3793 1377 3875 praefata
1411 3794 1722 3860 solutione
1750 3817 1828 3861 eo
1882 3798 2020 3878 ipso

455 3899 741 3970 tempere
794 3889 1132 3954 baberetur
1181 3893 1417 3956 mentio
1437 3936 1456 3965 ,
1516 3914 1641 3976 quo
1697 3902 2015 3959 Romanus

455 3985 742 4051 Pontifex
770 3987 1113 4052 Titularem
1145 3987 1490 4052 Ecclesiam
1522 3992 1700 4054 novis
1728 3992 2021 4056 Cardine·

456 4083 624 4160 libus
650 4084 1029 4166 assignaret.
1065 4090 1154 4146 En
1182 4084 1486 4166 praedicti
1515 4085 1761 4150 Decreti
1788 4089 1979 4152 verba
2000 4134 2019 4154 .

780 4281 1258 4342 BENEDlCTUS
1300 4284 1497 4343 PAPA
1540 4285 1699 4344 XIV.

591 4501 614 4527 -
664 4476 817 4534 cum
850 4469 1178 4552 spirituale
1210 4471 1582 4555 conjugium
1608 4514 1630 4546 ,
1660 4472 1826 4554 qnod
1861 4472 2025 4537 inter

466 4596 488 4621 ·
540 4570 913 4650 Episcopum
945 4578 1009 4631 et
1042 4567 1381 4632 Ecclesiam
1408 4611 1428 4638 ,
1470 4569 1569 4633 cui
1623 4569 2015 4651 praeficitur,

466 4655 490 4724 3·
540 4665 955 4735 contrahitur,
989 4665 1207 4726 initum
1240 4665 1626 4749 intelligatur
1655 4667 1721 4728 in
1750 4667 2017 4730 Electio·

472 4788 494 4814 ·
542 4782 620 4825 ne
645 4805 665 4834 ,
695 4770 893 4824 ratum
926 4761 989 4821 in
1020 4760 1494 4826 confirmatione
1520 4808 1538 4834 ,
1569 4772 1635 4826 et
1682 4762 1745 4824 in
1796 4768 2021 4827 Conse·

470 4885 493 4910 ·
540 4857 821 4932 cretione,
843 4864 1385 4929 consummatum,
1428 4857 1551 4919 sibi
1603 4857 1880 4921 vindicet
1934 4858 2021 4922 lo-

469 4981 493 5007 ·
539 4974 679 5017 cum
714 4954 899 5017 etiam
933 4953 995 5014 in
1030 4950 1387 5034 Episcopis‚
1418 4953 1522 5032 qni
1554 4954 1865 5017 Titulares
1918 4974 2024 5017 vo·

471 5077 493 5101 ·
540 5057 787 5122 cantur,
829 5058 894 5112 et
937 5048 1255 5112 Ecclesiae
1300 5047 1745 5128 praeficiuntur
1771 5052 1849 5113 ab
1883 5049 2016 5112 lnfi·

469 5175 492 5200 ·
542 5145 788 5211 delibus
816 5153 1170 5227 occupatae.
1192 5151 1323 5218 Qua
1354 5144 1434 5208 de
1464 5165 1650 5210 causa
1680 5167 1819 5211 cum
1850 5144 1912 5209 hi
1942 5148 2018 5209 ad

468 5271 490 5300 ο
541 5246 727 5308 aliam
773 5242 1114 5307 Ecclesiam
1148 5241 1649 5320 transferantur,
1695 5262 1732 5308 a
1774 5242 2022 5308 viuculo

471 5372 493 5396 ι
543 5339 764 5424 prioris
812 5339 1130 5405 Ecclesiae
1170 5358 1205 5403 a
1251 5347 1530 5404 Romano
1572 5339 1870 5404 Pontifice
1918 5342 2026 5405 ab·

469 5467 491 5491 ·
542 5437 868 5503 solvuntur
891 5482 906 5498 .
936 5439 1218 5519 cumque
1251 5435 1333 5501 de
1362 5434 1548 5519 hujus
1579 5433 1815 5505 vinculi
1843 5439 2026 5509 abso·

2147 1687 2169 1712 ·
2219 1658 2456 1723 lutione
2486 1658 2650 1722 nulla
2677 1654 2784 1721 fiat
2814 1677 3108 1739 expressa
3141 1656 3379 1721 mentio
3399 1699 3417 1729 ,
3450 1657 3696 1739 quando

2145 1784 2168 1821 ο
2215 1757 2407 1838 aliqui
2437 1777 2513 1821 ex
2545 1755 2731 1819 dictis
2756 1755 3143 1819 ‘titularibus
3169 1754 3496 1837 Episcopis
3533 1755 3697 1819 inter

2143 1880 2166 1907 ·
2217 1860 2277 1916 S.
2311 1861 2376 1917 R.
2411 1858 2480 1915 E.
2533 1852 2898 1916 cardinales
2944 1860 3356 1933 cooptantur,
3409 1853 3693 1934 quamvis

2143 1978 2166 2009 ι
2215 1952 2297 2014 de
2327 1949 2748 2015 Ecclesiarum
2774 1949 3099 2019 vacatione
3127 1949 3188 2009 in
3235 1949 3421 2015 terris
3470 1949 3693 2014 infide·

2141 2075 2164 2102 ι
2213 2047 2410 2121 lium,
2457 2047 2687 2129 quibus
2744 2052 2889 2110 ante
2935 2046 3399 2113 cardinalatum
3447 2046 3697 2112 fuerant

2137 2171 2160 2198 ι
2212 2143 2551 2225 praefecti,
2582 2142 2750 2207 nulla
2798 2145 2880 2207 sit
2931 2143 3282 2216 dubitati03
3335 2144 3695 2210 cardinales

2137 2270 2160 2295 ·
2210 2240 2446 2303 etenim
2478 2241 2734 2305 easdem
2765 2259 2887 2303 non
2918 2240 3189 2304 retinent
3221 2261 3365 2305 cum
3409 2241 3696 2305 cardina·

2136 2365 2161 2393 ·
2209 2336 2377 2411 latu,
2424 2338 2790 2419 summique
2846 2337 3179 2402 Pontifices
3236 2337 3395 2402 alios
3447 2338 3691 2405 eisdem

2137 2462 2160 2489 ι
2215 2433 2508 2498 Ecclesiis
2539 2477 2560 2507 ‚
2602 2456 2744 2499 cum
2794 2434 3055 2506 volunt,
3104 2435 3503 2515 praeficiunt3
3550 2444 3695 2500 San·

2136 2561 2158 2587 ·
2211 2532 2533 2597 ctissimus
2591 2531 2888 2595 Dominus
2939 2537 3166 2596 Noster
3217 2538 3693 2600 BENEDICTUS

2138 2636 2368 2694 mxlv.
2400 2636 2569 2693 ratus
2618 2649 2740 2692 non
2794 2628 3054 2701 decere,
3099 2638 3167 2693 ut
3218 2631 3352 2693 sine
3400 2652 3698 2712 expressa

2137 2756 2159 2781 -
2209 2726 2437 2790 vinculi
2471 2726 2867 2792 absolutione
2898 2726 2959 2787 in
2990 2736 3310 2808 posterum
3342 2727 3699 2809 praefician-

2137 2854 2160 2879 ·
2209 2832 2311 2905 tur
2337 2824 2446 2887 alii
2473 2824 2949 2906 Episcopatibus
2982 2824 3115 2889 sitis
3159 2824 3222 2885 in
3249 2825 3450 2889 terris
3478 2824 3698 2890 lnlide-

2137 2951 2159 2977 .
2209 2922 2366 2987 liam
2387 2965 2407 2994 ‚
2440 2922 2670 3003 quibus
2694 2921 2940 2984 fuerant
2971 2920 3270 3001 praefecti
3300 2922 3439 2994 illi,
3488 2923 3592 3003 qui
3638 2924 3706 2986 in

2136 3048 2161 3077 ι
2211 3039 2459 3084 sacrum
2493 3018 2912 3083 cardinalium
2938 3017 3282 3101 collegium
3304 3029 3698 3103 cooptantur,

2136 3147 2161 3174 ι
2208 3137 2286 3181 ne
2318 3117 2378 3178 in
2414 3135 2587 3179 more
2616 3115 2890 3197 positum
2927 3135 3067 3180 esse
3099 3115 3425 3190 videatur,
3459 3109 3524 3182 ut
3556 3121 3696 3182 car-

2137 3244 2159 3272 ·
2211 3214 2451 3277 dinales
2483 3213 2840 3296 praedictos
2891 3214 3197 3277 retineant
3246 3215 3701 3298 Episcopatus,

2136 3339 2159 3366 ι
2214 3310 2505 3378 mandat,
2537 3319 2603 3373 ut
2631 3310 2696 3371 ia
2729 3315 2989 3372 Decreto
3019 3311 3454 3395 assignationis
3504 3313 3692 3376 Tituli

2135 3437 2159 3461 ι
2208 3407 2586 3484 cardinalitii
2613 3406 2768 3470 baec
2799 3405 2861 3467 in
2907 3417 3228 3488 posterum
3278 3410 3473 3472 verba
3533 3409 3705 3474 adhi-

2135 3534 2160 3560 .
2216 3507 2513 3570 beantur:
2552 3505 2927 3566 Auctoritate
2955 3504 3407 3581 omnipotentis
3439 3511 3551 3570 Dei
3578 3520 3693 3571 etc.
3776 3571 3780 3578 ,

2135 3631 2159 3658 ·
2207 3607 2575 3665 absolvimus
2605 3612 2659 3663 to
2692 3620 2732 3663 o
2777 3606 3026 3663 vinculo
3071 3622 3191 3679 quo
3234 3610 3538 3668 tenebaris
3569 3609 3689 3669 Ec·

2137 3728 2160 3755 ι
2212 3704 2429 3760 ctesias
2463 3701 2544 3760 N.
2577 3709 2638 3760 et
2690 3702 3113 3762 committimus
3143 3705 3258 3763 tibi
3294 3712 3408 3763 otc.
3435 3702 3548 3766 Die
3597 3710 3695 3766 XI.

2140 3825 2162 3850 ·
2210 3795 2410 3861 Martii
2448 3799 2632 3858 1744.

2257 3892 2697 3954 sanctissimus
2727 3896 2913 3953 Pater
2941 3910 3081 3952 cum
3112 3891 3456 3957 Titularem
3485 3896 3699 3960 Eccle-

2132 3988 2265 4052 siae
2296 3994 2395 4051 SS.
2429 3986 2684 4052 loannis
2715 3997 2781 4051 et
2808 3986 2982 4051 Pauli
3030 3989 3426 4053 cardinalem
3481 3993 3701 4056 Paulu-

2134 4085 2290 4149 tium
2325 4085 2712 4155 institueret,
2737 4083 3283 4166 Arcbiepiscopum
3312 4086 3465 4150 olim
3489 4090 3704 4163 Iconii,

2130 4183 2425 4247 eumdem
2455 4200 2492 4246 a
2519 4177 2769 4245 vinculo
2802 4180 3113 4263 praefatae
3137 4185 3559 4266 Metropoleos
3589 4187 3697 4251 ab·

2136 4281 2343 4344 solvit.

2260 4384 2337 4439 At
2366 4374 2519 4439 satis
2547 4374 2623 4439 de
2651 4373 2874 4439 'ritulis
2896 4419 2912 4437 .
2942 4374 3334 4440 veniendum
3377 4376 3571 4444 modo
3619 4381 3699 4444 ad

2132 4495 2206 4542 ea
2237 4482 2356 4547 est,
2388 4491 2550 4555 quae
2584 4472 2829 4536 Domini
2861 4472 3324 4539 consistorialis
3352 4474 3544 4539 Aulae
3582 4476 3706 4538 Ad·

2130 4570 2332 4634 vocati
2359 4568 2555 4633 semel
2588 4578 2778 4651 atque
2810 4569 3038 4633 iterum
3075 4571 3155 4633 de
3185 4569 3466 4653 quinque
3487 4579 3704 4636 Beato-

2131 4688 2267 4730 rum
2294 4668 2421 4730 vita
2449 4666 2706 4749 copiose
2753 4667 3184 4731 disseruerunt
3209 4688 3416 4733 coram
3450 4676 3702 4733 Summo

2134 4761 2429 4827 Pontifice
2454 4806 2474 4835 ,
2503 4762 2701 4844 quiin
2736 4762 2968 4844 duplici
3015 4763 3267 4844 publico
3318 4765 3706 4830 consistorio

2129 4882 2241 4925 eos
2273 4858 2606 4940 separatim
2640 4861 2718 4924 de
2752 4880 2922 4922 more
2953 4860 3207 4941 excepit
3237 4871 3301 4923 et
3328 4863 3584 4924 audivit.

2229 4943 2534 5022 'Primum
2562 4977 2642 5022 ex
2673 4957 2767 5020 his
2798 4957 3095 5019 indictum
3122 4957 3252 5040 jam
3284 4958 3482 5020 fuerat
3512 4959 3574 5021 in
3606 4980 3700 5022 se-

2131 5062 2427 5137 quentem
2459 5051 2678 5116 feriam
2713 5053 3029 5134 quintam,
3063 5073 3174 5117 seu
3208 5053 3376 5116 diem
3407 5059 3508 5116 21.
3530 5061 3698 5119 Men-

2133 5152 2219 5215 sis
2251 5148 2521 5231 Aprilis3
2553 5149 2814 5231 proinde
2843 5149 2948 5231 qui
2981 5150 3042 5210 in
3088 5170 3166 5213 eo
3216 5149 3419 5214 locum
3465 5151 3698 5216 habere

2134 5246 2377 5320 solent,
2408 5245 2620 5310 statim
2651 5244 2805 5309 banc
2836 5243 3197 5309 schedulam
3242 5267 3277 5311 a
3329 5246 3706 5313 Cursoribus

2139 5341 2475 5416 Pontificiis
2501 5341 2793 5407 traditam
2827 5359 3151 5426 accepere.
