4442 6300
887 553 961 605 90
1884 552 2090 607 ACTA
2130 550 2790 609 cauomzATtoms

601 690 632 709 ⁴
687 700 793 780 plo
824 696 1259 763 triturantibus
1286 695 1709 764 comminatus
1728 739 1751 769 ‚
1778 717 1945 773 cum,
1978 699 2256 764 extincto

683 797 887 868 hove,
934 813 1135 878 poena
1193 793 1371 859 illico
1422 796 1759 860 subsecuta
1809 804 2024 869 esset,
2076 797 2258 863 illum

583 887 588 893 ’
683 892 875 976 paulo
896 900 1041 976 post
1058 892 1396 975 Agricolae
1409 893 1784 975 pauperrimi
1805 893 2102 979 lacrymis
2124 917 2262 979 pre·

689 992 997 1071 cibusque
1013 999 1373 1056 commotus
1394 992 1469 1053 ad
1493 990 1793 1070 pristinae
1813 990 1981 1055 vitae
2005 1013 2260 1059 munera

688 1088 1038 1156 revocavit:
1070 1094 1161 1152 Ex
1187 1088 1368 1165 arido
1399 1099 1613 1154 monte
1642 1090 1720 1152 ad
1751 1089 1914 1154 Socii
1947 1091 2043 1154 sui
2090 1090 2261 1154 sitim

689 1186 1029 1255 sedandam
1062 1205 1204 1248 rum
1236 1205 1436 1269 aquae
1475 1206 1698 1249 venam
1728 1187 2118 1268 aperuisset,
2162 1207 2268 1251 ea-

691 1304 816 1367 que
847 1282 1060 1347 subito
1086 1281 1437 1356 exsiccata,
1466 1281 1650 1347 locus
1675 1281 1869 1364 paulo
1895 1292 2038 1364 post
2066 1302 2101 1346 a
2132 1283 2266 1364 qui-

691 1381 960 1447 busdam
1005 1380 1448 1463 indagaretur,
1502 1380 1609 1443 nbi
1658 1380 2022 1445 miraculum
2066 1381 2265 1446 conti-

695 1480 888 1565 giuet
910 1521 934 1553 ,
960 1498 1159 1561 aquae
1188 1478 1417 1542 iterum
1443 1488 1824 1560 eruperunt,
1856 1479 2086 1560 quihus
2110 1482 2259 1563 epo'·

692 1579 776 1642 tis
821 1575 1065 1639 nullum
1117 1575 1393 1658 amplius
1429 1574 1634 1638 visum
1679 1582 1784 1639 est
1828 1595 2028 1658 aquae
2075 1576 2265 1642 vesti-

695 1695 894 1759 gium.
924 1702 950 1730 ο

829 1802 852 1827 .
887 1779 1130 1837 Interea
1159 1776 1412 1851 tempus
1453 1767 1614 1834 illud
1645 1770 1978 1838 advenerat
2008 1791 2043 1836 a
2086 1777 2262 1837 Iose-

693 1869 816 1951 pbo
847 1868 1046 1933 niulto
1072 1873 1215 1933 ante
1237 1866 1615 1948 praescitum
1638 1888 1712 1933 ac
1729 1867 2262 1949 praenunciatum,

693 1990 818 2050 quo
845 1967 1119 2049 reposita
1147 1983 1380 2030 corona
1405 1964 1719 2047 justitiae,
1737 1956 1936 2046 quam'
1958 1964 2262 2047 repromi-

694 2066 779 2130 sit
806 2070 973 2129 Deus
1000 2062 1412 2145 diligentibus
1441 2082 1511 2127 se
1530 2104 1553 2135 ,
1584 2063 1651 2125 in
1678 2061 2083 2146 triumphanti
2115 2080 2263 2128 eum

699 2163 898 2247 patria
929 2161 1228 2226 Dominus
1252 2168 1618 2232 coronaret,
1648 2179 1832 2241 quem
1864 2162 2096 2225 honum
2128 2181 2266 2225 cer·

695 2272 907 2326 tamen
968 2267 1312 2325 certantem
1363 2258 1556 2323 tautis
1598 2257 2038 2323 charismatum
2087 2257 2268 2323 donis

691 2361 817 2444 jam
849 2365 1260 2423 coronaverat
1290 2356 1390 2421 hic
1415 2355 1479 2419 in
1507 2356 1715 2421 terris.
1750 2355 2044 2419 Plurimis
2073 2356 2270 2438 igitur

696 2454 1253 2535 acerbissimisque
1296 2472 1435 2517 cum
1468 2453 1785 2535 coepisset
1826 2452 2114 2517 afflictari
2160 2453 2270 2516 do·

695 2554 964 2624 loribus,
985 2561 1050 2616 et
1072 2549 1458 2634 intelligeret
1489 2548 1703 2612 boram
1729 2550 2137 2615 novissimam
2164 2569 2269 2631 ap-

695 2648 1142 2732 propinquare,
1165 2645 1319 2710 satis
1348 2642 1647 2727 explicari
1678 2665 1798 2709 non
1829 2653 2062 2728 potest,
2081 2664 2267 2727 quam

699 2754 871 2811 totus
902 2745 967 2806 in
998 2741 1066 2806 id
1091 2742 1538 2816 incumberet,
1568 2751 1637 2805 ut
1665 2742 1877 2807 animo
1903 2749 2270 2824 praeparato

698 2841 973 2907 venienti
1004 2839 1271 2905 Domino
1298 2836 1506 2918 laetus
1535 2849 1921 2903 occurreret.
1965 2839 2268 2913 Quamdiu

698 2961 814 3027 per
840 2939 1011 3004 vires
1037 2938 1265 3008 licuit,
1292 2935 1439 3001 lieet
1468 2935 1773 3010 infirmus,
1804 2936 2269 3001 immaculatam

703 3044 833 3103 Deo
873 3034 1142 3101 hostiam
1173 3033 1401 3100 offerre
1432 3053 1552 3097 non
1582 3033 2047 3114 praetermisit:
2092 3034 2270 3108 Quod

700 3133 1104 3220 postmodum
1149 3151 1290 3195 cum
1336 3151 1636 3214 peragere
1679 3132 2027 3196 acerbioris
2059 3132 2268 3197 morbi

702 3234 763 3297 vi
810 3230 1292 3315 prohiberetur,
1336 3227 1491 3292 illud
1534 3229 1755 3320 saltem
1801 3229 2005 3293 solatii
2045 3248 2272 3308 capere

701 3330 1063 3401 nitebatur,
1102 3335 1172 3390 ut
1197 3323 1346 3391 ante
1373 3326 1560 3391 boras
1592 3326 1929 3391 matutinas
1954 3346 1990 3389 e
2015 3324 2272 3390 -lectnlo

706 3446 821 3493 suo
865 3443 1254 3508 consurgens
1300 3424 1376 3486 ad
1426 3422 1766 3486 Ecclesiam
1818 3420 2270 3495 descenderet,

700 3523 919 3606 ibique
964 3520 1046 3585 de
1093 3518 1440 3603 Superioris
1483 3536 1669 3582 manu
1714 3517 2106 3583 sanctissima
2153 3523 2273 3581 Eu-

704 3619 996 3687 charistia
1035 3616 1424 3682 reticeretur.
1455 3615 1574 3680 Ubi
1601 3634 1753 3681 vero
1779 3616 2004 3679 morbo
2041 3613 2271 3678 invale-

707 3725 922 3784 scente
966 3734 1003 3779 e
1046 3713 1218 3778 Cella
1259 3711 1473 3797 egredi
1523 3713 1781 3776 minime
1826 3710 2071 3794 potuit,
2113 3711 2268 3776 illud

708 3812 1020 3885 obtinuit,
1052 3816 1123 3875 ut
1148 3808 1400 3892 expiata
1432 3827 1548 3891 per
1574 3808 2081 3892 Exomologesim
2125 3828 2274 3873 con-

707 3910 1006 3982 scientia,
1051 3906 1454 3971 immaculato
1503 3906 1728 3970 Christi
1778 3926 2041 3987 corpore
2063 3948 2084 3978 ,
2138 3911 2266 3968 tan·

705 4029 893 4093 qnam
923 4005 1180 4072 salutari
1209 4001 1378 4069 vitae
1405 4003 1783 4069 immortalis
1810 4005 2065 4088 pignore
2091 4045 2113 4074 ,
2143 4001 2275 4066 die·

704 4107 826 4171 bus
847 4102 1111 4189 singulis
1136 4102 1203 4164 in
1247 4102 1343 4166 sni
1390 4101 1690 4165 domicilii
1735 4097 2050 4165 vestibulo
2091 4099 2273 4162 flexis

706 4200 973 4289 genibus
999 4200 1338 4265 cibaretur.
1369 4205 1437 4261 In
1466 4197 1821 4262 meditanda
1848 4196 2089 4261 interea
2133 4202 2275 4259 Pas·

706 4300 904 4366 sionis
931 4297 1285 4362 Dominicae
1327 4295 1629 4368 historia,
1672 4295 1735 4356 in
1780 4293 2076 4375 precihus
2118 4292 2276 4355 reci-

708 4396 950 4469 tandis,
978 4397 1040 4457 in
1068 4392 1485 4476 persolvendo
1514 4392 1723 4456 divino
1753 4389 1965 4455 Officio
1995 4388 2272 4470 reliquas

703 4494 830 4560 diei
875 4499 1088 4577 partes
1129 4490 1537 4555 devotissime
1579 4488 2004 4571 transigehat=
2062 4491 2273 4550 Donec

707 4592 983 4667 instante
1011 4587 1357 4653 novissimo
1399 4586 1620 4651 mortis
1661 4605 1859 4665 agone
1885 4627 1905 4656 ,
1951 4582 2272 4649 Ecclesiae

709 4686 1127 4755 sacramentis
1157 4704 1401 4750 summo
1419 4683 1667 4765 pietatis
1696 4702 1768 4746 ac
1789 4681 2127 4767 Religionis
2149 4680 2273 4745 fer-

707 4806 858 4851 vore
885 4783 1199 4867 susceptis
1220 4826 1241 4856 ,
1283 4782 1511 4846 Christi
1542 4780 1787 4845 Domini
1815 4779 2272 4845 ‘amantissime

703 4882 1022 4948 osculatus
1045 4880 1337 4964 efigiem,
1356 4878 1502 4942 dum
1526 4898 1754 4958 corpus
1770 4878 2112 4961 oculosque
2142 4885 2271 4940 tan·

703 4997 888 5062 quam
913 4979 978 5040 in
1007 4976 1264 5041 caelum
1282 4981 1736 5057 properaturos
1754 4973 2012 5047 attollit,
2030 4972 2275 5056 placida

706 5094 1052 5158 serenaque
1073 5072 1280 5137 fronte
1309 5092 1560 5157 cursum
1593 5071 1961 5136 felicissime
1990 5088 2276 5136 consum-

707 5172 902 5235 mavit
918 5173 982 5236 in
1007 5170 1332 5235 Amatricis
1352 5169 1616 5249 Oppido,
1637 5168 1744 5232 die
1761 5176 1984 5249 quarta
2012 5169 2277 5233 Februa·

711 5269 788 5331 rii
833 5288 994 5333 anno
1035 5267 1379 5333 millesimo
1407 5265 1866 5330 sexcentesimo
1888 5264 2138 5330 decimo
2180 5286 2279 5330 se·

706 5366 935 5437 cundo,
957 5365 1187 5431 aetatis
1203 5385 1356 5430 suae
1373 5361 1894 5447 quinquagesimo
1911 5363 2204 5446 septimo.
2248 5392 2271 5418 ·

2373 697 2586 763 subito
2627 697 2910 782 coeperit
2956 698 3121 764 beati
3161 700 3487 770 cadaveris
3516 699 3709 766 {aries
3733 745 3755 777 ,
3786 722 3947 785 quae

2371 801 2551 859 antea
2574 839 2594 868 ,
2627 815 2769 857 cum
2801 803 2972 861 esset
3004 797 3217 861 vivens
3237 841 3257 864 .
3289 802 3655 864 morborum
3690 801 3935 863 diutur-

2372 894 2566 957 nitate
2594 893 2885 975 vitaeque
2905 897 3269 960 austeritate
3301 898 3632 979 squalebat
3660 901 3676 958 Ξ
3713 893 3939 962 'animm

2372 1002 2600 1071 quanta
2628 991 2844 1053 odoris
2866 994 3168 1057 suavitate
3199 992 3335 1074 ipsa
3359 995 3552 1056 etiam
3579 993 3796 1058 intima
3816 993 3946 1058 dis-

2373 1087 2526 1150 secti
2548 1086 2829 1169 corporis
2844 1087 3080 1152 viscera
3103 1089 3498 1155 redolerent?
3508 1091 3733 1155 Mirum
3754 1111 3943 1173 quam

2373 1183 2806 1264 vivida.quam
2840 1183 3375 1266 flexibilia,quam
3411 1186 3630 1251 mollia
3655 1187 3944 1251 membra

2372 1283 2931 1345 conservarentur!
2964 1281 3122 1355 Quin
3152 1283 3340 1346 etiam
3375 1284 3512 1366 ipsa
3542 1284 3823 1366 corporis
3858 1284 3952 1347 in·

2373 1378 2596 1442 testina
2641 1379 3141 1443 excrementitiis
3168 1379 3453 1445 faecibus
3493 1381 3831 1453 divinitus,
3875 1389 3946 1446 ut

2371 1474 2681 1540 creditum
2726 1473 2845 1539 fuit
2871 1520 2892 1549 ‚
2935 1476 3275 1561 depurgata
3307 1476 3806 1562 fragrantissimo
3847 1479 3942 1541 in-

2372 1581 2553 1638 venta
2600 1580 2746 1638 sunt
2792 1573 3051 1640 humme
3101 1575 3305 1641 lacteo
3354 1576 3725 1640 redundare.
3770 1583 3940 1651 Quae

2373 1670 2518 1734 dum
2546 1672 2811 1736 miratur
2837 1671 3211 1757 Chirurgus,
3242 1679 3570 1756 Deumque
3603 1674 3667 1736 in
3710 1680 3942 1740 Sancto

2373 1789 2489 1833 suo
2518 1769 2870 1833 mirabilem
2898 1770 3509 1855 praedicat,Josephi
3543 1772 3940 1846 sanctitatem

2373 1866 2492 1930 sihi
2532 1866 2651 1948 ipsi
2694 1866 3043 1932 beneficam
3086 1877 3379 1950 expertus
3404 1880 3544 1933 est:
3574 1888 3732 1951 ‚cum
3764 1870 3937 1935 enim

2371 1962 2535 2028 inter
2559 1965 2898 2028 secandum
2944 1965 3240 2030 novacula
3286 1965 3409 2029 sihi
3451 1966 3718 2049 digitum
3761 1967 3940 2051 gravi

2371 2061 2631 2126 vulnere
2659 2061 3023 2133 sauciasset,
3044 2064 3648 2145 opportunissimam
3678 2063 3742 2126 in
3767 2070 3948 2128 lose·

2373 2158 2474 2242 phi
2508 2160 2806 2243 sanguine
2840 2158 3147 2224 medelam
3177 2161 3458 2234 invenit,
3489 2180 3613 2244 qua
3643 2160 3820 2226 illico
3849 2181 3945 2227 aa·

2376 2265 2646 2321 caretur.
2690 2284 2714 2311 ι

2512 2384 2536 2408 ·
2577 2352 2871 2438 Evulgata
2895 2360 3104 2418 autem
3137 2353 3309 2420 felici
3326 2356 3587 2439 Josephi
3615 2365 3841 2429 morte,
3859 2356 3951 2428 acl¹

2376 2449 2698 2513 visendum
2719 2453 3263 2534 venerandumque
3293 2461 3576 2517 sanctum
3609 2451 3783 2517 illius
3799 2458 3945 2517 Cor·

2376 2568 2494 2629 pus
2526 2557 2695 2611 tanta
2728 2549 3067 2613 multitudo
3097 2550 3439 2614 sanctitatis
3481 2550 3625 2633 ejus
3666 2547 3832 2614 fama
3871 2569 3947 2615 ac

2382 2642 2671 2727 religioni
2702 2664 2999 2708 succensa
3023 2644 3084 2706 in
3116 2646 3419 2728 Oppidum
3445 2646 3776 2711 amatricis
3800 2664 3950 2712 eon·

2378 2741 2555 2805 fluxit
2575 2782 2596 2814 ‚
2627 2751 2697 2804 ut
2725 2740 3023 2806 finitimae
3049 2742 3361 2827 Regiones
3389 2764 3611 2808 omnes
3640 2745 3776 2809 suis
3802 2763 3982 2834 pro-⁶

2381 2839 2713 2919 pemodum
2746 2839 3087 2904 convulsae
3109 2841 3365 2906 sedibus
3392 2842 3787 2916 viderentur,
3808 2843 3947 2925 qui-

2380 2936 2498 3000 hus
2525 2936 2837 3017 ,Iosephus
2863 2937 3224 3017 Apostolica
3258 2939 3367 3002 illa
3399 2939 3698 3004 charitate
3742 2941 3945 3005 adhuc

2379 3031 2668 3096 incensus
2688 3074 2710 3102 ,
2742 3052 2860 3114 qua
2893 3052 3141 3114 semper
3166 3046 3485 3099 exarserat
3518 3036 3618 3098 hic
3644 3037 3707 3099 in
3740 3036 3945 3110 tersis,

2377 3128 2699 3194 inmimera
2722 3131 2993 3195 obtinuit
3011 3132 3093 3196 ab
3116 3132 3529 3215 omnipotenti
3554 3134 3815 3200 Domino
3839 3136 3949 3199 be·

2380 3225 2623 3290 neflcia.
2655 3232 2816 3301 Quot
2845 3227 3011 3292 enim
3041 3228 3353 3294 dinturnis
3396 3232 3659 3296 affectos
3704 3230 3947 3296 morbis

2377 3321 2440 3383 in
2484 3322 2812 3410 pristinam
2852 3311 3277 3389 valetudinem
3323 3325 3947 3409 incolumitatemque

2383 3419 2694 3484 restituitz
2724 3426 2889 3494 Quot
2918 3423 3000 3484 ah
3030 3422 3312 3487 obsessis
3353 3425 3727 3505 corporibus
3769 3422 3949 3504 spiri·

2383 3527 2483 3580 tus
2524 3519 2879 3582 immundos
2919 3518 3153 3602 ejecit!
3200 3526 3362 3594 Quot
3400 3519 3691 3585 intimum
3736 3519 3947 3585 cordis

2379 3612 2667 3690 dolorem
2701 3616 2994 3700 ingessit,
3040 3637 3165 3698 quo
3192 3626 3588 3699 peccatorum
3617 3617 3861 3681 veniam
3903 3637 3942 3681 a

2378 3711 2639 3774 Domino
2667 3722 3200 3793 consequerentur
3228 3716 3245 3776 t
3286 3742 3310 3769 ·
3529 3707 3547 3723 ”

2516 3836 2540 3860 ·
2578 3808 2997 3879 Quamobrem
3030 3829 3193 3879 cum,
3224 3806 3392 3875 fama
3421 3809 3791 3882 sanctitatis,
3816 3808 3949 3893 glo·

2382 3902 2467 3965 ria
2518 3903 2960 3968 miraculorum
2979 3947 3002 3977 ,
3052 3915 3121 3970 et
3172 3905 3548 3987 populorum
3612 3905 3946 3971 devotione

2344 4003 2347 4008 ’
2383 4000 2620 4081 ubique
2683 4002 3354 4083 percrebrescentibus
3375 4045 3398 4076 ,
3448 4002 3611 4068 votis
3662 4004 3947 4067 omnium

2340 4179 2347 4186 ·
2383 4098 2727 4162 baberetur
2757 4098 3179 4180 dignissimus,
3201 4099 3281 4164 de
3312 4120 3437 4182 quo
3466 4106 3763 4183 ageretur
3783 4100 3949 4164 inter

2386 4194 2654 4259 Caelites
2704 4194 3080 4270 referendo,
3133 4195 3348 4278 plures
3396 4198 3648 4262 formati
3696 4204 3838 4262 sunt
3867 4196 3949 4262 de

2379 4291 2517 4375 ejus
2563 4293 2903 4358 virtutibus
2946 4293 3387 4377 miraculisque
3437 4303 3579 4378 post
3626 4305 3946 4368 mortem,

2381 4390 2693 4454 ordinaria
2731 4390 3048 4473 primum,
3075 4392 3304 4457 deinde
3333 4393 3696 4474 Apostolica
3738 4398 3953 4458 aueto-

2382 4485 2562 4549 ritate
2587 4493 2955 4552 Processuse
2983 4486 3226 4561 Quibus
3245 4488 3367 4552 rite
3384 4487 3719 4564 discussis,
3737 4488 3947 4570 iisque

2379 4582 2759 4649 adamussim
2782 4584 3070 4655 servatis,
3102 4605 3262 4664 quae
3290 4585 3354 4647 in
3382 4605 3452 4650 re
3475 4586 3632 4649 tanti
3665 4605 3949 4651 momen·

2384 4682 2426 4743 ti
2471 4686 2865 4745 summorum
2919 4681 3286 4745 Pontificum
3330 4685 3604 4749 Decretis
3648 4683 3955 4766 praescri-

2385 4786 2487 4860 pta
2516 4785 2702 4849 sunt,
2746 4777 3034 4843 Clemens
3060 4785 3189 4842 xli.
3221 4787 3286 4844 P.
3321 4787 3393 4845 Ο.
3437 4787 3517 4845 u.
3550 4781 3661 4845 -die
3698 4781 3950 4846 decima

2385 4875 2597 4955 quinta
2645 4874 2795 4940 Julii
2845 4877 2995 4940 anni
3037 4876 3356 4946 millesimi
3416 4876 3950 4962 septingentesimi

2386 4972 2696 5054 trigesimi
2722 4972 2925 5055 quarti
2954 4992 3167 5038 sacrae
3189 4974 3510 5058 generalis
3526 4976 3775 5039 Rituum
3795 4980 3952 5039 con-

2387 5070 2774 5152 gregationis
2798 5069 3101 5154 judicium
3136 5069 3215 5135 de
3245 5071 3515 5137 heroicis
3544 5073 3798 5155 Josephi
3830 5073 3952 5136 vir·

2388 5167 2630 5230 tutibus
2676 5173 2938 5231 Decreto
2971 5168 3336 5249 Apostolico
3375 5169 3807 5244 confirmavit,
3852 5168 3953 5232 die

2387 5284 2540 5328 vero
2568 5271 2783 5330 octava
2815 5265 2989 5328 «lunii
3018 5267 3162 5328 anni
3196 5265 3519 5331 millesimi
3538 5269 3956 5352 septingente-

2390 5360 2530 5424 simi
2560 5362 2864 5444 trigesimi
2890 5361 3146 5445 septimi
3180 5364 3311 5428 duo
3340 5364 3645 5431 miracula
3673 5385 3955 5447 compro·

843 5495 867 5519 ·
903 5463 1126 5531 Mirum
1155 5471 1388 5548 quanta
1417 5459 1649 5548 speciei
1677 5465 2009 5528 venustate
2051 5459 2279 5525 florere
2394 5458 2597 5525 havit:
2633 5465 2794 5524 Puer
2822 5456 3135 5544 siquidem
3157 5503 3178 5533 ‚
3206 5460 3316 5544 qui
3348 5463 3430 5527 ab
3457 5461 3591 5545 ipsa
3636 5445 3958 5528 nativitate
