4442 6300
957 493 1061 546 ¹92

829 637 1203 703 Pnosrmt
1228 640 1292 704 8.
1324 639 1571 721 aeon-qa·
1609 643 1921 705 &conus
1952 647 2292 708 cardinalis

1202 740 1495 803 columna
1521 747 1593 802 aa
1631 742 1896 805 Sciarra.

882 930 1181 997 Beroicas
1233 930 1502 999 virtutes
1558 938 1627 996 B.
1670 933 1834 998 Petri
1876 930 2157 1017 Regalati
2212 952 2337 999 non

757 1024 946 1094 aliter
973 1029 1271 1111 probatas
1300 1029 1532 1095 scimus
1562 1039 1627 1096 et
1656 1030 1847 1097 veluti
1890 1031 2329 1109 confirmatas,

757 1144 947 1209 quam
973 1127 1336 1193 testimonio
1361 1127 1578 1193 Divino
1599 1138 1869 1211 quatuor
1892 1126 2334 1193 miraculorum

754 1243 871 1308 per
926 1244 1089 1306 qnae
1140 1224 1438 1289 virtutum
1491 1225 1929 1309 probationem
1952 1268 1975 1300 ‚
2031 1218 2334 1292 'restibus

755 1319 1030 1388 oculatis
1073 1322 1440 1389 destitutam
1466 1366 1487 1397 ,
1518 1322 1673 1388 satis
1703 1342 2016 1406 superque
2056 1322 2335 1406 suppleri

753 1419 908 1487 baec
934 1426 1158 1486 Sancta
1182 1421 1377 1485 Sedes
1398 1419 1550 1486 olim
1583 1421 1947 1486 autumavit.
1963 1420 2151 1486 Hisce
2179 1441 2335 1504 qua-

757 1528 904 1585 tuor
947 1518 1271 1584 miraculis
1308 1536 1514 1600 nuper
1554 1525 1957 1583 accesserunt
1995 1516 2116 1583 alia
2160 1516 2335 1601 dno,

756 1637 919 1700 quae
944 1627 1091 1699 post
1104 1617 1406 1683 indultam
1442 1620 1505 1679 Β.
1536 1622 1721 1681 Petro
1745 1617 2214 1681 venerationem
2244 1613 2334 1680 fa-

756 1725 856 1780 cta
900 1713 1097 1780 fuisse
1139 1714 1549 1787 ferebantur,
1594 1733 1885 1796 quaeque
1939 1713 2016 1778 ad
2063 1731 2328 1777 examen

750 1821 1039 1876 revocata
1084 1811 1422 1909 approbari
1460 1818 1842 1879 meruerunt.
1874 1809 2085 1874 Habes
2127 1828 2325 1894 ergo,

756 1914 1217 1977 BEATISSlME
1256 1912 1554 1979 PATER,
1615 1908 1767 1971 satis
1810 1926 2120 1990 superque
2167 1900 2330 1970 suffi-

752 2007 977 2072 cientis
1022 2006 1380 2071 testimonia
1421 2005 1743 2077 veritatis,
1796 2004 2027 2086 quibus
2069 2003 2146 2068 ad
2190 2023 2326 2068 san-

750 2110 991 2168 etatum
1020 2101 1234 2186 legum
1269 2101 1716 2182 praescriptum
1745 2099 2006 2164 virtutes
2033 2096 2323 2167 heroicae

757 2200 930 2265 Servi
963 2201 1070 2265 Dei
1113 2205 1505 2265 contestatae
1536 2206 1899 2272 remanent,
1940 2205 2005 2261 et
2029 2196 2128 2261 via
2173 2195 2324 2260 satis

752 2304 885 2362 tuta
907 2299 1189 2381 aperitur
1210 2298 1287 2361 ad
1309 2294 1767 2360 decernendam
1787 2299 1857 2357 B.
1879 2301 2062 2359 Petro
2081 2314 2316 2359 sacram

755 2394 1235 2481 solemnemque
1266 2390 1840 2456 sanctificationem.
1882 2395 2016 2455 Non
2047 2389 2187 2454 aliis
2230 2389 2319 2454 le·

752 2492 940 2577 gibus
982 2490 1258 2575 naiores
1296 2482 1403 2552 tui'
1433 2487 1749 2553 solemnes
1791 2486 2322 2553 sanctificationes

748 2588 925 2655 Beati
957 2589 1365 2653 decreverunt
1394 2627 1418 2660 ,
1449 2604 1651 2666 neque
1679 2583 1865 2649 aliter
1905 2586 2077 2649 Deus
2104 2589 2321 2648 Beato·

745 2706 885 2750 rum
932 2692 1422 2766 sanctorumque
1466 2682 1730 2747 virtutes
1791 2691 2058 2748 testatas
2096 2682 2317 2746 voluit.

748 2784 863 2867 Eia
894 2803 1044 2867 ergo
1076 2783 1329 2846 indutus
1356 2782 1586 2846 virtute
1616 2801 1697 2844 ex
1722 2781 1854 2846 alto
1873 2825 1893 2851 ..
1924 2789 1990 2844 et
2018 2779 2320 2844 infallibi-

747 2880 797 2946 li
829 2890 939 2946 tuo
960 2879 1202 2964 judicio
1229 2879 1466 2944 cultum
1500 2878 1680 2942 illum
1713 2885 1782 2942 D.
1810 2886 1994 2945 Petro
2023 2878 2315 2947 decerne.

747 2979 855 3062 qni
886 2978 1163 3042 mirabili
1195 2977 1441 3042 vivendi
1475 2994 1706 3062 genere
1735 2983 1871 3040 PP:
1897 2975 2316 3039 Franciscanis

748 3075 1042 3160 exemplo
1069 3074 1190 3141 tuit
1213 3118 1235 3150 ‚
1265 3084 1333 3139 et
1360 3074 1679 3139 Fidelibus
1720 3073 2009 3137 omnibus
2052 3072 2317 3141 admira·

746 3174 984 3239 tionem
1028 3172 1278 3246 attulit,
1308 3173 1543 3255 quique
1583 3172 1676 3236 sic
1708 3170 2044 3254 ghriticari
2091 3172 2316 3233 meruit

745 3279 891 3357 post
920 3271 1170 3336 labores
1202 3269 1512 3354 plurimos
1550 3289 1666 3350 pro
1700 3267 1983 3350 Regulari
2028 3266 2316 3349 Discipli-

743 3389 827 3434 na
869 3368 1269 3436 instauranda
1292 3411 1313 3442 ,
1341 3388 1453 3450 pro
1496 3365 1611 3430 Del
1638 3365 1836 3450 gloria
1865 3374 1933 3429 et
1970 3383 2087 3447 pro
2114 3361 2312 3429 bomi-

745 3484 897 3531 num
931 3463 1135 3531 salute
1165 3463 1412 3529 sortiter
1446 3462 1819 3526 exantlatos.

745 3659 1249 3724 Autumnus
1280 3658 1342 3721 S.
1375 3659 1621 3720 Marias
1650 3661 1721 3718 iu
1749 3662 1975 3735 Aquiro
2003 3659 2314 3720 Diaeouss

1186 3755 1534 3818 cardinalis
1569 3755 1889 3818 rana-tus.

1981 497 2189 552 acra
2228 484 2884 555 canourzxiioms

2849 592 2878 625 a·
3235 590 3240 595 ,

2439 638 2653 708 lorum
2685 643 2830 713 luo·
2854 644 2935 708 ab
2961 663 3039 708 eo
3068 650 3322 709 ornatus
3339 641 3559 718 ¹fuer-it,
3592 645 3880 729 qni-lacit
3908 648 4017 711 mi-

2449 739 2669 804 rabilia
2697 740 2911 814 solus3
2942 739 3100 813 Quid
3134 739 3306 805 aliud
3336 750 3563 814 restat,
3593 743 3712 809 nisi
3743 752 3811 807 ut
3841 750 4013 809 SAR·-

2447 838 2798 900 CTITATIS
2855 842 3022 901 TUAE
3067 837 3375 902 sententia
3401 881 3421 910 ‚
3465 844 3622 903 Eum
3669 840 4013 906 solemnius

2450 952 2713 1017 regnare
2757 933 3054 1003 incaelis
3083 932 3552 1021 intelligamus,
3594 932 4014 1020 eumdemque

2448 1030 2698 1094 interra
2726 1030 2995 1096 alacrius
3024 1030 3335 1096 imitariet
3364 1031 3704 1098 ferventius
3732 1036 4016 1100 venerari

2448 1128 2783 1210 possimus.

2480 1321 3048 1386 fflffltoffnws
3077 1324 3138 1385 S.
3169 1324 3426 1386 Adriani
3458 1327 3764 1388 mucosus
3787 1330 3997 1390 Cardi-

2681 1450 2696 1463 ,
2960 1423 3127 1483 nolis
3147 1427 3216 1483 dc
3250 1422 3486 1483 Βαναία.

2567 1617 2833 1676 Tantum
2866 1611 3062 1677 abfuit
3090 1620 3153 1677 ut
3182 1612 3316 1697 (a)
3344 1611 3669 1679 fascinatio
3697 1615 4022 1699 nugacitae

2439 1708 2521 1773 tis
2554 1718 2827 1772 mentem
2876 1715 2938 1773 B.
2973 1711 3133 1774 Petri
3176 1710 3458 1793 Regalati
3492 1714 3896 1787 obscuraret,
3940 1722 4009 1779 et

2440 1807 2809 1871 incostantia
2837 1808 3399 1890 concupiscientiae
3416 1830 3665 1876 sensum
3698 1819 4008 1875 transver-

2411 1911 2635 1975 ·teret,
2680 1911 2814 1968 uta
2856 1897 3057 1986 prima
3101 1904 3235 1987 ipsa
3280 1913 3484 1971 aetate
3513 1907 3653 1992 (b)
3696 1907 4004 1974 exultavit

2437 2001 2598 2068 sicut
2628 2002 2804 2087 gigas
2826 2045 2847 2074 ,
2880 2010 2941 2066 et
2972 2002 3326 2068 sanctitatis
3354 2002 3514 2069 viam
3546 2024 3801 2069 currere
3830 2005 4004 2070 risus

2433 2097 2571 2162 fuit.
2600 2099 2669 2163 Id
2699 2109 2904 2164 autem
2941 2101 3208 2164 maxime
3227 2102 3425 2182 patuit
3455 2122 3593 2165 cum
3625 2092 4007 2186 inSerapbif·

2435 2216 2576 2263 cum
2635 2197 2931 2263 Ordinem
2989 2206 3318 2281 cooptatus
3375 2198 3602 2281 partim
3662 2200 3958 2283 exemplo
3978 2243 4003 2277 ,

2434 2297 2662 2378 parum
2687 2315 2876 2377 opera
2899 2314 2970 2359 ac
3001 2296 3211 2360 studio
3231 2296 3308 2359 ad
3328 2296 3707 2361 sanctissimi
3733 2298 4003 2362 Patriar·

2430 2392 2582 2457 cbae
2617 2391 2920 2458 stancisci
2950 2392 3085 2477 (c)
3107 2392 3317 2477 legem
3346 2394 3513 2457 vitae
3542 2401 3609 2459 et
3632 2382 4004 2477 disciptinae

2429 2490 2880 2555 restituendam
2921 2498 3046 2554 tam
3092 2490 3429 2576 diligenter
3453 2491 3753 2556 incubuit.
3798 2498 4008 2579 Quare

2423 2606 2569 2650 cum
2601 2585 2746 2672 (d)
2775 2586 2940 2652 Iusti
2970 2586 3155 2671 hujus
3203 2589 3421 2653 semita
3462 2608 3663 2672 usque
3720 2588 3798 2655 ad
3857 2609 4001 2673 per-

2429 2680 2658 2747 fectam
2737 2683 2902 2748 diem
2971 2683 3355 2771 processerit
3380 2730 3400 2758 ‚
3468 2692 3532 2750 et
3598 2685 3776 2768 quasi
3845 2685 3875 2768 (
3901 2706 3937 2750 e
3971 2684 4002 2767 )

2427 2781 2532 2843 lux
2590 2780 2923 2863 splendens
2991 2781 3275 2865 pluribus
3333 2781 3653 2848 miraculis
3714 2782 3994 2859 luxerit,
4043 2784 4060 2809 ⁹

2430 2897 2561 2941 rem
2581 2878 2901 2942 Ecclesiae
2936 2878 3272 2960 perutilem
3302 2885 3848 2946 SANCTITATEM
3863 2886 3997 2945 VE-

2425 2970 2681 3041 STRAM
2705 2976 3011 3041 facturam
3036 2997 3179 3040 esse
3201 2996 3450 3049 censeo,
3471 2976 3524 3040 si
3547 2978 3819 3042 eundem
3846 2983 3995 3043 San·
4031 2991 4036 2996 ’

2425 3080 2668 3139 olorum
2714 3073 2917 3137 Fastis
2946 3072 3300 3147 adscribat,
3339 3080 3408 3135 ut
3437 3093 3591 3156 quas
3619 3072 3739 3159 (f)
3784 3072 3994 3139 firma-

2424 3171 2618 3234 menti
2664 3171 2964 3253 splendor
3003 3176 3070 3235 et
3099 3171 3275 3254 quasi
3318 3170 3502 3236 stella
3543 3169 3609 3235 in
3652 3179 3989 3256 perpetuas

2424 3268 2723 3354 effulgeat
2750 3267 3177 3333 aeternitates.

2445 3463 2926 3530 nommcvs
2958 3465 3233 3528 8571&
3259 3471 3319 3525 ot
3347 3463 3616 3526 Modesti
3647 3466 3963 3574 ”monus

2874 3565 3227 3625 cardinatis
3257 3563 3540 3625 [iratum.

2471 3757 3008 3818 uastissima
3048 3758 3324 3819 PATER.
3369 3753 3611 3819 Elimia
3655 3755 3988 3818 sanctimo-

2417 3849 2557 3916 niae
2585 3849 2727 3915 luce
2754 3870 2955 3933 usque
2985 3852 3065 3915 ab
3096 3850 3351 3915 ineunte
3381 3858 3590 3915 aetate
3631 3854 3988 3918 coruscavit

871 3951 1335 4016 Bsssstssmss
1360 3951 1639 4013 PATER.
1668 3949 1865 4014 Decet
1893 3947 2210 4018 maxime,
2241 3953 2310 4010 ut
2415 3954 2632 4011 Petrus
2659 3948 3030 4032 Regalatus·
3058 3950 3294 4032 Maiora
3323 3947 3616 4031 praetulit
3647 3959 3979 4032 postquam

739 4046 1268 4132 praestantissimi
1313 4046 1490 4119 viri,
1520 4047 1624 4128 qui
1655 4041 1926 4112 heroicis
1966 4046 2310 4111 virtutibus
2420 4044 2606 4109 avitis
2636 4043 2979 4108 bonoribus
3005 4043 3344 4125 nandique
3377 4043 3705 4110 illecebris
3732 4046 3986 4110 heroice

743 4144 892 4208 dum
924 4144 1229 4218 viverent,
1262 4141 1731 4216 excelluerunt,
1759 4151 1947 4225 atque
1971 4151 2115 4225 post
2142 4157 2308 4207 mor·
2417 4140 2816 4223 pessundatis
2869 4140 3180 4225 Religioni
3239 4161 3468 4206 nomen
3525 4141 3740 4206 dedit·
3724 4189 3741 4205 .
3811 4149 3984 4209 'runc

739 4247 873 4306 tem
920 4239 1147 4325 insigni
1193 4237 1638 4304 miraculorum
1687 4238 2022 4322 splendore
2067 4237 2309 4326 clarue-

737 4346 907 4410 runt,
936 4335 1259 4402 infallibili
1289 4336 1685 4419 Apostolicae
1718 4343 2103 4419 sanctaeque
2122 4337 2305 4401 Sedis

735 4434 977 4520 jndicio
1016 4433 1078 4496 in
1135 4439 1500 4499 Sanctorum
1559 4453 1888 4498 numerum
1932 4429 2303 4499 referantur.

737 4538 941 4607 Quare
970 4550 1110 4596 cum
1141 4532 1366 4595 beatus
1394 4536 1619 4596 Petrus
1646 4530 1982 4616 Regalatns
2022 4537 2302 4617 Evange-

736 4628 900 4697 licae
929 4625 1339 4711 perfectionis
1366 4627 1533 4691 riam
1564 4647 1601 4692 a
1632 4628 1893 4710 pueritia
1938 4629 2299 4712 ingressus,

738 4735 807 4791 et
836 4724 1301 4791 sanctissimum
1335 4725 1459 4789 divi
1489 4723 1799 4791 Francisci
1826 4717 2178 4792 lnstitutdln
2209 4726 2306 4790 di-

736 4822 1154 4908 ligentissime
1171 4823 1248 4886 ad
1283 4831 1552 4888 mortem
1580 4840 1781 4904 usque
1803 4822 2144 4904 professus,
2170 4823 2304 4888 lau-

735 4921 904 4986 datis
930 4920 1272 4985 virtutibus
1298 4919 1667 4994 eminuerit3
1696 4919 2301 5004 ardentissimaeque

725 5016 794 5081 in
835 5023 1031 5082 Deum
1077 5024 1142 5083 et
1179 5016 1541 5082 Proximum
1582 5016 1903 5081 charitatis
1946 5017 2299 5102 prodigium

2409 4239 2588 4304 enim
2621 4236 2911 4303 exultans
2941 4249 3012 4302 ut
3042 4238 3216 4322 gigas
3258 4238 3335 4303 ad
3361 4239 3737 4306 currendam,
3774 4239 3987 4322 perfe-

2412 4337 2643 4402 ctionis
2684 4336 2844 4400 viam
2867 4379 2890 4411 ‚
2917 4334 3189 4421 regulari
3232 4336 3628 4401 observantia
3674 4337 3839 4402 inter
3877 4339 3983 4402 m-

2417 4453 2644 4516 spanos
2688 4434 2975 4499 restituta
3005 4434 3269 4500 virtutes
3311 4452 3576 4508 omnes,
3607 4437 3979 4516 praesertim

2411 4531 2820 4606 humilitatis,
2876 4532 3338 4606 abstinentiae,
3396 4533 3816 4614 paupertatis,
3863 4555 3982 4618 pa-

2413 4628 2665 4694 tientiae
2709 4636 2776 4694 et
2802 4627 3164 4703 charitatis,
3219 4629 3379 4693 adeo
3422 4629 3595 4694 solus
3635 4630 3982 4711 ipso'couf-

2412 4727 2637 4811 plexus
2665 4734 2806 4802 est,
2833 4736 2907 4793 ut
2933 4728 3042 4791 vix
3079 4723 3276 4792 ceteri
3306 4726 3614 4811 singulas.
3643 4734 3847 4803 Quare
3892 4731 3975 4794 si·

2415 4833 2522 4890 cut
2562 4825 2628 4888 in
2669 4824 2896 4890 diebus
2926 4825 3059 4890 suis
3102 4823 3338 4908 placuit
3376 4830 3550 4897 Deo,
3581 4832 3648 4890 et
3685 4826 3978 4922 inventus

2412 4932 2513 4987 est
2541 4929 2799 4995 Iustus,
2827 4921 2978 4986 ideo
3008 4920 3424 5007 magnificavit
3452 4941 3597 4986 eum
3637 4899 3972 5006 insignium

2414 5019 2753 5084 donatione
2779 5017 3247 5083 charismatum.
3276 5018 3514 5092 Quibus
3542 5019 3665 5082 rite
3696 5039 3978 5103 compro-

732 5113 798 5177 in
832 5113 947 5180 bac
977 5112 1225 5178 mortali
1249 5114 1377 5178 vita
1404 5113 1607 5179 factus
1636 5112 1717 5177 sit
1737 5112 2000 5188 cunctis3
2031 5113 2302 5198 indeque
2415 5116 2619 5190 batis,
2648 5115 2907 5200 dignum
2954 5124 3286 5199 propterea
3316 5124 3454 5191 est,
3483 5126 3554 5181 ut
3593 5116 3974 5184 caelestibus

738 5211 1174 5277 immortalem
1201 5211 1488 5293 adeptus,
1516 5209 2014 5276 luculentissima
2038 5212 2305 5277 miracu·

2417 5213 2531 5278 ille
2561 5220 2977 5297 prosequatur
3000 5212 3385 5290 bonoribus,
3417 5214 3524 5298 qui
3550 5222 3837 5281 terrenos
3862 5216 3973 5281 de-

847 5406 931 5481 (a)
959 5409 1085 5478 sap.
1114 5407 1170 5460 ι.
1194 5405 1286 5481 (ι.)
1315 5409 1472 5464 psal.
1500 5409 1589 5465 ts.
1616 5405 1702 5482 (c)
1726 5408 1946 5466 taeta.
1974 5409 2065 5466 ss.
2092 5409 2187 5485 (a)
2214 5413 2381 5467 pm.
2407 5408 2464 5465 ι.
2489 5407 2574 5483 (ο)
2598 5349 2886 5465 natm-a.
2911 5405 2990 5481 (e)
3014 5407 3163 5464 Dan.
3193 5408 3280 5463 η
