4442 6300
883 476 999 532 288

709 638 899 703 quam
929 620 1146 685 vivens
1200 604 1600 694 servaverat,
1660 619 1932 687 reddere
1986 624 2268 689 moriens

706 719 1118 782 continentiae
1149 717 1569 801 dignitatem,
1631 736 2027 802 nequaquam
2089 717 2275 783 steri-

564 865 576 875 .
704 811 834 883 lem
856 856 876 884 ,
909 821 975 876 ut
1007 814 1217 877 verbis
1246 822 1385 876 utar
1413 814 1750 897 Augustini
1778 857 1799 886 ,
1831 814 1944 878 sed
1994 814 2275 879 heroica·

705 929 846 975 rum
897 910 1271 977 foecundam
1335 919 1603 976 matrem
1661 911 1984 975 virtutum.
2043 912 2273 976 Merito

706 1007 904 1092 igitur
933 1017 1137 1073 tantae
1165 1006 1449 1073 Mulieris
1484 1027 1710 1072 nomen
1745 1006 2030 1091 pluribm
2057 1028 2095 1072 a
2124 1015 2276 1074 Cae·

703 1104 772 1169 lo
800 1105 994 1190 signis
1051 1105 1599 1177 commendatum,
1659 1112 2015 1171 sanctarum
2076 1103 2278 1189 Virgi-

703 1221 853 1266 num
886 1201 1049 1267 Albo
1078 1207 1498 1268 SANCTITAS
1525 1208 1829 1268 VESTRA
1857 1202 2155 1268 decernet
2183 1202 2275 1266 in·

707 1301 1063 1366 serendum.

706 1498 1016 1563 caum.
1027 1499 1119 1560 us
1152 1501 1266 1559 ree.
1300 1497 1413 1560 ss,
1440 1498 1749 1559 Jonas-aa
1778 1506 1835 1559 oe
1882 1498 2074 1561 rausi
2101 1453 2274 1560 rul-

1024 1601 1200 1677 sym
1224 1600 1569 1660 cardinalia
1582 1597 1948 1661 forstarius.

828 1787 1076 1853 Nemini
1102 1808 1255 1853 sane
1286 1787 1543 1853 dubium
1576 1808 1721 1853 esse
1752 1794 1982 1871 potest,
2010 1792 2272 1852 Pam

698 1890 1162 1952 marissmss
1186 1929 1207 1958 ,
1235 1884 1396 1970 quin
1427 1886 1506 1950 ad
1552 1885 1979 1950 celsissimum
2035 1886 2273 1949 Sancti·

695 1984 848 2049 tatis
874 1982 1194 2068 fastigium
1225 1985 1414 2049 beata
1441 1984 1770 2049 catharina
1810 1982 1888 2047 de
1915 1984 2147 2049 Ricciis
2176 1981 2268 2048 fa-

695 2080 809 2146 lici
834 2100 1230 2165 properoque
1261 2102 1448 2146 cursu
1479 2082 1863 2163 pervenerit.
1890 2081 2268 2164 Ipsa-siqui·-

696 2179 843 2244 dem
864 2198 899 2242 a
926 2175 1164 2242 teneris
1192 2197 1393 2260 usque
1424 2178 1604 2241 annis
1623 2180 1819 2259 probe
1846 2197 2258 2262 cognoscens,

695 2274 1155 2359 planitudinem
1186 2272 1343 2358 legis
1364 2317 1385 2346 ,
1417 2274 1720 2356 Apostolo
1756 2283 1920 2339 taste
1976 2275 2267 2340 dilectio-

695 2393 842 2438 nem
868 2392 1010 2436 esse
1031 2379 1281 2455 praeter
1300 2370 1764 2444 aliasbirtutes,
1791 2379 1962 2437 tanta
1983 2371 2043 2434 iu
2068 2378 2264 2436 Deum

692 2470 992 2536 charitate
1010 2471 1363 2542 aestuabat,
1376 2478 1463 2532 -ut
1492 2470 1636 2534 dies
1657 2474 2005 2551 noctesque
2035 2470 2094 2532 in
2112 2489 2262 2535 con-¹

694 2566 1076 2649 templandis
1105 2566 1467 2631 Dominicae
1498 2566 1667 2631 vitae
1707 2566 2029 2652 mysteriis
2076 2568 2263 2632 absu-

689 2672 891 2729 meret
908 2707 928 2736 ,
960 2671 1028 2728 ut
1056 2662 1153 2728 sui
1182 2664 1440 2728 omnino
1461 2664 1653 2739 oblita
1670 2684 1741 2728 ac
1759 2663 1958 2729 solius
1983 2665 2256 2735 Daimo-

695 2782 859 2835 mor,
883 2760 1035 2823 nibil
1066 2760 1167 2826 vel
1200 2763 1530 2846 cogitaret,
1551 2762 1648 2827 vel
1669 2762 2054 2844 loqueretur,
2073 2761 2176 2827 vel
2199 2783 2263 2825 a·

691 2867 891 2942 geret,
916 2859 1035 2922 nisi
1057 2858 1223 2941 quod
1248 2859 1326 2922 ad
1352 2858 1655 2942 majorem
1680 2858 1792 2923 Dei
1827 2857 2090 2941 gloriam
2120 2880 2258 2941 per·
2277 2878 2299 2901 ·

686 2956 938 3027 flueret,
960 2955 1195 3019 adeout
1224 2954 1302 3017 de
1334 2974 1408 3017 ea
1437 2953 1781 3035 praedicari
1798 2954 2029 3019 merito
2043 2964 2261 3037 posset

690 3051 802 3116 illa
837 3051 1005 3115 Pauli
1034 3050 1385 3117 sententiat
1423 3055 1567 3115 Vivo
1612 3071 1719 3128 syo
1738 3058 1871 3131 jam
1928 3070 2052 3114 non
2105 3071 2262 3130 090,

688 3155 843 3213 vivit
870 3168 1018 3214 voro
1052 3156 1122 3212 s'n
1149 3152 1554 3213 macter-istus.
1587 3147 1811 3211 uirum
1844 3145 2109 3229 proinde
2128 3168 2254 3222 ,non

688 3257 790 3312 est
811 3293 831 3322 ,
860 3248 1029 3330 quod
1061 3248 1308 3312 divinus
1337 3253 1613 3328 Sponsus
1643 3266 1786 3310 cum
1817 3265 1890 3309 ea
1919 3244 2254 3327 alloquens

690 3345 893 3410 mutui
925 3346 1016 3410 sui
1045 3342 1277 3410 amoris
1307 3343 1537 3407 eximia
1565 3352 1935 3424 argumenta
1993 3345 2257 3425 praesti·

687 3443 877 3516 terit,
907 3443 1206 3526 quodque
1233 3439 1640 3523 amplissimis
1676 3458 1823 3504 eam
1872 3437 2258 3504 charismati-

687 3541 811 3606 bus
836 3538 1284 3611 cumulaverit,
1313 3546 1375 3602 et
1406 3536 1603 3601 sacris
1630 3535 1938 3600 humanae
1993 3535 2261 3599 Redem-

574 3631 577 3635 ⁴
686 3638 920 3724 ptionis
950 3636 1360 3721 stigmatibus
1412 3633 1825 3717 insigniverit.
1883 3637 2087 3706 Quare
2146 3653 2253 3696 ae·

691 3736 1062 3817 quissimnm
1095 3753 1323 3797 censeo
1350 3774 1371 3803 ,
1398 3741 1466 3794 ut
1496 3750 1679 3812 quam
1712 3731 2021 3814 Virginem
2064 3730 2256 3793 virtu-

689 3838 787 3896 tes
815 3832 1109 3896 omnibus
1141 3827 1420 3891 numeris
1449 3825 1777 3890 absolutae
1805 3870 1825 3900 ‚
1858 3834 2049 3911 atque
2074 3846 2256 3909 prae-

688 3928 1037 3994 clarissima
1079 3923 1375 3989 miracula
1407 3922 1827 3998 decorarunt,
1881 3945 2022 3989 eam
2081 3928 2255 3989 SAN-

686 4030 956 4092 CTITAS
984 4030 1277 4088 vsss'rnA
1310 4024 1375 4087 in
1406 4028 1767 4088 Sanctorum
1799 4020 2033 4088 Album
2062 4020 2259 4087 refer·

692 4143 766 4189 re
797 4143 921 4187 non
951 4121 1347 4207 dedignetur.

691 4318 1073 4383 GAROLUS
1109 4315 1526 4378 ALBERTUS
1589 4314 1708 4376 Tit.
1774 4311 1839 4376 S.
1892 4315 2130 4379 Marias
2178 4320 2250 4378 do

773 4418 935 4477 Pace
967 4417 1291 4491 Presbyter
1315 4414 1659 4475 cardinalis
1700 4410 2091 4475 Gnidoboaus
2140 4415 2255 4475 Ca-

770 4513 1065 4575 ambiat.

812 4708 1273 4769 BEATiSSIME
1289 4708 1560 4768 PATER.
1590 4699 1982 4767 catharinam
2009 4701 2088 4767 de
2112 4701 2256 4768 Ric-

684 4802 802 4868 ciis
829 4802 1143 4886 Virginem
1198 4806 1330 4863 Deo
1382 4797 1886 4881 acceptissimam
1943 4805 2012 4862 et
2067 4796 2251 4880 plane

684 4898 956 4964 electam
978 4918 1061 4963 ex
1087 4896 1389 4971 millibus,
1418 4917 1562 4961 cum
1594 4916 1718 4979 qua
1738 4894 2032 4960 caelestis
2056 4901 2250 4986 Spon-

605 5059 611 5064 .
685 5015 792 5062 sus
820 4994 1129 5059 ineffabili
1156 4995 1455 5061 comitate
1478 4991 1925 5064 deliciaretur,
1957 4991 2097 5073 quis
2125 5011 2248 5057 non

686 5092 990 5176 dijudicet
1052 5091 1464 5157 meritissime
1518 5097 1873 5154 sanctarum
1930 5086 2249 5173 virginum

690 5209 957 5256 numero
986 5188 1451 5275 adjungendam
1469 5188 1503 5251 Ἰ
1530 5184 1742 5252 Gloria
1768 5184 2065 5251 virtutum
2109 5186 2252 5271 ejus

794 5384 878 5459 (a)
913 5385 1037 5440 Lib.
1066 5385 1135 5440 de
1159 5384 1402 5459 Discipt.
1426 5396 1482 5440 et
1507 5380 1705 5438 laabim
1739 5380 1890 5453 Vir-3.
1918 5397 2040 5456 cap.
2068 5382 2124 5436 2.

1848 475 2053 533 ACTA
2102 477 2379 534 -GAROR
2388 477 2776 534 ΒΔΤΙΟΠΙΒ

2385 643 2575 707 quum
2602 630 2690 688 ‘re
2720 621 3113 734 praecinante
3140 640 3212 688 ac
3226 623 3574 707 imperante
3604 626 3956 710 praedicata

2383 719 2575 784 fuerit
2605 718 2779 783 omni
2801 727 3169 792 creaturae,
3201 722 3652 787 recreabuntur
3672 744 3944 789 summo-

2388 837 2539 899 pere
2570 824 2878 899 quotquot
2907 815 3229 881 illecebris
3258 819 3469 883 mundi
3496 821 3821 892 abdicatis,
3848 820 3941 885 lo·

2385 915 2440 977 ci
2473 913 2833 997 mentisque
2864 932 3161 988 recessu,
3193 904 3487 997 tanquam
3517 917 3887 992 columbae
3871 938 3938 981 ιιι
3997 991 4010 999 ,

2383 1009 2796 1075 foraminibus
2826 1019 3078 1092 petrae,
3109 1034 3224 1076 ceu
3253 1013 3314 1076 in
3345 1014 3806 1091 Christiahtere
3835 1016 3947 1079 ab

2386 1107 2701 1172 sconditae
2731 1107 3112 1173 meditantur
3140 1118 3270 1174 tota
3299 1111 3402 1175 die
3433 1112 3739 1195 magnalia
3800 1113 3939 1178 Dei.

2381 1206 2741 1271 Laetabitur
2762 1227 2916 1270 vero
2945 1208 3311 1288 praesertim
3334 1214 3398 1273 et
3416 1207 3728 1273 exultabit
3755 1209 3941 1275 rebe·

2385 1312 2631 1366 menter
2656 1303 2944 1368 universa
2969 1306 3012 1366 a‘
3036 1310 3097 1367 S.
3131 1305 3455 1371 Dominioo
3482 1302 3772 1377 muta
3832 1315 3942 1372 Fa·

2384 1399 2562 1464 milia
2583 1401 2666 1464 ob
2690 1399 3106 1465 illustriorem
3129 1421 3205 1466 ex
3229 1402 3431 1468 altera
3451 1404 3778 1469 catharina
3806 1400 3948 1468 red-

2383 1497 2575 1562 ditam
2597 1497 2914 1581 virgineae
2937 1495 3132 1580 pro'lis
3145 1520 3294 1567 suae
3314 1498 3806 1567 foecunditatem
3822 1502 3941 1589 (a).

2382 1599 2624 1669 Quanto
2651 1595 2818 1658 enim
2849 1596 2963 1683 (qt
2991 1597 3204 1660 verbis
3231 1596 3528 1681 Cypriani
3573 1598 3755 1681 utar)
3805 1599 3948 1679 plus

2381 1690 2632 1774 copiosa
2662 1688 2987 1775 viqgiuitas
3013 1696 3275 1758 munero
3323 1715 3439 1758 suo
3495 1695 3670 1763 addit
3690 1741 3712 1772 ,
3763 1705 3947 1764 tanto

2379 1787 2522 1869 plus
2550 1788 2842 1872 gandium
2869 1788 3090 1857 matris
3105 1791 3417 1876 augescit.

2418 1985 2919 2051 Farnamcvs
2973 1948 3090 2046 ra.
3120 1982 3182 2047 s,
3216 1987 3536 2052 Pauca-am
3562 1991 3892 2071 remur

2839 2072 3181 2161 Caudinam
3207 2084 3459 2146 Lamos.

2506 2277 2660 2339 Cum
2694 2272 2961 2339 virtutes
2987 2277 3057 2338 Β.
3081 2273 3454 2341 catharinae
3473 2276 3538 2339 in
3561 2277 3945 2349 eminentio-

2375 2370 2431 2434 ri
2461 2370 2653 2454 gradu
2675 2414 2697 2443 ,
2727 2386 2799 2436 ac
2826 2372 3150 2454 praeclara
3178 2373 3480 2437 miracula
3514 2373 3632 2439 rite
3662 2395 3734 2440 ac
3767 2375 3939 2443 ordi·

2373 2486 2454 2532 ne
2482 2468 2741 2550 probata
2771 2467 2896 2531 sint
2915 2510 2936 2542 ,
2968 2467 3201 2557 nullam
3231 2469 3515 2552 profecto
3547 2490 3784 2539 moram
3838 2473 3936 2536 in-

2371 2564 2825 2646 terponendam
2859 2585 3001 2629 esse
3029 2566 3350 2640 arbitror,
3379 2573 3718 2650 quominus
3736 2569 3932 2655 Virgo

2373 2661 2623 2743 sapiens
2649 2671 2715 2726 et
2739 2662 2971 2741 naa-de
2997 2683 3263 2728 numero
3301 2664 3678 2746 prudentum
3741 2666 3941 2732 sacris

2370 2757 2693 2823 Altaribus
2724 2760 2979 2841 propius
3008 2760 3433 2827 admoveatur.
3464 2761 3738 2847 Virginis
3782 2770 3938 2827 San-

2373 2856 2652 2922 ctitatem
2680 2866 3051 2921 enarrarunt
3077 2864 3301 2941 gentes
3356 2866 3424 2924 et
3478 2856 3746 2924 lundein.
3790 2860 3940 2946 ejus
4052 2900 4055 2904 Δ
4092 2946 4098 2953 Ι

2372 2953 2769 3021 annunciavit
2797 2953 3105 3019 Ecclesia.
3134 2955 3366 3023 Paulus
3394 2963 3502 3025 111.
3531 2964 3709 3021 Pont.
3766 2964 3930 3023 Max.

2371 3053 2734 3117 catharinae
2771 3053 3035 3117 viventis
3087 3052 3288 3121 adbuc
3342 3053 3511 3120 fama
3566 3063 3934 3136 permotus,

2370 3162 2514 3232 post
2541 3149 2831 3215 sedulum
2857 3152 3002 3234 ejus
3055 3151 3227 3216 uta·
3285 3171 3600 3222 examen,
3659 3154 3938 3219 Roberto

2370 3267 2632 3330 nempe
2601 3249 2854 3314 Puccio
2881 3247 3245 3324 cardinali
3228 3267 3293 3310 ιιι
3323 3247 3385 3311 id
3418 3268 3570 3316 cura
3599 3250 3935 3328 demanda·

2368 3351 2454 3418 ta,
2482 3331 2982 3409 sanctimonialis
3012 3344 3344 3409 Foemiuae
3371 3345 3669 3430 virtutem
3703 3355 3802 3411 est
3825 3347 3938 3413 de·

2365 3440 2654 3506 miratus.
2682 3448 2742 3506 S.
2776 3448 2847 3505 R
2876 3447 2947 3504 E.
2977 3438 3342 3506 cardinales
3371 3439 3746 3556 emphasi-mi
3783 3449 3938 3510 Cer·-

2365 3537 2568 3605 viniws
2588 3582 2607 3611 ,
2635 3538 2909 3603 Medicas
2931 3579 2954 3612 ,
2984 3535 3488 3624 Aldobraadinus
3509 3583 3530 3614 ,
3560 3540 3671 3623 qui
3699 3558 3930 3608 omnes

2368 3634 2594 3699 deinde
2625 3634 2704 3698 ad
2733 3634 3146 3716 Apostolatus
3167 3635 3432 3718 ..spic-n
3489 3637 3694 3720 evecti
3748 3647 3933 3715 suat,

2366 3731 2476 3796 alii
2503 3731 2764 3816 insuper
2793 3731 3014 3796 Italiae
3039 3751 3112 3797 ac
3143 3727 3536 3804 Germaniae
3583 3739 3882 3799 proceres
3903 3779 3927 3808 ,

2364 3829 2531 3894 inter
2561 3828 3073 3911 msfleoeudu
3097 3872 3119 3903 ,
3152 3829 3446 3893 Bavaaiae
3468 3873 3490 3903 ,
3519 3849 3591 3895 ac
3625 3823 3940 3902 'namma

2364 3927 2722 4010 Principes,
2750 3925 2859 4011 qui
2887 3927 2961 3992 ad
2983 3945 3122 3992 eam
3151 3927 3547 3993 invisendam
3576 3925 3933 4016 Pratunigaa
3963 3955 3968 3958 ·

2367 4023 2717 4097 contulere,
2748 4026 2828 4087 de
2858 4025 3013 4087 mira
3045 4023 3409 4089 Cannas-inas
3439 4023 3775 4090 Sanctitate
3795 4045 3934 4109 gra-

2277 4179 2280 4184 .
2365 4121 2623 4186 vissima
2649 4120 3013 4186 testimonia
3039 4119 3591 4202 reliquens-,Illam
3624 4122 3933 4203 qfied’in-

2368 4226 2500 4283 star
2530 4217 2810 4282 omniun
2844 4217 2968 4290 sit,
3000 4221 3059 4279 S.
3091 4213 3414 4304 lihiljwufl
3445 4217 3760 4296 Nerium’n
3808 4218 3931 4301 pri-

2364 4316 2486 4379 mis
2513 4314 2712 4380 coluit
2733 4357 2753 4386 ,
2786 4320 2852 4378 et
2880 4313 3030 4379 licet
3055 4314 3288 4382 absens
3308 4314 3374 4376 in
3399 4313 3634 4395 spiritu
3652 4315 3929 4396 quandu-

2363 4432 2493 4495 que
2518 4422 2617 4477 est
2647 4410 2979 4477 allocutus.
3014 4409 3193 4496 illam
3224 4416 3282 4475 S.
3311 4403 3932 4496 uaria'magdalena

2365 4511 2443 4574 de
2469 4510 2680 4586 Pam
2708 4509 2788 4574 ad
2817 4516 3086 4591 Superos
3143 4507 3500 4573 evolantem
3553 4508 3915 4592 conspexit.

2364 4614 2483 4672 Tot
2511 4607 2702 4692 igitur
2731 4606 3118 4672 documentis
3171 4604 3541 4680 confirmata
3596 4606 3924 4672 sanctitate

2359 4704 2639 4790 Virginis
2657 4745 2679 4777 ‚
2710 4724 2876 4787 quae
2904 4704 2970 4768 in
3000 4702 3189 4769 terris
3213 4700 3559 4787 angelicam
3587 4720 3784 4784 prope
3834 4702 3930 4767 vie

2363 4806 2492 4866 tam
2515 4802 2700 4866 duxit
2719 4845 2741 4875 ,
2772 4811 2836 4866 et
2884 4800 3066 4885 cujus
3121 4800 3279 4865 odor
3334 4798 3699 4866 meritorum
3755 4799 3927 4866 sicut

2339 4899 2521 4964 odor
2546 4899 2680 4983 agri
2703 4896 2871 4981 pleni
2928 4885 3032 4961 cui
3088 4895 3413 4961 benedixit
3440 4895 3780 4969 Dominus,
3819 4915 3929 4960 ae·

2361 5015 2848 5080 quum-censeo,
2894 4999 3355 5078 BEATlssmss
3403 4996 3655 5057 PATER
3679 5001 3712 5066 ,'
3760 4992 3929 5057 baud

2358 5093 2673 5157 diutiusiu
2700 5092 2898 5159 sacris
2921 5091 2983 5162 ei
3013 5088 3422 5157 decernendis
3440 5088 3790 5155 bonoribus
3809 5088 3931 5154 im·

2363 5190 2751 5256 morandum.
