4442 6300
964 420 1072 543 sis
1995 489 2196 546 Aen
2240 490 2897 550 canomzarroms

1696 636 2310 715 SANCTISSIMI
2359 638 2717 714 DOMINI
2759 639 3130 717 NOSTRI

1309 774 2370 990 mmmm
2480 867 2991 1035 PAPAE
3101 871 3471 992 xlv.

2071 1116 2751 1209 HOMlLIA

972 1432 1005 1465 ⁸
1565 1345 1685 1403 Dm
1726 1345 1995 1404 Nauna
2039 1348 2141 1407 SS.
2186 1348 2666 1410 Arosvonoaun
2706 1351 2903 1410 Parin
2944 1360 3026 1405 m·
3071 1347 3255 1404 Pacu

792 1568 1350 1719 Communem
1400 1633 1622 1711 Caelo
1679 1652 2069 1741 terraeque
2129 1637 2476 1718 laetitiam
2515 1668 2605 1717 ex
2665 1638 2984 1746 glorioso
3044 1636 3429 1714 beatorum
3491 1633 4011 1740 Apostolorum

795 1755 1000 1829 Petri
1040 1770 1119 1827 et
1152 1751 1361 1828 Pauli
1400 1755 1778 1859 triumpho
1807 1812 1832 1845 ‚
1864 1780 2086 1867 quem
2123 1784 2265 1861 pro
2303 1759 2595 1834 Christo
2630 1760 3026 1833 morientes
3056 1780 3212 1830 uno
3246 1754 3366 1831 die
3425 1752 3835 1856 eodemque
3892 1751 4013 1828 lo-

796 1896 887 1945 co
923 1887 1409 1974 reportarunt
1436 1926 1458 1963 ‚
1493 1870 1587 1946 ad
1625 1873 1773 1947 Nos
1806 1876 2116 1969 maxime
2141 1932 2167 1967 ,
2200 1891 2281 1949 et
2313 1874 2407 1950 ad
2443 1877 2634 1951 hanc
2664 1874 2942 1951 Urbem
2968 1928 2990 1965 ,
3033 1870 3501 1947 Venerabiles
3565 1872 3859 1945 Fratres
3926 1894 4012 1945 ac

798 1986 1062 2062 Dilecti
1096 1987 1307 2078 Filii,
1344 1991 1722 2095 pertinere
1751 2044 1772 2079 ,
1806 2006 2097 2065 certum
2135 2009 2262 2067 est.
2330 1994 2787 2097 Quamquam
2847 1992 3039 2065 enim
3110 1987 3204 2063 ad
3263 1992 3672 2066 universam
3728 2002 4012 2093 spectet

793 2101 1187 2180 Ecclesiam
1223 2102 1315 2180 de
1350 2109 1634 2209 gemina
1670 2107 2027 2210 Principis
2059 2108 2581 2212 Apostolorum
2612 2166 2634 2203 ,
2672 2128 2751 2184 et
2795 2108 3130 2184 Doctoris
3161 2108 3490 2211 gentium
3530 2133 3803 2182 corona
3845 2105 4000 2181 lae-

798 2226 939 2296 tari
971 2277 991 2313 ‚
1027 2221 1233 2325 quod
1269 2226 1537 2297 sancita
1572 2248 1831 2298 eorum
1867 2227 2213 2328 sanguine
2249 2224 2464 2302 Fides
2499 2230 2572 2301 in
2615 2251 2867 2303 omnes
2898 2240 3150 2329 gentes
3181 2250 3331 2299 sese
3371 2222 3688 2300 feliciter
3731 2251 4010 2329 propa-

793 2343 1079 2441 gaverit
1105 2393 1125 2427 ‚
1162 2341 1391 2413 Roma
1430 2354 1674 2413 tamen
1711 2336 1935 2413 debet
1973 2367 2149 2443 prae
2189 2346 2452 2419 ceteris
2485 2344 2733 2451 efferri
2768 2342 3037 2447 gaudio
3061 2396 3086 2433 ‚
3120 2357 3196 2416 et
3221 2340 3664 2419 ‚cumulatius
3723 2339 4012 2417 exulta-

798 2481 881 2529 re
912 2511 934 2543 ,
980 2451 1187 2557 quod
1226 2481 1417 2556 quae
1459 2470 1672 2528 antea
1711 2454 1957 2528 fuerat
1995 2481 2333 2531 errorum
2376 2463 2707 2563 magistra
2737 2513 2759 2550 ‚
2795 2456 3319 2563 Apostolorum
3364 2457 3791 2532 eorumdem
3826 2480 4012 2562 ope-

796 2599 878 2644 ra
916 2570 1109 2645 facta
1147 2573 1237 2645 sit
1272 2569 1620 2675 discipula
1659 2573 1980 2649 veritatis
2009 2627 2030 2662 ,
2066 2573 2330 2651 Civitas
2365 2574 2846 2650 Sacerdotalis
2879 2592 2953 2648 et
2989 2574 3209 2678 Regia
3237 2628 3259 2665 ‚
3293 2576 3444 2648 Arx
3479 2573 3901 2678 Religioni8‚
3933 2590 4012 2651 et

798 2690 1040 2792 Caput
1077 2689 1297 2763 Orbis
1322 2744 1342 2778 ‚
1378 2687 1588 2791 cujus
1621 2691 2006 2792 imperium
2046 2689 2331 2767 divinae
2370 2691 2573 2766 Fidei
2610 2689 2837 2797 gloria
2871 2688 3085 2765 latius
3112 2745 3134 2782 ‚
3173 2718 3392 2794 quarn
3459 2684 3632 2767 olim
3705 2709 4008 2767 terreno

802 2810 1220 2910 principatu
1257 2805 1638 2880 dilatatum
1666 2861 1688 2897 ‚
1726 2823 1982 2909 portae
2019 2805 2251 2882 Inferi
2288 2825 2630 2884 metuunt
2657 2864 2679 2901 ‚
2715 2834 2799 2883 ac
2832 2810 3429 2883 contremiscunt.

949 2925 1013 2997 A
1054 2926 1531 2998 vetustissimis
1565 2949 1796 3025 usque
1836 2925 2289 3028 temporibus
2322 2927 2654 3023 Romano
2688 2923 3025 3010 Pontifici
3053 2921 3371 3005 solemne
3405 2921 3549 2996 fuit
3579 2947 3862 2997 summa.
3883 2948 4009 2997 re·-

793 3037 1058 3144 ligione
1096 3065 1178 3114 ac
1213 3038 1555 3144 singulari
1592 3039 2021 3116 celebritate
2060 3040 2254 3117 diem
2292 3042 2492 3145 hunc
2528 3067 2744 3145 agere
2769 3095 2791 3132 ‚
2826 3042 2903 3115 in
2937 3066 3092 3143 quo
3126 3037 3396 3143 duplex
3434 3038 3735 3113 Sacrum
3766 3037 4008 3130 ,alte-

798 3186 963 3231 rum
1000 3161 1074 3231 in
1114 3159 1249 3232 hac
1288 3160 1629 3234 Vaticana
1664 3157 1959 3234 Basilica
1993 3215 2014 3250 ,
2046 3158 2360 3234 'alterum
2395 3162 2508 3237 via
2544 3161 2852 3233 Ostiensi
2890 3160 2964 3231 in
3013 3155 3301 3232 Basilica
3325 3160 3565 3268 ⁴sancti
3628 3156 3831 3231 Pauli
3894 3155 4010 3232 fa-

794 3301 965 3350 cere
1003 3279 1380 3353 consuevit
1413 3331 1433 3367 ‚
1467 3294 1555 3350 ut
1593 3280 1754 3380 pius
1787 3275 2005 3351 seculi
2031 3281 2276 3381 quarti
2304 3293 2498 3357 vates
2529 3277 2974 3356 Prudentius
3011 3291 3341 3350 testatur.
3370 3274 3455 3349 Id
3491 3301 3790 3378 quoque
3822 3292 4008 3349 tem—

794 3396 995 3496 poris
1032 3390 1444 3496 complures
1486 3418 1582 3467 ex
1616 3397 1829 3470 variis
1865 3394 2198 3498 partibus
2230 3396 2573 3499 Episcopi
2615 3393 2706 3468 ad
2746 3394 3017 3468 Urbem
3056 3385 3628 3495 commigrabant
3654 3447 3677 3483 ‚
3745 3390 4007 3467 festum

796 3510 997 3584 hunc
1036 3505 1493 3583 laetissimum
1529 3506 1721 3583 diem
1756 3535 1905 3584 una
1941 3536 2111 3584 cum
2147 3512 2476 3587 Romano
2515 3510 2873 3586 Pontifice
2914 3508 3365 3585 celebraturi
3393 3565 3418 3600 ,
3457 3510 3566 3583 uti
3612 3535 3720 3586 ex.
3761 3506 4010 3586 Pauli-

796 3653 898 3701 no
923 3677 948 3717 ,
982 3629 1518 3729 qui-sequentis
1552 3628 1804 3700 aetatis
1838 3629 2152 3729 scriptor
2186 3630 2480 3719 extitit,
2515 3624 2934 3730 colligimus.

910 3745 1095 3817 ‘Nos
1129 3769 1482 3846 quoque,
1516 3768 1703 3845 quos
1738 3769 1889 3816 non
1926 3769 2077 3817 una
2110 3767 2323 3817 causa
2356 3743 2447 3818 ad
2475 3744 2832 3846 Principis
2865 3739 3388 3846 Apostolorum
3419 3742 3832 3816 memoriam
3871 3740 4013 3814 ho-

805 3886 990 3933 nore
1028 3856 1534 3932 cumulandam
1574 3857 1921 3970 adducit,
1955 3859 2163 3962 quod
2198 3887 2463 3965 nempe
2501 3863 2576 3934 in
2614 3856 2768 3961 ejus
2803 3857 3042 3933 locum
3079 3875 3157 3930 et
3191 3855 3551 3960 dignitatis
3585 3847 4012 3967 amplitudi-

808 4000 1027 4065 nem,
1064 3971 1240 4047 licet
1277 3975 1783 4065 immerentes,
1816 3979 2328 4070 successimus,
2363 3977 2492 4052 sed
2528 3973 2706 4054 aliae
2744 3999 3044 4077 quoque
3083 3975 3403 4048 rationes
3444 3990 3717 4076 urgent
3772 3973 3864 4048 ad
3920 3972 4015 4048 il-

804 4091 946 4165 lius
981 4108 1060 4165 et
1095 4089 1424 4196 Apostoli
1465 4091 1669 4168 Pauli
1706 4090 1989 4169 cultum
2027 4094 2631 4204 promovendum
2646 4147 2668 4184 ‚
2703 4117 2892 4194 quos
2925 4117 3076 4164 una
3083 4087 3316 4184 simul
3351 4088 3597 4164 colere
3642 4115 3726 4164 ac
3784 4116 4014 4168 vene-

803 4212 948 4282 rari
986 4211 1366 4287 consuevit
1400 4207 1719 4284 Ecclesia
1746 4264 1768 4301 ‚
1803 4210 2010 4313 quod
2045 4214 2390 4286 nimirum
2426 4214 2621 4284 inter
2655 4232 2908 4310 sacrae=
2937 4204 3157 4308 hujus
3213 4204 3551 4281 Basilicae
3609 4206 4026 4282 canonicos¹

804 4323 1059 4418 decem
1097 4337 1178 4399 et
1212 4343 1534 4428 quatuor
1571 4309 1800 4402 annos
1833 4327 2104 4408 fuimus
2135 4383 2157 4420 ,
2188 4326 2544 4431 quodque
2580 4322 2902 4426 ejusdem
2940 4323 3139 4396 Petri
3178 4321 3443 4396 honori
3504 4321 4014 4427 Metropolita—

805 4445 895 4515 na
932 4445 1414 4517 Bononiensis
1446 4442 1768 4519 Ecclesia
1803 4442 2132 4519 dedicata
2168 4446 2258 4519 sit
2286 4499 2308 4536 ‚
2344 4470 2562 4546 quam
2602 4439 2960 4534 decennio
2995 4439 3560 4542 gubernavimus
3587 4494 3609 4530 ,
3653 4456 3733 4513 et
3791 4467 4012 4545 quam

802 4559 1046 4636 adhuc
1083 4558 1544 4658 detinemus3
1588 4561 2238 4638 Praedecessorum
2271 4576 2688 4636 nostrorum
2730 4558 3036 4659 vestigiis
3072 4557 3285 4629 etiam
3323 4559 3400 4628 in
3435 4554 3572 4628 hac
3614 4573 3823 4657 parte
3870 4581 4012 4659 pro

804 4679 1081 4757 viribus
1118 4681 1442 4752 insistere
1479 4683 1909 4814 cupientes,
1944 4707 2097 4756 non
2128 4677 2362 4753 solum
2398 4677 2793 4780 quotannis
2824 4677 2900 4747 in
2937 4669 3315 4775 pervigilio
3375 4669 3591 4772 hujus
3647 4674 3839 4747 Festi
3892 4698 4012 4747 so-

803 4795 1167 4871 lemnibus
1201 4797 1595 4899 Vesperis
1576 4823 1652 4869 m
1686 4797 1824 4872 hac
1855 4795 2149 4872 Basilica
2185 4799 2583 4883 interesse,
2616 4808 2693 4866 et
2731 4813 2936 4864 mane
2964 4782 3367 4861 Pontificali
3398 4789 3552 4859 ritu
3586 4789 3861 4862 Missam
3888 4789 4014 4863 cess

802 4895 1097 4988 lebrare
1134 4915 1684 5001 consuevimm,
1719 4914 1845 4988 sed
1885 4917 2097 4988 etiam
2137 4915 2211 4987 in
2247 4928 2692 5046 perpetuum
2727 4904 3031 4983 valitura
3095 4904 3466 4978 sanctione
3529 4901 4014 4996 decrevimuS,

807 5050 891 5104 ut
937 5049 1075 5136 per
1114 5047 1349 5104 totam
1364 5021 1730 5124 :Octavam
1765 5029 2065 5131 singulis
2092 5028 2404 5104 diebus
2383 5055 2461 5101 ln
2494 5026 2788 5101 diversis
2822 5047 3062 5097 sacrae
3125 5017 3341 5121 hujus
3412 5020 3631 5094 Urbis
3688 5010 4016 5106 Ecclesiis

810 5144 1050 5248 aliqua
1088 5145 1518 5219 eorumdem
1557 5142 2077 5247 Apostolorum
2113 5147 2460 5219 memoria
2498 5143 2844 5245 insignitis
2876 5135 3196 5212 solemne
3235 5136 3536 5209 Sacrum
3573 5154 3972 5239 peragatur
3993 5192 4016 5230 ,

812 5275 1204 5366 praesente
1242 5259 1490 5363 aliq-uo
1525 5257 2030 5335 Praelatorum
2064 5257 2526 5362 ‹Apostolicae
2565 5257 2769 5333 Sedis
2804 5253 3060 5346 officiis
3118 5251 3574 5344 addictorum
3644 5251 4012 5355 eollegio3

744 5431 749 5434 Α
812 5394 1050 5481 utque
1093 5376 1604 5481 pomeridiano
1643 5394 1977 5481 tempore
2013 5373 2124 5452 alii
2165 5380 2458 5480 piorum
2495 5374 2876 5451 hominum
2914 5373 3226 5462 Coetus,
3262 5372 3460 5444 statis
3497 5371 3806 5473 quisque
3860 5369 4021 5445 die-
