4442 6300
907 428 1015 479 too

1902 425 2110 481 Aen
2153 425 2809 497 ennomus-mats

714 576 843 634 tem
862 577 925 635 et
948 570 1228 633 omnium
1260 568 1493 653 linguis
1523 569 1840 638 celebrari
1866 568 2282 637 fortissimum
2392 571 2655 656 gelatus.
2686 571 2780 636 Ab
2811 572 3066 637 ineunte
3095 568 3199 657 hic
3227 577 3437 640 aetate
3463 566 3831 654 intelligens
3877 587 3948 634 se

715 666 973 730 Esdram
1004 665 1359 750 accepimus
1379 710 1400 741 ,
1434 667 1542 750 qui
1567 668 1821 735 excelsa
1850 677 2042 752 atque
2083 669 2285 734 incre·

714 763 893 827 dibili
939 762 1171 828 virtute
1214 772 1569 847 corruptam
1611 765 1820 851 legem
1867 766 2186 841 correxit,
2217 776 2284 833 et

718 879 954 924 summa
980 860 1168 925 animi
1191 861 1611 944 magnitudine
1636 864 1916 929 dirutum
1947 863 2282 947 Templum

717 958 1114 1023 instauravit.
1145 962 1569 1032 Quamobrem
1603 983 1740 1026 cum
1772 970 1996 1031 Petrus
2025 961 2287 1046 Regala·

713 1060 816 1120 tus
845 1056 1038 1119 sancti
1072 1056 1380 1121 Francisci
1411 1058 1756 1133 Familiam,
1788 1058 1887 1124 cui
1920 1060 2000 1123 ab
2030 1058 2284 1127 ineunte

714 1161 922 1219 aetate
944 1173 1173 1217 nomen
1195 1152 1460 1219 dederat
1478 1155 1541 1218 in
1562 1155 2001 1239 Hispaniarum
2033 1156 2283 1244 Regnis,

2396 669 2460 732 in
2493 676 2729 734 sortem
2762 668 3011 735 Domini
3041 677 3323 735 vocatum
3345 711 3369 744 ,
3422 676 3495 732 ut
3521 686 3591 733 se
3630 686 3667 730 a
3720 664 3960 748 cupidi·

2394 766 2636 831 tatibus
2665 766 2857 832 seculi
2918 765 3394 833 immaculatum
3454 763 3847 839 custodiret,
3890 763 3956 826 in

2399 863 2731 929 sanctitate
2759 874 2826 928 et
2848 858 3201 948 justitia‘ad
3229 861 3533 953 hpmilem
3580 860 3799 928 Crucis
3860 879 3959 924 se·

2395 958 2646 1042 quelam
2695 954 2968 1025 animum
3030 957 3340 1039 contulit,
3397 967 3465 1024 et
3520 956 3963 1023 Franciscanae

2395 1056 2691 1123 Familiae
2720 1058 2969 1123 nomine
2998 1055 3191 1130 dato,
3240 1056 3651 1139 asperrimam
3706 1052 3958 1121 vivendi

2396 1157 2706 1220 rationem
2741 1156 2862 1220 sibi
2892 1155 3278 1221 constituens
3298 1198 3320 1229 ,
3351 1162 3524 1219 tanta
3555 1151 3764 1218 cordis
3810 1170 3959 1219 con·

712 1252 1039 1316 hominum
1086 1262 1153 1316 et
1197 1263 1550 1337 temporum
1593 1253 1747 1320 vitio
1788 1253 2175 1339 collapsam,
2205 1254 2283 1320 ad
2392 1255 2676 1319 tentione
2733 1255 3147 1338 Evangelicae
3203 1250 3615 1337 perfectionis
3687 1248 3963 1314 stadium

711 1359 995 1415 veterem
1041 1349 1421 1416 institutoris
1453 1372 1734 1417 normam
1760 1395 1782 1428 ,
1815 1353 2187 1419 auctoritate
2220 1360 2287 1418 et

718 1446 1017 1530 exemplo
1058 1468 1359 1513 revocare
1404 1449 1755 1524 studuerit,
1801 1469 2031 1516 censeo
2055 1495 2076 1524 ‚
2107 1454 2289 1516 BEA-

718 1552 1020 1611 ‘rtssmss
1042 1551 1297 1611 PATER
1320 1590 1341 1621 ,
1385 1547 1546 1613 adeo
1590 1548 1890 1613 invictum
1925 1547 2291 1614 claustralis

725 1643 1095 1727 disciplinae
1116 1645 1587 1719 Restitutorem,
1604 1644 1797 1712 veluti
1823 1647 2114 1712 Familiae
2136 1667 2290 1713 suae

721 1741 997 1806 alterum
1042 1742 1307 1806 Esdram
1334 1787 1355 1815 ,
1385 1742 1451 1805 in
1481 1742 1792 1810 Caelitum
1839 1764 2104 1809 numero
2147 1752 2294 1826 post

720 1837 875 1902 haec
902 1838 1173 1922 ingentia
1204 1838 1365 1905 t'acta
1393 1860 1578 1923 posse
1608 1842 1872 1924 reponi,
1915 1847 1984 1906 ut
2028 1841 2133 1924 qui
2178 1860 2292 1924 pro

694 1926 1121 2001 ‘instauranda
1164 1942 1450 2004 Fratrum
1483 1938 1688 2003 salute
1716 1939 1779 2000 in
1810 1946 1904 2004 tot
1939 1937 2292 2013 laboribus,

726 2033 961 2118 vigiliis
992 2041 1055 2099 et
1082 2033 1382 2120 lacrymis
1412 2036 1785 2110 seminavit,
1830 2046 2088 2120 portans
2129 2055 2293 2101 nunc

729 2140 876 2194 ante
910 2131 1206 2196 thronum
1235 2132 1347 2198 Dei
1385 2134 1740 2217 manipulos
1770 2156 1917 2201 suus
1946 2133 2008 2196 in
2042 2133 2251 2200 Caelis
2273 2177 2296 2209 ‚

732 2237 929 2294 metat
961 2230 1202 2313 palmas
1222 2276 1242 2304 ‚
1275 2240 1338 2295 et
1368 2240 1509 2316 agat
1537 2255 1651 2319 per
1678 2241 1807 2311 Te,
1835 2237 2297 2300 BEATtsst

728 2333 1009 2402 PATER,
1031 2330 1094 2392 in
1113 2329 1306 2395 terris
1333 2331 1411 2396 de
1442 2339 1533 2396 tot
1562 2331 1851 2397 hostibus
1875 2331 2136 2397 devictis
2152 2351 2297 2399 cum

734 2426 1128 2492 exultatione
1159 2426 1543 2511 triumphum
1567 2474 1583 2492 .

736 2622 1076 2686 snmus
1112 2624 1228 2686 Tic.
1256 2623 1318 2686 S.
1354 2624 1596 2686 Priscae
1632 2625 1973 2702 Presbyter
2013 2626 2303 2686 Cardine·

1330 2723 1410 2783 lis
1442 2721 1708 2783 Valenti.

871 2910 1189 2997 Religiosa
1242 2911 1584 2978 Hominum
1642 2911 1971 2986 Instituta,
2031 2933 2301 2996 quorum

741 3009 1027 3089 speciosa
1055 3010 1361 3077 varietate
1393 3019 1665 3076 Romana
1702 3009 2049 3096 praefulget
2092 3010 2307 3077 Eccle-

742 3104 836 3170 sia
860 3153 881 3181 ,
910 3128 989 3172 eo
1020 3108 1389 3191 praesertim
1425 3107 1879 3193 approbatione
1924 3117 1988 3172 et
2044 3107 2310 3173 adrnira-

741 3203 916 3267 tione
949 3225 1063 3267 nos
1093 3215 1457 3287 provocant,
1489 3205 1631 3288 quia
1662 3226 1698 3270 a
1731 3206 2092 3289 purioribus
2116 3213 2311 3271 Evan-

744 3299 930 3386 gelici
961 3303 1383 3384 praeceptoris
1413 3302 1700 3367 consiliis
1729 3303 1988 3385 primam
2023 3305 2211 3386 at'c'lue
2241 3324 2312 3366 u·

742 3398 946 3462 nicam
983 3420 1230 3464 morum
1263 3398 1545 3486 regulam
1578 3399 1701 3464 sibi
1730 3400 2135 3477 adsciscunt,
2180 3422 2309 3483 qua

748 3496 954 3561 studia
987 3505 1049 3562 et
1077 3497 1288 3563 officia
1319 3497 1479 3563 adeo
1511 3517 1696 3581 supra
1728 3504 1988 3561 naturae
2017 3496 2187 3562 vires
2239 3495 2308 3563 se

748 3594 1108 3669 extollunt,
1138 3603 1208 3658 ut
1235 3613 1504 3676 praecox
1532 3592 1839 3675 quaedam
1903 3594 2067 3657 inter
2119 3600 2311 3659 terra·

745 3710 888 3754 rum
920 3691 1181 3764 orbem,
1209 3700 1275 3756 et
1306 3689 1563 3756 Caelum
1593 3689 1865 3756 societas
1893 3689 2037 3753 iniri
2070 3700 2138 3755 et
2166 3713 2310 3759 coa·

748 3784 996 3854 lescere
1022 3788 1325 3852 videatur.
1720 3805 1733 3816 ·

2396 1352 2710 1426 cucurrit,
2738 1361 2811 1421 ut
2840 1352 3276 1418 sanctissimos
3326 1370 3578 1423 mores,
3636 1344 3962 1412 mirabiles

2398 1449 2660 1514 virtutes
2690 1468 2909 1514 omnes
2939 1447 3287 1514 beatissimi
3330 1444 3719 1513 patriarchae
3780 1448 3965 1513 Fran·

2399 1546 2547 1612 cisci
2578 1548 2641 1611 in
2670 1567 2742 1611 se
2772 1547 2909 1631 ipso
2938 1545 3196 1611 mirifice
3222 1541 3653 1627 expresserit,
3681 1552 3754 1610 et.
3778 1542 3964 1610 abso-

2397 1642 2783 1708 lutissimum
2816 1642 3082 1709 evaserit
3112 1642 3453 1726 exemplar.
3488 1647 3846 1725 congruum
3869 1643 3972 1717 est

2402 1739 2657 1821 itaque,
2686 1748 2755 1802 ut
2785 1739 2892 1821 qui
2927 1746 3296 1805 Sanctorum
3329 1738 3549 1804 merita
3597 1756 3714 1822 per
3767 1736 3960 1799 virtu·

2391 1845 2501 1923 ntes
2527 1848 2585 1902 et
2619 1838 2899 1922 prodigia
2924 1881 2945 1911 ‚
2977 1837 3119 1922 ejus
3175 1837 3437 1902 nomine
3489 1843 3773 1921 patrata,
3817 1844 3962 1901 ,tam

2402 1934 2807 2000 laudabiliter
2831 1935 3243 2019 adaequavit,
3281 1935 3502 2001 debita
3557 1957 3592 1999 a
3656 1932 3956 1998 militanti

2404 2032 2688 2098 Ecclesia
2718 2034 2960 2099 Sanctis
2991 2032 3306 2118 praemia,
3341 2040 3604 2097 Vestrae
3663 2030 3837 2098 vocis
3890 2036 3970 2096 Ο·

2402 2129 2619 2195 raculo
2645 2138 3083 2214 consequatur.

2459 2256 2466 2263 ·
2485 2242 2520 2277 a·

2409 2289 2827 2373 (tamnus
2860 2290 2973 2347 Tit.
3007 2289 3114 2348 33.
3150 2287 3411 2350 loannis
3443 2296 3499 2349 ct
3548 2287 3733 2348 Pauli
3779 2285 3972 2347 Proh.

2706 2390 2882 2463 eyter
2915 2387 3259 2448 cardinalis
3316 2385 3667 2445 Paulatim.

2540 2533 2998 2593 BEATlsSlME
3026 2533 3300 2591 PATER.
3328 2524 3675 2590 perfectam
3733 2545 3806 2590 ac
3862 2542 3975 2586 un-

2413 2625 2605 2709 dique
2635 2626 2968 2691 sanctitate
2996 2622 3415 2704 refulgentem
3448 2623 3615 2688 vitae
3657 2621 3974 2689 rationem

2418 2744 2453 2789 a
2487 2725 2672 2787 beato
2704 2729 2889 2788 Petro
2916 2720 3216 2805 Regalato
3247 2727 3594 2803 peractam
3589 2718 3738 2791 mihi
3759 2718 3975 2785 animo

2415 2828 2752 2902 ntenteque
2786 2818 3129 2890 recolenti,
3158 2825 3253 2881 tot
3282 2825 3579 2899 tantaque
3610 2817 3752 2900 ejus
3769 2816 3978 2881 heroi·

2415 2939 2529 2984 cae
2556 2917 2809 2984 virtutis
2839 2936 2978 2982 sese
3008 2915 3282 2980 offerunt
3308 2922 3664 2998 argumenta
3685 2954 3711 2987 ,
3760 2921 3831 2977 ut
3880 2910 3974 2995 ip-
4033 2951 4038 2956 -

2416 3036 2551 3083 sum
2571 3014 2783 3098 procul
2803 3016 2883 3078 ab
2915 3013 3082 3079 omni
3104 3012 3297 3078 dubio
3324 3017 3687 3079 Sanctorum
3710 3009 3973 3093 dignum

2416 3112 2769 3179 honoribus
2784 3110 3132 3196 iustissime
3153 3108 3542 3174 existimem:
3565 3115 3800 3190 Verum
3828 3107 3981 3189 quia

2420 3231 2545 3278 non
2572 3217 2749 3276 vacat
2776 3230 2850 3273 ea
2883 3229 3041 3273 nunc
3071 3207 3436 3291 singillatim
3488 3203 3730 3270 referre
3750 3249 3771 3281 ,
3831 3204 3980 3269 ideo

2424 3309 2675 3373 omissis
2692 3306 2788 3371 vel
2810 3305 3079 3369 maxima
3095 3303 3206 3368 illa
3227 3302 3631 3375 austeritate,
3652 3321 3777 3385 qua
3799 3319 4009 3388 suurnN

2420 3427 2652 3489 corpus
2709 3403 3005 3470 continue
3064 3400 3505 3473 excruciabat,
3557 3396 3666 3464 vel.
3723 3398 3986 3464 assidua.

2420 3502 2786 3571 caelestium
2817 3498 3348 3584 contemplatique
3367 3540 3388 3571 ‚
3419 3517 3547 3578 qua
3572 3495 3857 3586 spiritum
3889 3515 3986 3561 re-

2419 3600 2674 3688 ficiebat
2693 3643 2714 3674 ,
2743 3599 2842 3663 vel
2874 3595 3134 3686 sublimi
3168 3594 3280 3659 illa
3310 3594 3702 3667 humilitate,
3732 3589 3864 3676 qua*
3885 3593 3987 3664 sui

2423 3706 2854 3781 contemptum
2881 3697 2945 3760 in
2977 3692 3221 3758 deliciis
3269 3710 3519 3772 semper
3574 3690 3832 3763 habuit,
3889 3695 3989 3760 sat

2424 3804 2522 3863 est
2551 3796 2826 3859 animum
2858 3799 3225 3859 convertere
3252 3788 3331 3853 ad
3359 3790 3710 3853 restitutam
3719 3789 3987 3852 Franci·
3989 3844 3999 3858 ,

877 3886 1175 3968 vestigiis
1201 3883 1688 3949 clarissimorum
1717 3882 1999 3949 Virorum
2031 3884 2113 3950 de
2140 3892 2312 3953 tanta
2428 3912 2651 3962 gennae
2685 3890 2984 3958 Familiae
3017 3909 3131 3954 suo
3183 3887 3496 3962 consilio,
3551 3906 3748 3970 opera
3799 3894 3991 3985 atque

750 3982 973 4067 agendi
1033 3982 1422 4046 sublimitate
1502 3980 1909 4095 emeritorum
1977 3983 2313 4051 inhaerens
2427 3992 2722 4075 exemplo
2749 3988 2984 4055 veteris
3011 3986 3279 4068 instimti
3339 3985 3844 4059 observantiam,
3901 4006 3987 4051 ex

752 4083 979 4147 beatus
1008 4088 1224 4145 Petrus
1254 4076 1630 4163 Βθςὸῑθῑῦὓ
1659 4099 1781 4144 ¹²⁰⁰
1828 4100 1960 4145 ⁸¹⁰0
2021 4083 2312 4149 maximis
2428 4112 2557 4174 quo
2588 4109 2752 4162 sane
2773 4086 2899 4152 ab
2881 4107 3019 4169 ipso
3046 4083 3325 4150 feliciter
3352 4083 3646 4148 absoluto
3702 4103 3896 4166 opere
3924 4104 3993 4149 e·

756 4177 1268 4242 contentionibus
1299 4185 1363 4240 et
1391 4175 1721 4239 laboribus
1781 4175 2211 4242 labefactum
2188 4200 2318 4264 jam
2423 4191 2530 4275 jug
2559 4188 2812 4253 enixum
2854 4185 2917 4247 in
2972 4181 3255 4266 religiosi
3307 4180 3652 4250 virtutibus
3707 4179 3989 4248 colendis

752 4276 873 4340 hoc
900 4274 1174 4357 portenti
1200 4293 1400 4358 genus
1444 4273 1510 4335 in
1566 4273 1864 4355 Hispania
1922 4276 2317 4342 instauravit.

755 4373 1015 4458 Dignus
1022 4389 1218 4448 sane,
1276 4376 1739 4436 BEAnsstuE
1794 4376 2091 4447 PATER,
2149 4375 2321 4457 quod

755 4468 1056 4554 singulari
1088 4468 1335 4534 colatur
1357 4468 1758 4534 veneratione
1809 4469 1972 4533 inter
2028 4451 2321 4538 militaris

755 4567 1083 4633 Ecclesiae
1112 4565 1399 4651 pugiles,
1431 4565 1536 4647 qui
1577 4564 1937 4648 triumphali
1988 4566 2054 4630 in
2112 4571 2322 4636 Patria

758 4666 1025 4731 donatus
1053 4671 1154 4730 est
1179 4681 1432 4728 corona.

760 4865 862 4924 Fr.
892 4861 1296 4925 soacffln
1310 4861 1401 4922 US
1437 4861 1553 4921 Tit.
1582 4859 1689 4921 SS.
1724 4859 2005 4931 Ωιιαωον
2057 4861 2323 4926 Corone·

830 4971 1029 5024 torum
1061 4963 1390 5035 Presbyter
1417 4959 1765 5020 cardinalia
1794 4960 2241 5054 Portocanjcro.
2327 5045 2328 5048 Ἴ

890 5160 981 5217 Ex
1013 5149 1504 5217 foecundissimo
1549 5147 1924 5236 Seraphicae
1978 5154 2328 5240 Religionis

765 5269 919 5334 agro
949 5251 1159 5333 prodit
1189 5267 1267 5311 en
1322 5248 1592 5313 alterum
1616 5290 1637 5321 ,
1685 5252 2147 5318 BEATtssmss
2201 5261 2327 5321 PA-

763 5341 955 5416 TER,
989 5345 1340 5411 sanctitatis
1366 5365 1625 5430 germen
1656 5346 1876 5411 heatus
1933 5355 2157 5415 Petrus
2214 5361 2325 5417 Re-

2432 4284 2736 4358 studium,
2766 4283 3035 4366 ejusque
3060 4281 3223 4346 vitae
3254 4279 3548 4346 sanctitas
3575 4279 3741 4345 haud
3770 4280 3996 4348 obscu-

2431 4406 2499 4451 re
2559 4380 2964 4465 depromitur.
3022 4383 3304 4460 Cumque
3360 4379 3619 4465 insuper
3668 4375 3990 4441 Altissimo

2430 4481 2737 4567 placuerit
2765 4482 3111 4548 anteactam
3143 4475 3431 4559 ejusdem
3461 4476 3651 4539 vitam
3698 4471 4002 4558 prodigiis

2430 4578 2839 4660 comprobare
2864 4619 2884 4650 ,
2915 4574 3131 4638 lubeat
3162 4592 3398 4655 quaeso
3448 4572 3636 4637 etiam
3699 4573 3997 4635 SANCTI-

2432 4684 2660 4744 TATIS
2688 4679 3010 4741 VESTRAE
3040 4671 3186 4746 huic
3211 4676 3405 4736 Beato
3453 4675 3820 4735 Sanctorum
3874 4672 3997 4734 He·

2429 4796 2611 4843 roum
2644 4772 2929 4839 cultum
2914 4791 2978 4833 tn
3007 4770 3193 4834 terris
3221 4769 3589 4833 decernere.

2443 4920 2815 4986 canotus
2844 4914 3269 4978 ALBERTUS
3331 4914 3447 4971 Tit.
3507 4912 3568 4996 3.
3603 4914 3869 4974 Marias
3926 4917 3999 4977 dc

2527 5021 2686 5081 Paeo
2721 5019 3048 5090 Presbyter
3076 5012 3422 5074 cardinalis
3464 5007 3857 5071 Guidcbonua
3887 5012 4005 5076 Ga·

2518 5117 2809 5178 calchint.

2573 5255 2848 5320 Odorem
2883 5247 3205 5316 suavitatis
3234 5185 3586 5319 dederunt,
3636 5249 4006 5311 BEATlSSI·

2440 5359 2557 5420 ME
2593 5357 2886 5424 PATER,
2917 5345 3137 5412 felices
3165 5344 3312 5408 illae
3345 5343 3570 5428 dapum
3605 5340 3955 5425 reliquiae
3934 5363 4000 5408 in
