4442 6300
1836 520 2118 577 'tortus
2157 521 2437 576 opttus
3470 520 3581 576 ⁴⁰⁹

488 665 793 721 .1ntimatio
825 682 932 737 pro
969 665 1136 723 tertio
1160 666 1527 737 semipnblico
1553 667 1903 722 Consistorio
2186 668 2379 725 Brevis
2418 668 2615 724 Oratio
2658 688 2689 722 a
2728 667 2959 722 Summo
3005 667 3273 723 Pontiflee
3317 667 3374 720 in
3417 668 3581 738 hujus

617 752 872 809 habendo
910 774 1015 826 pro
1050 758 1480 810 canonizatione
1515 758 1582 810 B.
1609 757 1759 810 Petri
1796 759 1904 811 lte-
2299 758 2478 829 quinti
2507 758 2841 812 consistorii
2889 757 2997 812 fine
3041 757 3253 824 habita,
3279 776 3385 827 qua
3429 756 3578 809 diem

621 845 777 913 galati
806 881 1830 899 ...................
1872 865 1901 893 ιι
1981 843 2088 897 186
2300 847 2748 899 Canonizationis
2768 847 3168 917 praedictorum
3190 847 3434 915 quinque
3448 846 3583 897 Bea-

510 931 695 1002 Major
719 933 826 986 fuit
847 933 1171 986 Antistitum
1199 931 1258 985 in
1295 932 1402 985 hoc
1431 931 1779 987 consistorio
1804 948 1906 985 nn·
2301 942 2483 986 torum
2514 933 2863 986 celebrandae
2892 932 3210 1001 designavitz
3242 935 3296 984 ls
3326 950 3452 984 vero
3480 932 3585 984 fuit

626 1038 807 1075 merus
813 1058 1828 1076 ...................
1870 1041 1899 1069 ιι
1952 1019 2089 1073 ibid.
2302 1020 2418 1073 dies
2455 1020 2547 1073 29.
2573 1022 2734 1073 Junii
2784 1022 2879 1073 SS.
2906 1021 3305 1089 Apostolorum
3335 1019 3486 1073 Petri
3529 1027 3583 1072 et

511 1106 798 1162 Allocutio
819 1111 1108 1164 Pontificis
1126 1111 1290 1164 initio
1306 1110 1469 1180 hujus
1491 1109 1852 1163 consistorii.-
1871 1129 1900 1157 ιι
1954 1108 2088 1163 ibid.
2303 1107 2456 1159 Pauli
2486 1108 2816 1160 solemnitati
2846 1125 2995 1161 sacer
2997 1143 3507 1160 ..........
3550 1127 3579 1155 ιι
3629 1104 3766 1160 ibic.

519 1195 891 1267 Exponuntur
912 1198 1169 1268 suffragia
1196 1197 1595 1262 cardinalium,
1622 1195 1908 1266 Archiepi-
2190 1193 2530 1247 Absentibus
2556 1195 2621 1247 ab
2652 1195 2757 1247 hoc
2784 1196 3133 1248 consistorio
3160 1192 3582 1258 Protonotariis,

622 1301 918 1356 scoporum
949 1297 1004 1340 et
1028 1287 1435 1356 Episcoporom
1450 1325 1470 1352 ,
1500 1286 1594 1356 qui
1639 1285 1768 1337 huic
1805 1294 1908 1337 ter·
2302 1291 2353 1335 et
2381 1283 2709 1337 Promotore
2746 1284 2947 1337 Fiseali
2967 1321 2983 1349 ,
3011 1284 3270 1336 Pontifex
3297 1285 3585 1336 Caeremo-

620 1372 702 1424 tio
738 1374 1090 1426 Consistorio
1121 1370 1523 1447 interfuerunt.
1564 1408 1578 1423 .
1622 1410 1636 1423 .
1678 1373 1802 1423 187.
1841 1370 1907 1422 ad
1980 1368 2090 1423 209
2298 1364 2513 1423 'uiarum
2567 1373 2847 1426 Praefecto
2902 1372 3216 1434 commisit,
3271 1380 3329 1423 ut
3364 1373 3583 1424 Instru-

510 1458 776 1514 Instantia
808 1462 1186 1514 procuratoris
1214 1461 1497 1515 Generalis
1526 1461 1816 1525 Gamerae,
1846 1465 1907 1511 ut
2302 1466 2483 1512 menta
2529 1474 2693 1528 super
2720 1458 2882 1529 hujus
2911 1458 3246 1511 consistorii
3273 1458 3428 1511 Actis
3456 1475 3585 1511 con-

625 1528 1005 1601 Proton⁸otarii
1027 1552 1393 1601 instrumenta
1410 1547 1742 1617 superActis
1760 1561 1911 1614 prae·
2305 1545 2489 1599 ficeret
2493 1582 3505 1600 ...................
3549 1566 3578 1594 ιι
3628 1543 3765 1601 ibid.

623 1634 757 1689 dicti
788 1637 1122 1690 consistorii
1149 1636 1482 1690 conficerent
1485 1670 1834 1688 .......
1874 1653 1905 1681 ιι
1979 1631 2091 1685 211)
2193 1636 2623 1688 Instrumeutnm
2648 1654 2677 1688 a
2704 1634 3184 1688 caeremoniarum
3208 1634 3488 1688 Praefecto
3515 1633 3584 1688 de

512 1724 832 1796 Responsio
863 1725 1202 1780 Sub-Decani
1226 1724 1460 1796 collegii
1491 1721 1909 1776 Protonotario-
2303 1724 2484 1794 quinti
2524 1722 2871 1792 semipublici
2913 1722 3249 1776 consistorii
3273 1722 3428 1776 Actis
3466 1740 3584 1776 exa·

620 1830 763 1867 rum.
792 1846 826 1866 .-
849 1846 1829 1869 ..................
1872 1831 1902 1858 ιι
1953 1807 2090 1863 ibid.
2302 1820 2473 1865 ratum
2480 1847 3508 1868 ...................
3551 1830 3581 1860 a
3629 1808 3767 1864 t‘bt‘d.

515 1900 1371 1955 Instrumentumasub·l)eeano
1392 1899 1907 1954 Protonotariorum
2193 1899 2512 1954 subduntur
2557 1898 2806 1969 suffragia
2845 1899 3215 1953 cardinalium
3263 1909 3364 1954 ete.
3410 1901 3504 1970 qui
3553 1917 3583 1952 a

619 1998 868 2059 rogatum
907 1989 976 2044 de
1017 1991 1178 2044 tertio
1217 1988 1581 2060 semipublico
1622 1988 1911 2043 consisto·
2303 1988 2652 2041 consistorio
2680 1987 2967 2040 abfuerunt
2970 2024 3314 2042 .......
3351 1987 3478 2040 281.
3517 1987 3585 2040 ad
3655 1985 3771 2042 287

620 2078 745 2130 rio.
787 2114 802 2129 .
846 2115 861 2130 .
903 2116 917 2130 .
951 2098 982 2131 s
1014 2115 1256 2131 .....
1279 2112 1286 2119 -
1298 2111 1826 2131 ..........
1868 2095 1898 2122 ιι
1951 2072 2086 2127 ibid.
2196 2074 2468 2128 schedula
2495 2112 2511 2141 ,
2563 2093 2667 2145 qua
2722 2074 3037 2127 cardinales
3089 2074 3359 2127 admoniti
3415 2082 3583 2141 sunt,
3754 2080 3761 2088 ‘

507 2160 807 2219 Adduniur
865 2165 1118 2235 suffragia
1178 2183 1369 2219 eornm
1399 2203 1415 2231 ,
1443 2165 1565 2236 *qui
1630 2163 1732 2217 etsi
1793 2164 1909 2215 lto-
2305 2180 2578 2216 summnm
2627 2164 2950 2215 Pontificem
2997 2164 3134 2216 velle
3185 2164 3251 2215 ad
3292 2164 3584 2216 Basilicam

575 2271 738 2319 (mae
765 2253 1019 2325 degentes
1057 2274 1086 2308 a
1114 2254 1465 2308 Consistorio
1506 2264 1681 2305 tamen
1723 2251 1905 2305 abfue-
1979 2312 1988 2334 ι
2301 2253 2617 2305 Lateranam
2667 2251 2955 2315 accedere,
3003 2251 3190 2322 ibique
3236 2252 3483 2305 Sacrum·
3511 2252 3586 2304 fa-

621 2351 748 2394 runt
763 2378 1633 2395 ................
1673 2338 1801 2390 213.
1840 2337 1907 2390 ad
1979 2336 2091 2392 217
2303 2348 2540 2403 cere,·ut
2584 2358 2613 2390 a
2638 2340 2758 2391 Deo
2787 2340 3045 2391 auxilium
3095 2349 3298 2408 peteret
3333 2357 3460 2408 pro·
3483 2341 3587 2393 ca'·

510 2428 795 2481 intimatio
818 2445 919 2498 pro
946 2436 1138 2498 quarto
1166 2426 1531 2496 semipublico
1554 2425 1918 2480 consistorio·
2272 2450 2279 2454 ·
2302 2426 2654 2478 nonizatione
2695 2443 2825 2479 mox
2851 2426 3208 2495 perficienda3
3237 2427 3443 2479 invitati
3485 2428 3587 2498 igi-

617 2517 875 2569 habendo
915 2534 1079 2586 super
1106 2516 1536 2570 canonizatione
1572 2516 1637 2567 B.
1666 2511 1904 2583 Josephi
2266 2530 2269 2533 ·
2302 2523 2391 2568 tur
2437 2519 2597 2568 etiam
2630 2514 2947 2569 cardinales
2992 2517 3135 2568 illue.
3164 2525 3316 2580 sunt,
3346 2533 3586 2584 praeser-

619 2624 648 2656 a
674 2606 940 2658 Leonissa
963 2638 1827 2659 ................
1871 2622 1901 2649 ιι
1976 2597 2088 2653 218
2301 2602 2398 2655 tim
2425 2603 2782 2672 acquirendae
2809 2603 3184 2672 Indulgentiae
3213 2605 3402 2673 gratia.
3430 2605 3582 2672 Quid

507 2695 791 2748 Allocutio
830 2691 1147 2758 Pontificis,
1192 2710 1298 2762 qua
1344 2691 1534 2745 merita
1571 2692 1636 2741 B.
1664 2687 1901 2757 Josephi
2300 2689 2357 2741 in
2384 2708 2445 2744 ea
2474 2692 2705 2743 Basilica
2734 2690 2832 2743 hac
2859 2691 3147 2744 occasione
3187 2691 3378 2743 factum
3421 2694 3509 2745 sit.
3551 2715 3580 2743 ιι
3654 2694 3767 2750 287

615 2782 867 2846 extollit,
909 2790 963 2833 et
1007 2782 1298 2833 sententias
1344 2778 1718 2832 Cardinalium
1766 2777 1902 2828 alio-
2189 2774 2344 2829 Idem
2377 2779 2540 2846 paulo
2571 2788 2695 2846 post
2724 2777 2920 2830 factum
2948 2786 3060 2846 est,
3082 2795 3204 2830 cum
3232 2779 3476 2833 adeunda
3504 2797 3585 2834 es·

615 2886 846 2940 rumque
897 2886 1061 2939 super
1111 2870 1229 2938 ejus
1281 2867 1712 2921 canonizatione
1750 2883 1900 2935 pera·
2244 2904 2249 2913 .
2301 2874 2380 2917 set
2406 2866 2637 2917 Basilica
2663 2868 2921 2919 Vaticana
2928 2901 3501 2922 ...........
3544 2889 3574 2917 ιι
3625 2868 3765 2927 ibid.

618 2957 791 3028 genda
821 2957 1056 3027 exquirit
1072 2989 1821 3009 ..............
1865 2972 1896 3000 ιι
1948 2950 2083 3005 ibid.
2188 2954 2264 3004 Et
2313 2954 2547 3007 Basilica
2599 2956 2655 3006 S.
2694 2956 2899 3009 Mariae
2953 2960 3115 3024 supra
3158 2955 3461 3009 Minervam
3514 2956 3583 3009 ad

503 3048 880 3101 Becensentur
926 3044 1176 3113 suffragia
1217 3042 1590 3097 cardinalium
1642 3041 1903 3093 aliorum·
2299 3042 2555 3096 eumdem
2588 3043 2783 3107 tinem,
2810 3060 3135 3113 quamquam
3165 3043 3232 3095 ad
3260 3043 3401 3097 hanc
3442 3044 3583 3098 itum

614 3152 722 3207 que
777 3133 834 3186 in
889 3142 1082 3204 quarto
1134 3129 1498 3201 semipublico
1548 3129 1899 3183 Consistorio
2299 3132 2373 3184 sit
2397 3139 2527 3200 post
2551 3131 2872 3195 meridiem,
2897 3138 2952 3185 et
2976 3151 3143 3203 quare
3155 3171 3508 3186 .......
3549 3154 3579 3182 ιι
3656 3130 3768 3188 288

611 3240 716 3294 pro
769 3221 1198 3276 canonizatione
1245 3220 1314 3272 B.
1364 3217 1604 3288 Josephi
1666 3236 1696 3271 a
1756 3219 1897 3270 Leo-
2186 3218 2507 3272 Mandatum
2538 3219 2817 3271 Cardinali
2840 3219 3064 3271 vicario
3091 3219 3277 3273 datum
3305 3219 3584 3290 depubli-

617 3311 765 3364 nissa
770 3343 1630 3363 ................
1667 3306 1797 3358 220.
1835 3305 1901 3358 ad
1975 3304 2085 3360 2⁴³
2300 3307 2468 3360 canda
2495 3306 2840 3376 Indulgentia
2858 3308 3108 3360 Plenaria
3136 3328 3163 3359 a
3184 3307 3413 3362 Summo
3434 3309 3582 3361 Pon-

505 3398 694 3469 Altera
736 3397 1023 3451 Pontificis
1049 3396 1330 3449 Allocutio
1371 3396 1427 3447 in
1468 3393 1576 3448 fine
1615 3395 1902 3448 consisto·
2301 3397 2445 3450 tilice
2496 3413 2750 3448 concessa
2801 3395 3058 3449 omnibus
3109 3396 3205 3466 qui
3260 3396 3584 3450 interessent

611 3487 710 3552 rii,
756 3504 861 3556 qua
910 3484 1178 3555 praedicta
1225 3482 1476 3553 suffragia
1515 3482 1899 3549 commendat,
2301 3483 2718 3537 canonizationi
2750 3482 3151 3551 praedictorum
3182 3483 3424 3555 quinque
3451 3487 3582 3538 Bea-

613 3574 920 3644 iterumque
951 3589 1133 3640 preces
1164 3571 1372 3622 indicit.
1411 3607 1822 3625 ........
1864 3591 1896 3622 a
1973 3572 2083 3627 2⁸³
2299 3581 2500 3625 torum.
2524 3573 2660 3624 Item
2693 3571 2760 3623 de
2785 3571 3132 3624 admonendo
3154 3579 3385 3642 utroque
3413 3573 3578 3626 clero

506 3662 769 3715 Instantia
798 3661 1177 3714 procuratoris
1206 3658 1487 3711 Generalis
1512 3661 1770 3713 camerae
1794 3678 1899 3730 pro
2301 3659 2538 3713 Seculari
2566 3667 2621 3712 et
2647 3659 2924 3728 Regulari,
2944 3668 3000 3712 ut
3021 3677 3237 3713 summo
3267 3678 3420 3714 mane
3444 3661 3579 3715 Pro·

614 3755 987 3802 instrumento
1026 3768 1054 3800 a
1091 3747 1497 3801 Protonotariis
1536 3764 1700 3817 super
1735 3749 1892 3801 Actis
1957 3789 1964 3795 .
2297 3748 2530 3802 cessioni
2578 3756 2699 3800 ante
2728 3748 3212 3800 Canonizationem
3258 3749 3402 3818 apud
3429 3750 3578 3802 Vati·

616 3837 748 3890 dirti
781 3836 1112 3890 consistorii
1141 3833 1485 3888 conficiendo
1491 3871 1823 3890 .......
1865 3857 1895 3885 ιι
1946 3836 2080 3892 t'bz‘d.
2297 3852 2488 3888 canum
2521 3833 2854 3903 peragendae
2882 3835 3219 3887 interessent.
3244 3838 3490 3906 itemque
3507 3836 3577 3890 de

507 3923 827 3995 Responsio
843 3923 1040 3975 Decani
1063 3922 1296 3989 collegii
1313 3923 1841 3976 Protonotariorum.
1866 3944 1897 3973 a
1971 3925 2083 3978 244
2171 3917 2178 3924 ’
2298 3921 2665 3975 admonendis
2691 3920 3041 3986 Rectoribus,
3071 3921 3322 3975 sacristis
3345 3931 3446 3975 etc.
3477 3926 3580 3976 Ec-

508 4011 936 4063 lnstrumentum
966 4027 995 4061 a
1021 4011 1239 4062 Decano
1266 4010 1780 4062 Protonotariorum
1809 4029 1899 4065 ro-
2295 4012 2578 4067 elesiarum
2596 4048 2611 4074 ,
2639 4019 2696 4062 ut
2723 4010 2780 4061 in
2811 4018 2931 4063 actu
2952 4009 3399 4066 canonizationis
3420 4012 3579 4064 Cam·

610 4107 790 4169 gatum
838 4114 943 4166 pro
988 4105 1182 4167 quarto
1220 4095 1584 4166 semipublico
1612 4100 1897 4152 consisto·
2293 4115 2458 4169 panas
2488 4098 2780 4169 pulsarent.
2804 4134 3501 4152 .............
3543 4121 3573 4148 ιι
3648 4100 3758 4155 288

612 4188 700 4239 rio
724 4220 1821 4240 ....................
1859 4208 1890 4236 ιι
1943 4187 2077 4243 ibid.
2181 4186 2531 4258 indulgentia
2574 4187 2847 4257 praedicta
2891 4203 2920 4238 a
2947 4186 3111 4241 card„
3141 4185 3366 4240 Vicat-io
3395 4186 3574 4256 publi-

500 4273 824 4330 Subduntur
858 4271 1111 4342 suffragia
1154 4290 1377 4340 eorum,
1415 4275 1509 4346 qui
1541 4275 1892 4329 consistorio
2291 4285 2403 4328 cata
2408 4310 3496 4332 ....................
3536 4296 3567 4324 a
3618 4273 3753 4329 ibid.

608 4379 725 4416 non
756 4361 1043 4414 adfuerunt
1048 4397 1619 4418 ...........
1660 4364 1786 4416 247.
1828 4364 1894 4416 ad
1968 4363 2077 4419 282
2178 4364 2496 4416 Mandatum
2547 4361 2714 4416 card.
2755 4361 2962 4415 Vicarii
3009 4361 3226 4432 utrique
3270 4362 3466 4427 clero,
3510 4372 3569 4416 ut

498 4451 785 4505 intimatio
830 4465 936 4518 pro
979 4447 1174 4518 quinto
1219 4458 1273 4502 et
1300 4450 1491 4502 ultimo
1525 4452 1892 4520 semipublico
2291 4453 2594 4522 praedictae
2621 4450 2972 4504 processioni
3001 4449 3343 4504 interessent.
3370 4487 3385 4503 .
3426 4488 3442 4503 .
3482 4487 3496 4499 .
3539 4472 3569 4499 ιι
3643 4448 3755 4506 290

612 4538 962 4593 Consistorio
990 4535 1243 4587 habendo
1271 4553 1435 4605 super
1461 4538 1890 4593 canonizatione
2178 4542 2350 4594 Aliud
2400 4540 2709 4592 mandatum
2739 4538 2902 4590 Card.
2932 4539 3136 4591 vicarii
3178 4537 3247 4591 de
3274 4539 3568 4608 campanis

612 4626 855 4681 facienda
880 4626 945 4676 B.
978 4624 1296 4676 catharinae
1325 4625 1392 4677 de
1418 4624 1648 4677 Ricciis.
1690 4663 1704 4677 .
1745 4664 1761 4680 .
1801 4665 1815 4678 .
1859 4648 1888 4676 ιι
1965 4627 2074 4682 253
2289 4639 2346 4681 nt
2379 4646 2540 4697 supra
2574 4626 2855 4697 pulsandis
2861 4663 3493 4679 ............
3533 4647 3562 4675 ιι
3614 4625 3750 4680 ibid.

498 4715 835 4778 Nonnullis,
862 4730 1096 4782 quorum
1147 4711 1431 4776 intererat,
1477 4713 1532 4764 in
1563 4712 1668 4766 boc
1694 4716 1890 4767 consi·
2175 4717 2476 4769 Instructio
2523 4734 2551 4767 a
2600 4714 3078 4768 caeremoniarum
3124 4713 3403 4766 Praefecto
3445 4712 3564 4764 data

609 4804 838 4858 storium
869 4800 1079 4869 ingredi
1102 4799 1284 4850 datum
1305 4815 1420 4850 non
1441 4808 1539 4865 est,
1561 4811 1613 4853 et
1638 4820 1818 4871 quare.
1852 4824 1880 4851 ιι
1934 4802 2069 4857 ibid.
2213 4796 2218 4800 ’
2284 4806 2525 4857 Militum
2558 4802 2802 4855 Ducibus
2830 4802 3088 4871 aliisque,
3108 4817 3341 4872 quorum
3372 4800 3567 4854 intere-

494 4893 779 4949 Allocutio
808 4890 1124 4951 Pontifieis,
1157 4905 1261 4957 qua
1289 4887 1634 4941 Adstantium
1665 4907 1883 4943 sensum
2282 4900 2390 4956 rat,
2430 4892 2498 4945 de
2537 4889 2897 4959 disponendis
2944 4890 3001 4940 in
3049 4888 3380 4958 opportunis
3424 4888 3564 4940 locis

606 4995 770 5050 snper
822 4976 1251 5031 canonizatione
1312 4975 1378 5026 B.
1434 4976 1753 5031 catharinae
1816 4977 1885 5030 de
2284 4978 2572 5043 militibus,
2600 4977 2667 5032 de
2697 4978 2982 5031 tormentis
3009 4976 3222 5030 bellicis
3248 4954 3568 5046 displdden·

606 5067 816 5121 Riceiis
840 5063 1149 5134 exquisivit.
1169 5100 1808 5119 ............
1849 5085 1879 5115 ιι
1929 5063 2067 5119 ibid.
2282 5066 2397 5135 dis,
2427 5066 2495 5119 de
2520 5067 2789 5136 tympanis
2816 5063 3099 5135 pulsandis
3142 5072 3245 5117 ete.
3290 5063 3353 5115 in
3384 5064 3564 5117 cano-

495 5156 829 5212 Beferuntur
853 5150 1106 5220 suffragia
1123 5149 1496 5203 Cardinalium
1516 5159 1615 5205 etc.
1641 5151 1737 5221 qui
1756 5166 1884 5205 sane
2280 5155 2572 5207 nizationis
2600 5154 2942 5207 solemnitate
2965 5187 3485 5206 ..........
3527 5173 3557 5200 ιι
3607 5150 3746 5208 ibid.

605 5259 800 5297 omnes
836 5240 905 5294 de
942 5236 1246 5310 peragenda
1285 5239 1715 5293 canonizatione
1752 5256 1883 5293 con·
2167 5241 2652 5295 Eminentissimus
2692 5240 2853 5294 Card.
2895 5241 3282 5294 Portocarrero
3322 5239 3563 5292 Canoni-

607 5336 939 5387 senserunt.
979 5365 994 5380 .
1036 5366 1051 5381 .
1090 5362 1106 5379 .
1149 5362 1165 5379 .
1205 5361 1223 5379 .
1261 5360 1280 5378 .
1318 5363 1334 5379 .
1375 5363 1391 5380 .
1430 5365 1447 5383 .
1487 5342 1501 5380 a
1537 5364 1553 5381 .
1596 5363 1611 5380 .
1646 5325 1776 5384 m.
1811 5326 1884 5382 ad
1954 5325 2067 5383 277
2278 5329 2509 5384 zationis
2536 5329 2868 5383 Procurator
2890 5327 3091 5381 electus
3096 5362 3488 5381 ........
3528 5348 3559 5376 ιι
3630 5326 3740 5383 201

2058 5541 2078 5570 Γ
