4442 6300
914 513 982 565 82
1890 509 2097 561 ACTA
2139 506 2796 560 cANoNtzATtOle

732 658 938 721 adiret
961 702 980 729 ,
1009 655 1476 736 alloqueretur,
1511 662 1574 715 et
1605 653 1835 717 tamdiu
1864 653 2072 716 verbis
2104 652 2294 716 insta·

730 766 831 817 ret
858 753 1028 817 omni
1062 752 1320 833 ancipiti
1370 751 1582 833 gladio
1643 750 2244 832 penetrabilioribus
2271 795 2291 823 ‚

729 851 1140 934 quoadusque
1173 848 1437 913 sublatis
1477 848 1867 921 inimicitiis,
1924 848 2293 930 compositis

726 947 1198 1020 simultatibus,
1253 946 1601 1029 spiritualia
1659 945 2087 1018 aemulantes,
2150 944 2290 1005 dili·

725 1054 947 1128 gentes
975 1043 1354 1107 alterutrum
1379 1086 1399 1114 ,
1442 1042 1804 1107 charitatem
1866 1043 2111 1106 sincero
2167 1041 2297 1103 ani·

723 1162 833 1205 mo
863 1151 1279 1206 sectarentur.

865 1268 888 1293 ·
925 1245 1144 1320 Neque
1176 1257 1329 1301 vero
1359 1237 1437 1301 iis
1476 1244 1759 1308 tautum,
1814 1236 1922 1318 qui
1973 1234 2175 1298 adbuc
2229 1234 2293 1295 ln

728 1335 847 1401 boc
876 1336 1094 1401 seculo
1127 1335 1692 1419 peregrinabantur
1718 1356 1752 1396 a
1783 1335 1982 1417 patria
2007 1378 2028 1407 ‚
2081 1332 2294 1412 cujus-

728 1451 1000 1515 cumque
1031 1432 1406 1497 conditionis
1447 1432 1811 1495 bominibus
1871 1450 2046 1494 suam
2104 1429 2297 1491 dabat

722 1550 910 1611 opem
945 1541 1136 1612 atque
1166 1550 1421 1612 operam
1460 1529 1791 1611 Regalatus
1816 1571 1838 1599 ‚
1871 1528 1980 1590 sed
2023 1526 2293 1609 singula·

724 1628 777 1688 ri
808 1627 995 1689 etiam
1030 1627 1266 1708 pietate
1294 1625 1372 1687 ad
1402 1647 1510 1690 eas
1533 1625 1839 1708 juvandas
1862 1624 2100 1688 animas
2126 1644 2294 1686 com-

723 1725 1135 1795 movebatur,
1167 1743 1328 1805 quae
1360 1743 1393 1785 a
1423 1723 1710 1802 corporis
1740 1721 2005 1785 vinculis
2036 1720 2293 1801 expedi·

721 1830 826 1884 tae
862 1822 1108 1885 beatam
1142 1841 1319 1901 spem
1353 1820 1416 1882 in
1445 1821 1828 1901 purgatoriis
1874 1820 2130 1902 ignibus
2186 1838 2294 1882 ex-

721 1920 1096 2000 pectabant:
1131 1924 1264 1982 Non
1304 1918 1468 1981 enim
1500 1918 1789 1981 assiduas
1819 1916 2023 1980 solum
2049 1962 2070 1991 ,
2101 1926 2172 1980 ut
2200 1916 2292 1981 eis

725 2016 1173 2099 suffragaretur
1194 2059 1214 2087 ,
1243 2014 1322 2078 ad
1354 2022 1550 2079 Deum
1586 2035 1805 2098 preces
1833 2013 2094 2077 fundere
2142 2013 2292 2077 soli-

724 2122 828 2183 tus
855 2112 1018 2187 tuit,
1051 2114 1160 2177 sed
1194 2125 1259 2177 et
1287 2114 1561 2176 ubertim
1623 2116 1777 2178 flere
1799 2156 1818 2186 ‚
1879 2120 1944 2177 et
1996 2112 2290 2197 jejunare

721 2210 978 2273 assidue
998 2253 1020 2281 ‚
1049 2216 1116 2272 et
1143 2209 1414 2293 flagellis
1449 2210 1528 2273 ad
1559 2211 1924 2294 sanguinem
1973 2230 2173 2290 usque
2221 2230 2290 2272 se

723 2304 964 2367 duriter
991 2306 1258 2369 caedere
1281 2349 1302 2379 ,
1333 2313 1398 2369 et
1428 2307 1594 2370 omui
1623 2306 2073 2390 suppliciorum
2104 2326 2293 2389 gene·

719 2420 790 2464 re
821 2421 963 2465 sese
994 2402 1352 2464 immaniter
1378 2403 1746 2467 excruciare
1766 2446 1786 2475 ,
1839 2405 2037 2469 donec
2095 2411 2293 2467 aeter·

667 2542 679 2557 .
718 2516 862 2562 nam
887 2498 1045 2578 ipsis
1073 2517 1292 2580 pacem
1326 2507 1809 2581 promereretur.
1849 2529 1874 2556 ο

859 2624 882 2654 ο
923 2602 1089 2659 Inter
1118 2596 1271 2661 baec
1316 2617 1512 2670 vero,
1573 2600 1867 2680 quoniam
1922 2598 2057 2680 jam
2114 2600 2291 2663 senio

719 2690 1044 2756 confectus
1073 2702 1208 2757 erat
1239 2702 1306 2757 et
1362 2692 1693 2758 laboribus
1750 2693 1986 2758 fractus
2007 2738 2028 2767 ,
2082 2714 2290 2777 neque

720 2788 935 2869 procul
968 2792 1194 2854 abesse
1226 2791 1544 2855 sentiebat
1592 2793 1927 2855 adventum
1992 2794 2237 2854 Domini
2270 2836 2290 2865 ,

721 2885 786 2947 in
816 2886 881 2948 id
913 2886 1140 2950 ultimo
1169 2890 1614 2971 cogitationem
1648 2910 1823 2954 suam
1859 2890 2147 2961 contulit,
2177 2900 2288 2963 ut,

719 3002 907 3062 quam
952 2983 1089 3063 ipse
1137 2985 1532 3049 stabiliverat
1590 2986 1754 3050 vitae
1813 2986 2291 3050 austerissimae

720 3080 1276 3163 sanctissimaeque
1309 3082 1704 3163 disciplinam
1731 3125 1751 3157 ,
1781 3103 1918 3147 eam
1940 3082 2115 3145 fideli
2145 3101 2290 3165 pru-

719 3176 1021 3259 dentique
1055 3179 1335 3243 Ministro
1388 3180 1865 3254 vindicandam,
1921 3199 2290 3244 conservan-

720 3272 996 3355 damque
1028 3277 1467 3349 committeret.
1497 3283 1647 3341 Cum
1679 3279 1893 3358 itaque
1925 3284 2094 3356 Lupo
2123 3276 2289 3339 Sala-

720 3371 889 3433 sario
912 3415 931 3442 ,
961 3373 1068 3452 qui
1097 3373 1159 3434 id
1191 3373 1506 3455 temporis·
1528 3374 1589 3434 in
1637 3372 1882 3454 Oppido
1939 3373 2285 3437 Ficonedae

718 3468 1094 3531 acerrimum
1132 3470 1409 3534 instituti
1470 3471 1805 3534 Custodem
1858 3470 2122 3553 agebat,
2182 3470 2288 3533 de-

719 3562 888 3626 ferre
921 3567 984 3629 id
1018 3568 1298 3630 muneris
1332 3567 1766 3637 decrevisset,
1807 3586 1883 3630 ex
1943 3566 2286 3631 Tribulano

721 3661 1043 3725 coenobio
1061 3682 1174 3742 per
1193 3673 1446 3726 centum
1470 3670 1533 3726 et
1553 3663 1717 3744 quad
1728 3663 1964 3744 raginta
1996 3683 2287 3743 passuum

720 3756 925 3819 millia
956 3758 1158 3837 ipsum
1191 3760 1521 3833 convenit,
1551 3781 1793 3842 suoque
1818 3779 1960 3823 cum
1989 3782 2067 3823 co
2121 3781 2287 3825 com-

725 3852 1044 3939 municato
1073 3855 1338 3917 consilio
1361 3898 1381 3927 ,
1414 3856 1489 3918 ad
1518 3876 1650 3918 rem
1681 3864 1894 3920 sancte
1922 3857 1986 3917 in
2026 3857 2289 3922 Domino

720 3946 1096 4030 fortiterque
1128 3952 1459 4033 gerendam
1491 3954 1655 4035 gravi
1688 3955 1972 4017 oratione
2003 3953 2288 4020 adhorta·

719 4053 861 4121 tus,
894 4048 956 4107 in
989 4067 1166 4111 suam
1201 4050 1578 4114 sententiam
1610 4049 1796 4115 facile
1830 4054 2038 4115 traxit.
2078 4079 2101 4110 ο

860 4173 883 4199 ο
921 4144 1016 4205 Ab
1046 4165 1125 4207 eo
1149 4144 1473 4226 colloquio
1503 4146 1830 4213 Tribulum
1869 4148 2054 4211 rediit
2101 4154 2287 4231 Rega-

720 4238 931 4312 latus‚
961 4243 1281 4323 rebusque
1313 4242 1448 4308 illic
1489 4245 1688 4325 probe
1746 4245 2112 4326 compositis
2134 4289 2153 4317 ,
2213 4254 2290 4308 A·

718 4336 1057 4419 quileriam
1089 4339 1408 4420 profectus
1429 4342 1658 4405 est.1bi
1686 4362 1825 4405 cum
1853 4342 2106 4407 ineunte
2129 4350 2291 4417 Qua-

716 4433 1071 4515 dragesima
1102 4436 1416 4516 coepisset
1444 4438 1595 4500 vitio
1625 4438 1924 4502 stomachi
1977 4438 2291 4505 conflicta·

720 4528 817 4602 ri,
846 4549 958 4610 per
989 4538 1187 4593 totum
1221 4531 1507 4614 ejusdem
1537 4532 1936 4597 intervallum
1970 4534 2284 4599 decubuit.

720 4625 995 4689 solemni
1025 4626 1342 4708 paschatis
1361 4630 1466 4693 die
1494 4650 1637 4695 cum
1669 4630 1925 4695 caelesti
1955 4651 2113 4713 pane
2143 4654 2290 4699 sese

719 4721 1092 4796 refecisset,
1125 4725 1326 4790 multa
1374 4727 1641 4790 subinde
1699 4729 1777 4792 ad
1841 4734 2085 4793 Fratres
2140 4750 2289 4794 suos

720 4820 889 4885 circa
916 4820 1224 4886 lectulum
1255 4821 1678 4907 lacrymantes
1734 4825 1813 4889 de
1871 4827 1997 4892 vita
2052 4827 2285 4891 Christi

718 4919 1021 4984 imitanda
1046 4962 1066 4991 ,
1098 4920 1179 4982 de
1207 4919 1520 5003 diligenda
1549 4929 1948 5004 paupertate,
1997 4924 2077 4986 de
2131 4924 2289 5007 abji-

717 5016 959 5080 ciendis
1008 5015 1395 5080 secularibus
1450 5017 1785 5082 desideriis
1841 5021 2286 5085 ardentissime

719 5112 1056 5194 peroravit.
1085 5120 1341 5177 Postera
1380 5134 1535 5179 vero
1590 5115 1696 5179 die
1753 5135 1894 5180 cum
1956 5116 2286 5182 difficilem

712 5208 844 5291 jam
875 5208 1130 5272 omnino
1150 5250 1172 5282 ,
1201 5217 1392 5291 atque
1447 5210 1996 5292 impeditissimum
2053 5213 2288 5277 anbeli·

715 5314 850 5368 tum
909 5302 1223 5377 traheret,
1275 5314 1680 5387 sanctumque
1713 5306 1939 5372 Oleum
1970 5310 2050 5372 ad
2078 5316 2285 5377 extre-

703 5420 881 5470 ⁴mam
915 5398 1008 5461 illi
1042 5400 1518 5483 impertiendam
1555 5405 1910 5467 unctionem
1941 5405 2166 5474 fuisset
2195 5410 2281 5473 al·

2403 649 2599 715 latum
2623 695 2642 723 ‚
2674 671 2786 715 eos
2814 657 2883 716 ut
2923 650 3245 734 paululum
3303 648 3630 717 canerent
3678 658 3970 734 precatus

2404 760 2542 821 est,
2575 748 2915 812 admonens
2938 792 2958 822 ,
2986 748 3376 812 Palentinum
3411 751 3791 831 Episcopum
3825 770 3971 812 mox

2403 844 2761 910 adfuturum
2791 889 2814 919 ‚
2843 845 2923 909 de
2950 847 3129 930 cujus
3161 866 3346 909 manu
3377 846 3669 909 ultimum
3705 848 3825 910 boc
3878 867 3972 909 sa·

2405 952 2788 1007 eramentum
2814 945 3166 1025 susciperet
3192 972 3205 1006 =
3232 952 3385 1008 Tu‘m
3411 965 3445 1007 a
3474 944 3796 1008 Praefecto
3819 949 3972 1007 Coe·

2406 1040 2580 1102 nobii
2608 1060 2748 1104 cum
2779 1038 3219 1122 impetrasset,
3278 1052 3344 1104 ut
3375 1041 3747 1103 vilissimam
3806 1043 3974 1104 iuter

2403 1156 2620 1201 omnes
2649 1136 2961 1201 lacernam
2993 1138 3116 1201 sibi
3146 1140 3586 1220 permitteret,
3649 1138 3848 1201 oculis
3910 1142 3971 1199 in

2407 1233 2658 1297 Caelum
2692 1236 2998 1307 sublatis,
3030 1236 3366 1319 animoque
3395 1237 3456 1298 in
3477 1238 3811 1300 instantem
3844 1236 3976 1319 glo·

2407 1331 2537 1393 riae
2559 1351 2853 1395 coronam
2884 1331 3119 1404 defixo,
3144 1353 3317 1396 suam
3339 1334 3402 1394 in
3435 1333 3547 1395 Dei
3569 1353 3785 1395 manus
3807 1353 3974 1395 com-

2413 1427 2711 1492 mendans
2739 1429 3007 1492 animam
3029 1475 3047 1503 ,
3087 1430 3318 1494 iisdem
3372 1430 3635 1493 vocibus
3659 1472 3679 1501 ,
3738 1430 3972 1510 quibus

2408 1526 2683 1588 moriens
2710 1525 2775 1587 in
2800 1533 2997 1591 cruce
3026 1533 3214 1590 lesus
3236 1529 3541 1590 Dominus
3563 1535 3808 1591 Patrem
3840 1547 3974 1590 ora·

2407 1630 2622 1693 verat,
2652 1623 2815 1686 inter
2847 1630 3123 1686 Fratrum
3149 1644 3400 1688 suorum
3430 1644 3655 1705 preces
3683 1630 3747 1688 et
3774 1624 3975 1709 lacry-

2408 1738 2539 1781 mas
2567 1718 2984 1800 placidissima
3018 1726 3344 1784 Iustorum
3397 1730 3603 1784 morte
3663 1741 3844 1784 suam
3906 1723 3972 1783 in

2407 1822 2536 1880 Deo
2565 1816 2749 1879 vitam
2773 1817 3107 1880 abscondit
3135 1837 3297 1881 anno
3314 1817 3538 1881 salutis
3560 1826 3810 1882 nostrae
3836 1819 3974 1880 mil-

2408 1911 2632 1977 lesimo
2653 1914 3275 1996 quadringentesimo
3294 1915 3814 1998 quinquagesimo
3832 1936 3973 1980 sex-

2408 2018 2472 2075 te
2496 2053 2515 2082 ‚
2546 2009 2731 2073 tertio
2762 2009 3078 2074 Kalendas
3109 2010 3340 2092 Aprilis
3362 2055 3382 2087 ,
3415 2012 3639 2090 aetatis
3668 2032 3820 2075 suae
3872 2034 3974 2077 su-

2403 2126 2512 2189 pra
2543 2114 2790 2170 sextum
2825 2108 3239 2187 sexagesimo.
3279 2137 3305 2165 .
3954 2126 3959 2131 ‘

2537 2233 2561 2264 ι
2614 2203 2871 2287 Vulgata
2900 2205 3097 2285 ipsius
3131 2214 3361 2275 morte,
3391 2226 3531 2269 cum
3551 2207 3770 2288 ingens
3800 2207 3973 2270 illico

2403 2301 2720 2365 bominum
2752 2322 3090 2366 concursus
3118 2302 3302 2367 fleret
3331 2305 3404 2366 ad
3437 2305 3819 2368 coenobium
3847 2352 3867 2380 ‚
3906 2306 3971 2368 id

2408 2400 2609 2485 primo
2653 2401 2945 2464 omnibus
2990 2400 3413 2479 spectaculum
3446 2400 3604 2472 fuit,
3649 2403 3816 2483 quod
3860 2412 3975 2466 fle·

2403 2495 2594 2579 galati
2619 2517 2844 2577 corpus
2865 2506 3009 2577 post
3026 2498 3270 2579 aliquot
3302 2499 3437 2561 dies
3458 2518 3582 2562 non
3607 2500 3794 2562 modo
3816 2499 3972 2563 mol-

2404 2591 2739 2658 liusculnm
2771 2593 2937 2658 foret
2979 2604 3170 2676 atque
3199 2596 3512 2666 flexibile,
3556 2598 3666 2669 sed
3713 2597 3972 2661 odorem

2403 2691 2592 2755 etiam
2624 2693 3058 2755 suavissimum
3093 2693 3429 2755 redoleret.
3458 2698 3601 2756 Mox
3632 2713 3805 2765 vero,
3826 2713 3969 2756 cum

2402 2789 2671 2870 peractis
2702 2788 2822 2851 rite
2856 2790 3143 2870 exequiis
3173 2789 3235 2849 in
3264 2790 3512 2852 comuni
3563 2797 3841 2853 Fratrum
3874 2812 3973 2855 se·

2402 2885 2620 2966 pulcro
2664 2886 2983 2950 humatum
3028 2895 3238 2956 esset,
3287 2907 3366 2951 ex
3394 2887 3729 2969 implorato
3774 2895 3971 2971 Rega-

2400 2980 2510 3046 lati
2534 2982 2785 3047 nomine
2806 2984 3375 3064 praesentissimam
3396 2985 3535 3067 ejus
3555 3005 3735 3066 opem
3759 2984 3974 3066 plures

2401 3083 2644 3162 experti
2691 3089 2854 3145 sunt.
2888 3087 2963 3144 Et
2997 3102 3210 3146 revera
3258 3089 3422 3146 Deus
3453 3083 3735 3162 Optimus
3776 3082 3971 3146 Maxi-

2404 3199 2588 3251 mus,
2631 3179 2737 3260 qui
2785 3179 2849 3240 in
2893 3180 3131 3243 Sanctis
3183 3180 3316 3243 suis
3368 3178 3674 3243 mirabilis
3720 3199 3973 3261 semper

2401 3275 2538 3348 fuit,
2565 3295 2689 3340 non
2720 3275 2907 3339 modo
2936 3295 3075 3340 cum
3106 3276 3304 3341 adbuc
3336 3277 3575 3340 viveret
3604 3274 3967 3360 Regalatus.

2400 3375 2478 3438 ad
2507 3373 2853 3437 testandam
2886 3373 3024 3455 ejus
3052 3375 3443 3438 sanctitatem
3487 3375 3548 3436 iu
3583 3376 3809 3446 terris,
3840 3392 3970 3437 om-

2399 3472 2782 3554 nipotentiae
2805 3490 2955 3534 suae
2986 3471 3223 3536 divitiis
3252 3491 3398 3534 eum
3424 3470 3969 3535 abundantissime

2398 3568 2863 3640 cumulaverat,
2896 3567 3006 3631 sed
3041 3576 3371 3650 postquam
3405 3568 3689 3642 obierat,
3716 3567 3793 3632 ad
3824 3566 3965 3649 ejus

2397 3666 2660 3748 gloriam
2707 3664 3219 3729 manifestandam
3265 3668 3327 3726 in
3362 3663 3604 3737 Caelis,
3649 3663 3970 3729 miraculis

2398 3763 2584 3826 etiam
2615 3784 2760 3824 eum
2796 3761 3126 3826 mirificare
3155 3763 3440 3845 dignatus
3471 3769 3588 3825 est.
3617 3768 3790 3836 Quae
3813 3782 3958 3826 cum

2398 3859 2637 3944 singula
2669 3857 2977 3922 recenseri
3012 3877 3132 3922 non
3159 3859 3437 3939 possint,
3473 3879 3545 3922 ea
3579 3869 3786 3922 tamen
3814 3877 3965 3939 qua·

2397 3963 2543 4020 tuor
2569 3955 3114 4037 praetermittenda
3145 3975 3266 4019 non
3300 3964 3463 4027 sunt,
3496 3976 3657 4030 quae
3685 3955 3810 4038 jam
3843 3956 3966 4035 pri·

2400 4053 2543 4118 dem
2576 4055 2699 4140 rite
2728 4053 2991 4135 probata
3023 4055 3170 4116 tanti
3202 4055 3500 4134 ponderis
3530 4052 3782 4116 suerunt
3804 4095 3825 4125 ,
3854 4062 3923 4115 ut
3944 4094 3966 4124 ,

2399 4171 2536 4215 cum
2558 4151 2635 4215 de
2665 4150 2963 4232 Regalato
2986 4152 3153 4215 inter
3171 4157 3428 4215 Sanctus
3450 4150 3782 4216 referendo
3803 4157 3966 4232 post-

2401 4249 2658 4312 modum
2690 4255 2982 4330 ageretur
3014 4248 3076 4308 in
3110 4255 3292 4311 Sacra
3341 4249 3591 4312 Rituum
3624 4254 3967 4330 congrega-

2402 4345 2596 4416 tione,
2622 4344 2913 4409 heroicae
2941 4343 3079 4426 ejus
3109 4344 3370 4406 virtutes
3401 4344 3554 4409 satis
3575 4363 3688 4423 per
3714 4365 3790 4408 ea
3815 4363 3964 4408 con·

2400 4439 2683 4506 firmatae
2726 4427 3205 4504 declararentur.
3252 4445 3403 4502 Cum
3450 4442 3616 4502 enim
3657 4441 3831 4521 juxta
3878 4440 3965 4502 le·

2399 4557 2543 4620 gum
2574 4536 2955 4619 praescripta
2976 4535 3239 4600 oculatis
3258 4537 3531 4600 testibus
3551 4538 3634 4599 ob
3656 4527 4005 4618 temporls'

2399 4634 2836 4715 antiquitatem
2881 4634 3152 4715 amplius
3195 4635 3446 4715 probari
3490 4653 3605 4700 eae
3658 4653 3780 4698 non
3825 4654 3969 4715 pos·

2402 4740 2564 4800 sent,
2596 4737 2776 4793 Sacra
2810 4728 3051 4794 Rituum
3081 4731 3497 4812 congregatio
3526 4729 3823 4811 peculiari
3856 4735 3968 4792 De-

2398 4834 2572 4890 creto
2600 4847 2751 4897 suo,
2783 4827 2955 4891 edito
2984 4828 3089 4890 die
3119 4827 3362 4891 decima
3394 4835 3567 4891 sexta
3600 4827 3966 4891 Novembris

2399 4911 2543 4989 anni
2577 4923 2904 4987 millesimi
2926 4925 3364 4990 sexcentesimi
3389 4924 3702 5008 trigesimi
3719 4922 3967 5004 amplis-

2400 5021 2559 5085 sime
2579 5021 2943 5100 declaravit,
2963 5043 3076 5104 per
3100 5022 3254 5087 baec
3272 5030 3540 5105 quatuor
3558 5020 3858 5094 miracula
3882 5029 3968 5085 te·

2401 5119 2760 5183 stimonium
2789 5119 3118 5200 quodlibet
3144 5122 3297 5185 satis
3318 5120 3566 5184 abunde
3596 5119 3890 5200 suppleri.
3933 5146 3956 5172 ·

2527 5244 2548 5269 ι
2599 5215 2873 5277 Primum
2917 5214 2979 5276 in
3024 5237 3102 5282 eo
3144 5217 3332 5279 situm
3375 5223 3517 5289 est,
3558 5216 3769 5297 quod,
3812 5233 3960 5278 cum

2394 5314 2738 5392 procuratis
2756 5313 3071 5393 quondam
3087 5313 3524 5393 Aquilerianae
3546 5312 3841 5376 Familiae
3863 5331 3964 5374 ne-

2396 5408 2584 5490 gotiis
2607 5452 2625 5480 ‚
2671 5409 3069 5474 'tribulanum
3104 5410 3483 5476 domicilium
3536 5407 3649 5493 pro
3680 5403 3793 5475 'auo
3828 5430 3958 5472 mu·
