4442 6300
960 490 1032 546 81
1950 500 2156 553 ACTA
2198 494 2858 568 cANoNtzn·tuttts

758 660 893 700 rum
938 646 1294 722 temporum
1341 642 1795 722 aequabilitate
1838 642 2040 709 fortes
2081 646 2333 708 omnino
2363 720 2372 730 ι
2449 649 2510 708 in
2543 649 2723 727 beata
2747 653 2914 733 pacis
2944 655 3198 737 regione
3229 660 3612 741 sempiterno
3642 664 3870 747 gaudio
3899 665 4015 731 dit.

754 735 1051 808 dufuere,
1086 756 1287 818 neque
1318 740 1692 803 occasiones
1720 742 2076 821 probandae
2106 750 2338 827 marty·

2442 747 2741 812 fluentem
2767 755 3052 815 Sanctum
3073 748 3504 821 sollemriiritu
3531 763 3860 828 renuncies
3877 768 4008 829 Deo

759 833 850 893 rio
881 832 1288 897 fiirtitudinis.
1336 840 1488 897 Cum
1532 839 1696 899 enim
1747 839 2040 920 antiquus
2079 839 2331 903 humani
2447 844 2722 910 incaelis
2747 858 3095 930 acceptum,
3119 872 3188 917 ae
3209 863 3544 934 propterea
3574 856 3856 939 ejusdem
3885 881 4016 922 me-

757 932 1012 1013 geueris
1040 933 1240 996 hostis
1271 933 1331 995 in
1364 932 1592 998 laetam
1622 937 1920 1001 caelestis
1962 937 2333 1018 patrisfami-

758 1027 875 1091 lias
904 1038 1184 1112 segetem
1218 1030 1432 1092 lolium
1464 1034 1907 1115 quodcumque
1938 1036 2139 1114 potuit
2168 1057 2336 1099 sem·

759 1145 874 1208 per
897 1127 1208 1189 invexerit
1243 1131 1815 1213 superseveritque,
1838 1132 1987 1195 dolo
2013 1133 2333 1198 istiusmo-

753 1225 818 1287 di
846 1244 1041 1290 usus.
1075 1236 1143 1287 nt
1186 1225 1459 1308 aliquam
1506 1229 1811 1294 Dominici
1854 1230 2151 1294 frumenti
2196 1252 2333 1313 par·

754 1331 883 1386 tem
933 1322 1258 1398 inficeret,
1302 1325 1533 1389 factum
1568 1327 1797 1391 exinde
1829 1336 1963 1397 est,
2006 1336 2076 1392 ut
2106 1328 2238 1411 ipsa
2268 1329 2332 1391 in

754 1422 999 1486 florenti
1031 1423 1311 1488 Ecclesia
1347 1423 1625 1489 nonnulli
1671 1446 1857 1508 saepe
1886 1428 2336 1491 insurrexerint

760 1521 1010 1585 nomine
1033 1522 1287 1603 quidem
1313 1523 1673 1595 Christiani,
1699 1525 1809 1589 sed
1832 1525 2326 1607 apostolicarum

759 1619 1160 1693 traditionum
1194 1620 1564 1701 nequissimi
1599 1643 1854 1695 osores,
1885 1634 2165 1688 errantes
2187 1668 2207 1692 ,
2240 1624 2329 1684 in·

759 1717 1073 1781 sanientes
1100 1762 1118 1786 ,
1149 1716 1411 1800 exleges
1434 1762 1453 1789 ,
1486 1722 1758 1802 superbe
1798 1722 1916 1783 sibi
1951 1742 2179 1804 sapere
2202 1723 2332 1785 exi-

759 1817 1082 1879 stimantes
1111 1836 1258 1896 prae
1291 1817 1555 1887 ceteris,
1589 1819 1735 1899 qui,
1764 1819 1946 1883 furiis
1973 1820 2170 1882 veluti
2201 1821 2330 1899 agi·

753 1914 861 1978 tati
889 1957 910 1985 ,
952 1932 1262 1992 nunquam
1319 1914 1512 1994 quieti
1567 1917 1978 1980 consisterent
2026 1937 2324 1980 novarum

756 2031 961 2073 rerum
1013 2011 1241 2074 misere
1287 2012 1497 2091 cupidi
1539 2013 2011 2095 pertinacesque
2052 2015 2114 2075 in
2145 2014 2324 2079 falsis

753 2110 1175 2191 opinionibus,
1199 2110 1432 2192 quibus
1462 2118 1663 2175 totum
1697 2113 1997 2175 bonorum
2032 2112 2319 2176 ordinem

751 2207 1161 2270 obturbare-nt
1182 2250 1202 2277 ,
1261 2216 1557 2271 vexarent
1579 2254 1597 2278 .
1655 2217 1719 2272 et
1777 2209 1829 2271 si
1888 2215 2018 2272 Deo
2075 2208 2316 2289 piaret,

751 2304 937 2369 etiam
969 2304 1454 2368 confunderent:
1488 2305 1607 2369 Sed
1639 2305 1781 2369 hnic
1812 2317 1985 2369 tanto
2018 2306 2182 2371 malo
2210 2318 2318 2372 aut

748 2403 1106 2483 dissipando
1137 2410 1241 2465 aut
1273 2391 1722 2466 antevertend'o
1749 2403 2024 2487 vigilavit
2068 2424 2322 2486 semper

741 2507 1016 2562 Romana
1066 2497 1387 2569 Ecclesia,
1439 2509 1499 2561 et
1530 2499 1864 2565 ¹Pontifices
1896 2508 2066 2581 Optt.
2108 2507 2311 2565 Maxx.

744 2616 1095 2678 supremam
1142 2593 1313 2659 illius
1358 2617 1571 2659 curam
1619 2603 1768 2661 Jesu
1815 2597 2038 2661 Christi
2082 2599 2213 2662 vice
2246 2601 2309 2661 in

744 2693 930 2757 terris
958 2702 1248 2777 gerentes
1270 2738 1289 2764 ,
1321 2701 1507 2758 Sacro
1539 2696 1903 2775 praesertim
1933 2696 2009 2757 ad
2039 2696 2100 2757 id
2136 2697 2315 2761 insti-

739 2797 875 2855 tuto
905 2811 982 2855 ex
1014 2792 1407 2872 purpuratis,
1452 2791 1700 2872 sibique
1741 2793 2164 2857 assidentibus
2194 2801 2308 2857 1¹1³.

737 2896 967 2962 coetu,
1009 2889 1106 2952 cni
1148 2889 1228 2951 de
1257 2890 1652 2971 Propaganda
1685 2890 1832 2954 Fide
1876 2911 2099 2974 nomen
2148 2891 2309 2953 indi·

2447 940 2702 1005 moriam
2732 955 3082 1009 ceterorum
3115 969 3290 1012 more
3321 957 3680 1017 Sanctorum
3708 957 3807 1038 pie
3836 976 4010 1022 reco-

2444 1036 2696 1104 lendam
2728 1040 2789 1103 in
2838 1045 3062 1117 terris,
3105 1054 3169 1109 et
3198 1046 3707 1114 intercessionem
3751 1053 4019 1120 fidenter

2446 1134 2896 1209 implorandam
2929 1140 3004 1201 ad
3031 1152 3445 1223 opportunum
3473 1147 3721 1213 divinae
3752 1153 4017 1231 gratiae,

2445 1250 2558 1311 per
2603 1234 2801 1314 ipsius
2834 1236 2896 1297 in
2925 1235 3173 1302 Christo
3216 1242 3475 1319 merita,
3518 1247 4011 1326 promerendum

2448 1330 2766 1394 auxilium.

2572 1435 2752 1492 Anno
2775 1473 2794 1501 ,
2825 1439 3158 1513 postquam
3190 1436 3473 1500 Divinum
3505 1439 3777 1502 Verbum
3811 1440 4008 1503 idem·

2444 1544 2570 1606 que
2587 1530 2755 1587 Deus
2775 1547 2963 1593 verus
2990 1529 3316 1594 humanam
3352 1535 3617 1615 sumpsit
3635 1555 3890 1599 carnem
3913 1547 4008 1601 at-

2442 1638 2566 1699 que
2610 1623 2877 1686 animam
2904 1666 2925 1695 ,
2982 1626 3481 1710 quingentesimo
3524 1651 3707 1711 supra
3755 1631 4014 1696 millesi-

2444 1736 2615 1779 mum
2660 1723 3120 1804 septuagesimo
3173 1727 3484 1807 septimo,
3543 1728 4010 1814 Sigmaringae,

2438 1835 2598 1895 quae
2630 1835 2818 1897 parva
2862 1817 3012 1883 licet
3054 1820 3539 1889 constantiensis
3586 1825 3903 1892 Dioecesis
3943 1829 4009 1891 in

2438 1910 2656 1974 Svevie
2698 1913 2925 1978 Civitas
2954 1959 2973 1987 ,
3015 1916 3113 1979 vel
3159 1919 3499 1981 maximum
3545 1927 3756 1987 tamen
3802 1924 4002 1990 tenuit

2437 2004 2756 2088 dignitatis
2783 2009 2992 2074 locum
3021 2032 3204 2077 verae
3228 2015 3545 2096 religionis
3571 2020 4004 2085 constantissi-

2435 2122 2540 2167 mo
2567 2104 2740 2168 cultu
2767 2150 2787 2179 ,
2821 2109 3041 2172 beatus
3073 2119 3284 2173 noster
3317 2110 3542 2175 Fidelis
3572 2122 3753 2176 natus
3781 2124 3878 2179 est
3920 2137 4006 2181 ex

2428 2200 2688 2279 patricia
2745 2211 3059 2289 Reyorum
3118 2205 3355 2269 familia
3378 2249 3400 2278 ,
3455 2208 3553 2272 cui
3599 2209 3999 2289 splendorem

2426 2298 2763 2363 cumulavit
2812 2302 3061 2384 genitor
3095 2309 3369 2368 loannes
3418 2305 3711 2390 conjugio
3750 2307 4003 2388 junctus

2426 2415 2566 2458 cum
2600 2398 2915 2463 Genovefa
2945 2402 3388 2484 Rosemhergia
3418 2423 3619 2484 aeque
3642 2403 3837 2467 nobili
3868 2404 3998 2470 l'oe·

2427 2492 2619 2563 mina,
2651 2514 2790 2558 cnm
2824 2496 2900 2558 de
2938 2518 3048 2561 sua
3078 2498 3407 2579 prudentia
3436 2501 3794 2584 ceterisque
3828 2503 3996 2566 Chri-

2425 2589 2635 2655 stianis
2662 2591 2998 2659 virtutihus
3025 2596 3502 2661 commendatus
3523 2640 3545 2671 ,
3587 2599 3782 2664 sellas
3809 2620 3996 2664 curu·

2422 2685 2517 2752 les
2546 2688 2707 2752 baud
2741 2691 2940 2756 semel
2975 2690 3035 2753 in
3069 2693 3267 2774 patria
3298 2693 3693 2776 impleverit,
3738 2704 3805 2761 et
3833 2703 3993 2762 Con·

2420 2785 2646 2849 sularia
2679 2808 2937 2852 munera
2967 2792 3160 2870 probe
3191 2791 3483 2856 obiverit.
3513 2797 3758 2859 Marcus
3794 2795 3996 2859 infan-

2420 2882 2467 2945 ti
2514 2903 2741 2947 nomen
2787 2886 2906 2950 tuit
2950 2908 2986 2950 e
3030 2908 3210 2952 sacro
3252 2889 3473 2954 salutis
3499 2890 3671 2955 fonte
3712 2892 3980 2973 primam

735 2995 867 3049 tum
899 2993 1032 3059 est;
1065 3006 1137 3049 ac
1167 2986 1395 3049 mirum
1439 2996 1589 3069 quot
1622 2988 1769 3051 inde
1814 2988 2166 3054 Catholicae
2213 2989 2303 3054 rei
2415 2983 2678 3063 gratiam
2712 2985 2938 3065 adepto
2964 3028 2984 3057 ‚
3015 3006 3201 3067 quam
3234 2987 3461 3051 deinde
3505 2981 3991 3070 procedentibus

734 3084 1061 3149 commoda
1122 3085 1245 3149 sint
1301 3096 1727 3168 consequutag
1775 3096 1930 3170 quot
1971 3087 2303 3151 haere-,gum
2415 3077 2676 3142 firmiori
2723 3084 2960 3145 ratione
2988 3082 3166 3147 annis
3193 3083 3519 3150 adauctam
3564 3086 3687 3149 sibi
3737 3106 3993 3155 summo

734 3193 935 3247 monst
948 3203 1010 3245 ra
1055 3182 1395 3263 intercepta
1426 3183 1521 3246 vel
1554 3186 1894 3269 profligata.
1924 3186 2077 3250 Hinc
2122 3205 2304 3264 supe-

733 3282 881 3345 riori
902 3281 1154 3346 saeculo
1184 3282 1244 3342 iu
1278 3281 1529 3344 ltbaetia
1563 3283 1757 3362 magis
1790 3282 2110 3368 magisque
2135 3281 2303 3346 fure·

730 3398 797 3442 re
821 3422 841 3452 ,
873 3379 978 3459 qui
1005 3422 1024 3450 ‚
1055 3376 1221 3441 malo
1253 3377 1558 3441 daemone
1586 3380 1840 3442 authore
1865 3422 1885 3447 ,
1927 3381 2008 3443 ab
2043 3380 2154 3444 hac
2194 3379 2300 3442 fir·

726 3474 1004 3540 missima
1052 3474 1405 3558 Apostolica
1439 3484 1610 3557 petra
1644 3476 2031 3540 desciverant
2065 3500 2080 3536 z
2128 3478 2301 3542 ciere

723 3573 980 3637 turbasz
1011 3572 1210 3635 minas
1241 3571 1541 3635 adversus
1572 3571 1923 3635 catholicos
1966 3573 2299 3636 intersere·

724 3692 832 3735 re:
866 3692 973 3734 eas
1006 3671 1257 3733 demum
1293 3669 1604 3731 horrendo
1633 3668 1870 3733 scelere
1903 3671 2129 3750 exequi
2164 3671 2297 3734 ansi

722 3774 866 3830 sunt
895 3767 956 3829 in
988 3768 1236 3830 beatum
1270 3774 1553 3829 nostrum
1586 3766 1859 3829 Fidelem
1894 3789 1926 3830 a
1960 3769 2293 3850 Sigmarin·

724 3881 799 3946 ga
832 3861 929 3926 vei
959 3861 1234 3943 primum
1270 3883 1304 3925 a
1335 3862 1773 3942 Propagandae
1805 3864 1970 3928 Fidei
2006 3863 2295 3946 collegio

721 3961 1062 4024 constituto
1095 3960 1291 4042 ipsius
1318 3970 1660 4045 martyrem
1681 4004 1700 4032 ,
1732 3961 1837 4042 qui
1869 3981 1903 4023 a
1932 3961 2292 4042 praesiden-

721 4056 892 4121 tibus
932 4058 1287 4122 venerando
1329 4059 1537 4121 coetui
1570 4057 1629 4118 in
1660 4078 1732 4120 ea
1765 4059 2132 4122 Germaniae
2181 4079 2290 4123 ora

717 4153 1074 4236 praefectus
1104 4156 1479 4218 asserendae
1513 4154 1867 4220 Catholicae
1898 4155 2175 4231 veritati,
2206 4157 2290 4229 ei,

716 4272 898 4332 quam
929 4251 1128 4315 libere
1158 4252 1603 4334 praedicabat,
1637 4253 2063 4317 testimonium
2098 4261 2295 4317 tanto·

713 4368 868 4429 pere
911 4369 1095 4432 grave
1141 4350 1429 4430 praebuit
1470 4371 1541 4414 ac
1586 4348 1936 4423 sollemne,
1981 4357 2049 4413 nt
2080 4350 2290 4432 impiis

702 4432 1048 4512 ‘haereticis
1077 4447 1156 4511 ad
1182 4468 1400 4511 necem
1427 4467 1493 4510 se
1523 4447 2040 4529 conquirentibus
2073 4447 2293 4513 alacri-

714 4553 815 4608 ter
845 4554 1065 4626 pectus
1098 4544 1420 4616 obtulerit,
1445 4546 1638 4609 vitam
1672 4543 1971 4609 libentius
2000 4544 2288 4609 deferen-

716 4640 839 4714 do,
882 4663 1067 4721 qnam
1100 4641 1412 4705 Catholica
1446 4662 1617 4706 sacra
1662 4642 1759 4706 vel
1805 4662 1959 4707 voce
2001 4642 2285 4706 violaret.

715 4744 891 4803 Hunc
933 4740 1145 4821 itaque
1200 4738 1610 4802 fortissimum
1654 4738 1853 4801 virum
1895 4739 2079 4803 omni·
2126 4740 2286 4803 bene

712 4844 887 4902 actae
918 4836 1079 4901 vitae
1125 4835 1312 4900 laude
1343 4855 1464 4898 non
1493 4836 1681 4899 modo
1708 4834 1946 4899 clarum
1970 4880 1991 4907 ,
2036 4837 2146 4900 sed
2180 4837 2287 4898 he-

703 4933 895 4997 roicis
951 4933 1251 4996 virtutum
1301 4932 1746 5014 splendoribus
1789 4932 1994 5011 magis
2048 4932 2288 5013 conspi-

710 5049 894 5092 cuum
917 5071 938 5099 ,
994 5028 1314 5092 miraculis
1371 5027 1871 5111 prat-fulgentem
1895 5072 1916 5101 ,
1975 5027 2282 5109 insignem

713 5127 1014 5211 martyrio
1036 5148 1175 5189 cum
1210 5125 1379 5197 Tibi,
1408 5125 1892 5208 vigilantissime
1920 5124 2286 5196 universalis

713 5222 1035 5289 Ecclesiae
1065 5228 1286 5296 Custos
1307 5266 1326 5295 ,
1360 5224 1442 5285 ob
1475 5221 1693 5290 oculos
1726 5241 2031 5304 posuero,
2063 5224 2152 5283 uti
2186 5233 2286 5288 est

708 5320 1073 5384 certissimis
1124 5319 1526 5384 monimentis
1572 5317 1858 5402 legitime
1915 5320 2284 5399 comproha-

710 5428 841 5480 tum
870 5443 888 5493 3
915 5417 1055 5501 jure
1087 5418 1435 5500 meritoque
1463 5415 1607 5480 inde
1639 5414 1953 5500 postulem
1979 5457 1999 5487 ,
2030 5423 2101 5478 ut
2130 5435 2274 5480 eum

2416 3178 2525 3239 Dei
2571 3179 2877 3243 beneficio
2917 3201 3160 3261 suoque
3191 3182 3492 3265 singulari
3522 3184 3731 3248 studio
3759 3186 3852 3249 sic
3893 3206 3990 3251 re-

2418 3272 2599 3336 tinuit
2622 3317 2642 3346 ,
2675 3284 2741 3337 ut
2770 3275 3040 3341 natalem
3073 3277 3272 3361 ipsam
3303 3279 3756 3354 innocentiam,
3789 3302 3868 3347 ne
3897 3281 3994 3344 le-

2411 3369 2469 3430 vi
2498 3372 2750 3452 quidem
2781 3372 3198 3439 declinatione
3220 3377 3297 3438 ad
3331 3396 3624 3442 sensuum
3649 3377 3986 3445 illecebras

2410 3487 2683 3550 unquam
2709 3470 3018 3544 amiserit,
3049 3473 3269 3538 doetus
3297 3493 3332 3537 a
3363 3474 3558 3554 prima
3590 3496 3791 3557 usque
3817 3486 3984 3540 aeta·

2409 3573 2471 3628 te
2504 3574 2853 3648 temperare
2886 3570 3213 3649 spirituum
3247 3570 3660 3645 alacritatem,
3692 3572 3984 3638 inanibus

2409 3661 2573 3726 ludis
2604 3663 2841 3730 bellum
2873 3665 3150 3731 indicere
3172 3710 3193 3738 ‚
3221 3668 3431 3731 animo
3465 3668 3525 3730 in
3558 3676 3749 3732 Deum
3779 3669 3930 3734 ferri
3955 3712 3978 3746 ,

2407 3770 2596 3843 atque
2624 3762 2687 3823 in
2721 3782 2799 3826 eo
2824 3764 3145 3829 dumtaxat
3177 3786 3286 3829 sua
3319 3785 3604 3847 quaeque
3635 3767 3794 3836 bona
3815 3766 3981 3831 tocs-

2405 3878 2513 3929 re,
2547 3879 2655 3922 sua
2686 3861 2909 3942 gaudia
2941 3883 3266 3942 quaerere.
3299 3864 3453 3927 Hinc
3500 3862 3978 3930 humanioribus

2406 3953 2643 4020 litteris
2670 3957 2996 4033 addictus,
3026 3959 3397 4028 incredibile
3429 3969 3568 4031 est,
3614 3970 3907 4043 quantam
3939 3983 3977 4027 a

2404 4058 2537 4117 Deo
2606 4058 2940 4120 meruerit>
2972 4057 3332 4120 addiscendi
3396 4057 3810 4135 facilitatem3
3866 4059 3976 4123 vix

2371 4170 2669 4234 -namque
2700 4156 2903 4217 audita
2932 4157 2994 4216 in
3026 4156 3173 4219 ludo
3202 4155 3630 4237 praeceptoris
3660 4177 3809 4222 voce
3834 4199 3855 4229 ‚
3898 4177 3978 4222 ea

2402 4268 2562 4329 quae
2605 4251 2727 4314 sibi
2774 4252 3212 4323 traderentur,
3259 4251 3421 4315 miro
3464 4254 3674 4316 statim
3715 4255 3973 4318 tenebat

2401 4348 2614 4412 ordine
2641 4350 3036 4428 maximaque
3066 4349 3534 4428 perspicuitate,
3558 4350 3788 4433 quibus
3817 4370 3979 4431 puer

2397 4443 2533 4526 ipse
2563 4445 2792 4509 ceteris
2813 4446 3326 4509 adolescentibus
3354 4446 3537 4512 facile
3569 4447 3864 4512 anteibat.
3892 4455 3973 4512 At

2401 4541 2568 4603 enim
2598 4561 2738 4604 cum
2761 4542 3051 4622 proprius
3080 4550 3147 4604 et
3176 4541 3284 4605 ille
3314 4543 3792 4608 adolescentiam
3827 4564 3971 4608 con-

2400 4636 2727 4710 salutavit,
2758 4645 2947 4717 atque
2976 4639 3051 4700 ad
3085 4637 3511 4720 philosophica
3544 4639 3751 4706 studia
3781 4639 3845 4701 in
3874 4659 3971 4704 re·

2399 4732 2558 4796 lebri
2592 4735 2991 4816 Friburgensi
3028 4737 3356 4800 Academia
3389 4759 3458 4801 se
3487 4737 3801 4810 contulit;
3831 4745 3963 4800 tum

2396 4849 2546 4893 vero
2589 4852 2698 4894 seu
2746 4834 2944 4918 magis
2994 4833 3351 4899 salebrosas
3396 4834 3800 4916 quaestiones
3838 4832 3967 4898 acri

2365 4989 2372 4996 ,
2398 4927 2824 5006 speculatione
2847 4932 3256 5015 penetrando,
3284 4952 3394 4996 seu
3424 4933 3685 4996 eductas
3714 4931 3965 4995 illarum

2394 5024 2695 5090 veritates
2734 5027 2898 5091 inter
2926 5028 3287 5109 frequentes
3315 5028 3768 5109 disputationes
3811 5028 3968 5092 dilu-

2397 5114 2542 5186 cide
2579 5135 2923 5208 ornateque
2967 5126 3394 5198 ostendendo,
3439 5134 3674 5189 tantam
3729 5125 3965 5207 ingenii

2396 5219 2599 5286 lucem
2629 5223 3000 5304 praesetulit
3037 5223 3483 5308 integerrimae
3515 5222 3814 5307 probitati
3857 5239 3965 5299 ex·

2395 5317 2733 5402 celsaeque
2764 5319 2976 5402 pietati
3003 5320 3425 5403 conjunctam,
3449 5328 3519 5383 ut
3549 5318 3727 5402 quasi
3754 5316 3964 5399 prodi-

2395 5415 2481 5500 gii
2524 5415 2663 5482 loco
2699 5437 2776 5483 ea
2817 5418 2879 5481 in
2906 5425 3113 5482 aetate
3157 5417 3525 5483 baberetur:
3571 5414 3963 5500 vigesimum
