4442 6300
1463 535 1808 603 QtJtNQUE
1878 535 2346 588 SANCTORUM
2415 540 2581 590 ETc.
3391 538 3462 591 '13

404 683 611 766 deque
642 687 893 747 austero
919 679 1013 744 illi
1044 699 1115 743 ac
1139 679 1327 760 plane
1348 679 1850 744 laboriosissimo
1882 680 1968 742 vi-

399 788 502 845 tae
532 779 824 845 instituto
853 780 1054 860 impar
1076 777 1477 860 iudicaretur,
1508 798 1586 841 ex
1615 797 1833 843 eorum
1861 786 1966 843 Pa-

397 885 569 940 trum
598 877 906 941 sententia
938 876 1243 963 dimissus,
1265 874 1463 940 semel
1489 884 1554 938 et
1583 874 1806 957 iterum
1829 874 1964 938 fuit.

2082 680 2161 744 ad
2206 652 2457 745 Camilli
2499 701 2824 745 accessere
2857 679 3271 755 seutentiam,
3317 700 3660 746 consense-

2081 787 2352 859 runtque
2385 778 2716 842 ineundam
2749 778 3020 860 aliquam
3049 798 3128 841 ex
3157 778 3360 842 Laicis
3388 778 3654 841 homini·

2080 876 2201 940 hus
2230 878 2599 961 societatem
2626 921 2647 948 ,
2693 877 2816 961 qni
2832 875 2969 941 solo
3001 876 3170 940 ducti
3204 875 3425 958 spiritu
3457 875 3654 945 chari-

401 983 554 1039 Rem
585 993 787 1056 aequo
816 972 1071 1055 quidem
1103 973 1310 1036 animo
1354 972 1497 1035 tulit
1527 971 1868 1045 Camillus,
1899 985 1967 1037 ut
2079 973 2231 1038 tatis
2272 975 2334 1037 in
2377 975 2443 1039 id
2490 996 2682 1047 unuin
2736 974 3218 1047 incumberent,
3265 979 3333 1035 ut
3377 972 3647 1036 Infirmis

398 1080 537 1139 erat
581 1080 708 1136 Deo
762 1071 1145 1147 conformis;
1194 1070 1305 1134 sed
1358 1072 1738 1152 capuccinos
1789 1071 1965 1135 novis

397 1171 602 1234 adhuc
647 1170 942 1251 precibus
997 1168 1190 1233 etiam
1249 1173 1437 1249 atque
1491 1168 1678 1232 etiam
1736 1177 1961 1250 'rogare

399 1267 635 1329 tamdiu
669 1286 790 1328 nou
822 1265 1089 1336 destitit,
1111 1264 1405 1347 quamdiu
1438 1285 1514 1328 ex
1538 1264 1645 1329 nei
1683 1264 1964 1329 volunta-

396 1373 461 1427 te
490 1385 612 1427 non
641 1385 783 1431 esse
815 1362 1216 1447 intelligens,
1251 1368 1317 1426 ut
1347 1362 1407 1425 iu
1440 1361 1554 1425 illo
1585 1365 1822 1427 viveret
1852 1369 1961 1426 Or·

396 1464 547 1523 dine
575 1505 594 1532 ,
630 1470 889 1524 Rumam
921 1462 1149 1525 iterum
1182 1460 1498 1543 cogitavit.
1554 1489 1575 1513 ·

506 1554 554 1608 a·
605 1564 733 1619 Huc
781 1567 849 1620 ut
892 1546 1110 1631 venit,
1153 1578 1292 1620 cum
1339 1559 1433 1628 is,
1479 1559 1587 1638 qui
1632 1554 1955 1621 huminum

397 1656 583 1720 corda
618 1656 779 1738 regit
808 1662 975 1720 Deus
994 1699 1014 1727 ‚
1046 1676 1148 1719 res
1178 1657 1262 1720 ita
1291 1655 1747 1736 disposuisset,
1777 1661 1843 1719 ut
1872 1654 1961 1717 ei·

369 1756 540 1837 ‚dem
591 1754 1000 1825 Nesea-,emim
1046 1751 1251 1835 assquo
1296 1774 1526 1837 paucos
1569 1758 1714 1817 ante
1758 1772 1956 1817 annos

395 1853 819 1935 ignominiose
825 1852 1212 1935 exnlaverat,
1229 1871 1389 1915 nunc
1406 1849 1745 1915 honorifice
1764 1857 1960 1916 Oeco-

398 1970 619 2015 nomns
647 1949 1133 2033 praeficeretur,
1180 1949 1301 2013 dici
1330 1949 1435 2011 vix
1475 1958 1726 2029 potest,
1770 1968 1954 2032 quarn

397 2048 685 2115 sedulum
719 2048 1221 2132 diligentemque
1265 2068 1415 2137 sese*
1440 2048 1503 2108 in
1537 2046 1646 2111 tali
1689 2067 1956 2112 munere

397 2145 779 2228 praestiterit
819 2146 1252 2210 administrum
1281 2191 1295 2205 .
1341 2150 1473 2208 Non
1507 2145 1713 2210 solnm
1757 2145 1956 2228 siqui-

397 2244 542 2309 dem
573 2263 648 2308 ea
676 2243 877 2307 omnia
916 2242 1195 2307 lufirmis„
1216 2243 1493 2306 remedia
1533 2245 1955 2327 procurabat,

397 2332 631 2423 quibus
670 2350 807 2406 tum
839 2362 1064 2423 corpus
1092 2340 1466 2417 adsalutem
1492 2341 1783 2425 juvaret,
1826 2350 1959 2406 tum

395 2438 683 2519 spiritum
712 2438 789 2502 ad
836 2439 1389 2523 Deumerigeret,
1434 2439 1544 2503 sed
1588 2459 1695 2503 eas
1737 2460 1960 2505 omnes

397 2536 657 2601 delicias
684 2530 1172 2619 diligentissime
1200 2537 1639 2618 conquirebat,
1663 2539 1896 2621 quibus
1921 2560 1961 2603 a

397 2635 598 2698 morbi
650 2633 945 2699 molestia
991 2634 1442 2701 relevarentur.
1490 2636 1646 2701 Hinc
1692 2636 1961 2719 ipsemet

400 2731 473 2792 iis
503 2752 755 2812 semper
783 2731 1006 2795 adesse
1033 2755 1049 2791 ε
1083 2738 1246 2806 Eos,
1276 2731 1381 2814 qui
1411 2734 1680 2796 maxime
1722 2740 1955 2799 stoma-

397 2829 577 2891 chum
623 2837 1070 2910 provocarent,
1118 2829 1370 2893 morbos
1417 2828 1961 2893 minime-fastidi-

397 2943 463 2988 re
477 2922 511 2984 ε’
528 2924 743 2988 Ulc'era
775 2926 925 2989 tabo
956 2925 1264 2990 manantia
1294 2932 1656 2998 attrectare,
1688 2935 1957 3010 tergere,

399 3022 828 3106 circumligare
853 3068 874 3098 ,
924 3021 1188 3087 fovere:
1241 3029 1473 3087 Omnes
1522 3022 1841 3088 adhortari
1879 3025 1959 3089 ad

399 3121 758 3201 patientiam
779 3146 807 3190 z,
828 3118 1136 3187 Omnibus
1166 3141 1352 3205 quam
1383 3121 1819 3188 vehementem
1854 3144 1961 3206 po-

400 3227 557 3283 terat
586 3218 700 3282 Dei
727 3238 1005 3283 amorem
1038 3219 1353 3283 insinuare
1383 3228 1449 3283 et
1476 3219 1800 3302 ingererez
1835 3226 1958 3285 Eos

399 3317 843 3397 potissimum,
881 3317 986 3398 qui
1029 3317 1089 3378 in
1138 3317 1304 3380 vitae
1349 3315 1705 3382 discrimine
1749 3339 1958 3382 versa·

396 3411 645 3485 rentur,
677 3413 1150 3479 sacramentalis
1183 3405 1422 3497 gratiae
1453 3413 1795 3478 refectione
1839 3425 1963 3479 sta-

402 3507 587 3574 bilire
622 3512 684 3573 in
717 3512 915 3595 gratia
947 3511 1355 3576 etcharitatez
1387 3511 1440 3576 si
1464 3513 1806 3592 penderent
1833 3514 1963 3577 ani-

403 3610 562 3682 mis,
607 3625 900 3674 revocare
930 3610 994 3672 in
1039 3629 1260 3691 speme
1305 3610 1551 3675 sibene
1598 3612 1786 3675 rebus
1829 3610 1963 3675 suis

401 3705 823 3780 confiderent,
868 3704 1272 3772 confirmaret
1316 3705 1629 3771 vindicare
1666 3728 1708 3770 a
1755 3707 1959 3791 rugitu

401 3801 839 3870 circumeuntis
869 3799 1092 3884 Leonis
1114 3846 1135 3876 ‚
1179 3802 1451 3869 liberare
1482 3823 1517 3867 a
1544 3805 1906 3885 perditione
1938 3849 1959 3878 ,

401 3920 469 3964 ac
494 3900 680 3984 plane
710 3921 932 3983 rapere
958 3901 1036 3965 ad
1067 3900 1352 3984 gloriam.
1408 3930 1443 3984 ι,

414 4013 419 4019 ’
524 4007 779 4076 ν-τῌειιο
828 4008 1049 4064 autem·
1093 4000 1225 4081 ipse
1269 4000 1416 4064 dum
1462 4007 1680 4083 ageret
1734 4008 1959 4082 sponte

404 4094 676 4178 solisque
720 4097 1026 4180 impulsus
1056 4095 1327 4162 stimulis
1358 4096 1682 4161 charitatis
1703 4140 1725 4170 ‚
1770 4097 1960 4161 vehe-

406 4194 940 4264 mentissimenon
962 4201 1212 4276 poterat
1241 4214 1364 4259 nnn
1396 4193 1611 4258 dolere
1638 4238 1659 4268 ,
1692 4195 1861 4276 quod
1889 4194 1959 4268 ii,

402 4294 500 4373 qui
533 4292 1056 4358 multa->mercede
1084 4291 1628 4362 conducebantur,
1671 4298 1739 4355 ut
1767 4292 1830 4353 in
1866 4296 1959 4353 In·

400 4389 717 4453 firmorum
745 4410 889 4455 cura
923 4395 1171 4453 omnem
1204 4388 1649 4471 impenderent
1679 4405 1958 4470 operam,

402 4488 931 4572 negligentius”et
981 4477 1186 4552 miuus
1231 4495 1557 4557 accurate,
1607 4506 1795 4567 qnam
1847 4507 1960 4567 par

400 4596 567 4658 erat,
611 4608 725 4651 suo
757 4605 1014 4651 munere
1056 4583 1480 4668 fungerentur.
1523 4584 1679 4648 Hinc
1724 4603 1961 4647 merce-

405 4684 549 4748 dem
577 4684 630 4749 si
664 4686 799 4765 ipse
830 4684 1257 4766 proposuisset
1299 4693 1618 4746 aeternam
1643 4724 1664 4755 ,
1694 4688 1825 4743 tum
1856 4681 1963 4744 de·

403 4802 573 4845 mum
621 4782 1063 4867 intelligebat,
1092 4781 1230 4848 t'ore
1259 4789 1328 4843 ut
1368 4780 1681 4863 idipsum,
1725 4777 1894 4861 quod
1928 4800 1962 4843 a

2071 1071 2427 1154 jacentibus
2455 1072 2517 1135 in
2551 1073 2941 1143 Nosocomiis
2972 1092 3158 1154 opem
3187 1091 3437 1136 omnem
3462 1114 3483 1144 ‚
3515 1092 3645 1134 om-

2076 1190 2218 1235 nem
2240 1191 2495 1252 operam
2518 1170 3038 1251 diligentiamque
3061 1177 3467 1252 praestarent.
3490 1172 3644 1232 Cum

2074 1268 2270 1351 igitur
2309 1268 2351 1330 ii
2384 1269 2543 1350 ipsi,
2585 1269 2692 1349 qui
2732 1267 2999 1333 consilio
3039 1267 3305 1329 adhibiti
3350 1265 3590 1330 fuerant
3620 1312 3640 1339 ‚

2072 1366 2431 1431 Nosocomii
2474 1366 2741 1430 Ministri
2789 1364 2973 1446 primi
3019 1371 3161 1447 post
3202 1362 3532 1428 Camillum
3581 1366 3639 1425 in

2073 1483 2210 1527 eam
2243 1462 2652 1529 sodalitatem
2679 1461 3292 1547 (confraternitatem
3313 1461 3432 1544 ipsi
3456 1482 3633 1525 voca-

2071 1560 2269 1644 bant)
2312 1560 2638 1629 dedissent
2681 1580 2909 1624 nomen
2934 1584 2970 1633 ,·
2998 1567 3216 1623 erecto
3255 1560 3316 1620 in
3372 1559 3638 1642 quodam

2072 1659 2358 1742 ejusdem
2402 1658 2765 1723 Nesocnmii
2808 1657 3098 1721 cubiculo
3140 1658 3367 1721 devoto
3399 1657 3639 1730 Altari,

2071 1756 2728 1841 appositaquectutsti
2761 1754 3113 1820 Domini‘de
3142 1759 3337 1819 Cruce
3368 1756 3642 1836 penden-

2072 1851 2155 1921 tis
2181 1852 2475 1937 imagine,
2506 1852 2656 1918 illuc
2686 1873 2827 1917 cnm
2861 1850 2939 1939 iis
2968 1853 3301 1918 convenire
3331 1852 3635 1927 Camillus

2071 1951 2316 2032 eoepit,
2357 1958 2422 2014 et
2450 1950 2870 2033 primaveluti
2899 1952 3232 2034 designare
3261 1950 3635 2033 amplissimi

2071 2048 2321 2113 Ordinis
2364 2047 2790 2114 fundamenta.
2845 2048 3099 2119 Crebris
3149 2068 3337 2132 porro
3389 2046 3636 2113 ibidem

2072 2142 2363 2228 pietatis,
2408 2146 2747 2219 orationis,
2776 2153 2841 2208 et
2869 2144 3300 2235 poenitentiae
3339 2146 3641 2210 exercita-

2077 2242 2354 2307 tionibus
2382 2244 2674 2326 spiritnm
2707 2242 3102 2317 reficientes,
3135 2242 3639 2327 castigantesque

2069 2360 2333 2424 corpus,
2378 2340 2494 2405 dici
2525 2341 2627 2404 vix
2673 2347 2925 2423 petest,
2970 2350 3198 2424 quanta
3242 2341 3470 2404 deinde
3512 2341 3637 2408 ala·

2068 2439 2290 2503 oritate
2321 2441 2703 2522 gestientes,
2747 2447 2980 2522 quanta
3011 2438 3307 2503 charitate
3355 2448 3640 2505 aestuan-

2074 2547 2175 2602 tes
2201 2535 2560 2622 Evangeliei
2585 2538 2714 2621 jam
2747 2538 2929 2619 plane
2956 2537 3239 2601 honiines
3271 2536 3441 2601 illinc
3469 2538 3644 2602 Infir-

2068 2637 2188 2700 mis
2218 2634 2628 2700 ministraturi
2657 2637 3130 2719 egrederentur.
3184 2665 3206 2689 ·

2205 2761 2229 2786 ·
2281 2739 2516 2797 Verum
2543 2733 2648 2815 qui
2673 2739 2793 2796 stat
2814 2754 2893 2797 ex
2915 2734 3180 2798 adverso
3192 2753 3460 2815 operum
3478 2732 3643 2796 Chri·

2071 2830 2150 2895 sti
2189 2830 2487 2895 inimicus
2528 2831 2771 2903 Belial,
2816 2850 2970 2913 quas
3016 2852 3135 2894 non
3181 2831 3381 2894 movit
3423 2832 3490 2892 in
3532 2851 3641 2894 no·

2068 2947 2208 2991 vam
2239 2926 2395 2992 hanc
2430 2927 2662 2992 Christi
2697 2937 2975 3012 segetem
3013 2936 3457 3009 tempestates,
3491 2949 3646 3010 quas

2072 3026 2288 3089 turbas
2318 3045 2441 3089 non
2471 3025 2806 3098 excitavit,
2852 3047 3014 3108 quae
3047 3026 3324 3110 neglexit
3355 3046 3641 3108 superse·

2074 3122 2306 3186 minare
2351 3122 2650 3188 zizania?
2701 3122 3144 3203 Respondisset
3198 3121 3485 3206 profecto
3534 3127 3642 3187 Ca-

2072 3218 2281 3283 millus
2312 3219 2623 3293 animum,
2657 3219 2922 3302 ejusque
2945 3221 3361 3301 ‚promovendi
3391 3221 3646 3284 Institu-

2073 3315 2118 3377 ti
2147 3316 2316 3382 omni
2353 3336 2463 3398 spe
2494 3316 2870 3390 decidisset,
2898 3316 3039 3387 nisi,
3072 3321 3195 3397 qu'o
3226 3326 3480 3381 auctore
3507 3337 3644 3381 san-

2073 3420 2239 3478 ctum
2271 3412 2515 3478 facinus
2533 3432 2864 3494 capessere
2889 3433 3007 3476 non
3030 3413 3451 3487 dubitaverat,
3474 3431 3649 3477 eum-

2073 3510 2218 3575 dem
2277 3530 2398 3575 non
2457 3511 2784 3586 habuisset
2842 3511 3275 3593 inssu'premis
3338 3511 3642 3593 angustiis

2071 3607 2383 3672 vindicem
2417 3627 2488 3671 ac
2515 3605 2697 3687 pla‘ne
2730 3615 3026 3672 statorem
3058 3613 3279 3670 Deum.
3336 3636 3359 3661 ·

2212 3733 2235 3757 ι
2289 3709 2451 3783 Ante
2483 3703 2774 3768 crucifixi
2807 3703 3141 3787 imaginem
3173 3724 3312 3766 sese
3342 3701 3646 3766 Camillus

2073 3802 2340 3884 quadam
2373 3800 2479 3865 die
2513 3802 2934 3885 provolvant,
2961 3821 3238 3884 eumque
3275 3800 3477 3865 enixis
3505 3820 3648 3884 pre-,

2038 3915 2045 3922 “
2073 3899 2252 3964 cibus
2278 3900 2492 3963 orabat
2524 3901 3067 3982 obsecrabatque,
3102 3908 3165 3961 ut
3199 3907 3450 3982 praesto
3477 3906 3649 3963 esset

2071 3995 2306 4062 afflicto
2335 3997 2509 4079 operi
2544 4019 2682 4072 suo,
2713 4018 2898 4080 opem
2921 3998 3337 4062 necessariam
3368 3997 3670 4069 afferret,-

2071 4101 2135 4159 et
2163 4096 2243 4159 ab
2272 4095 2803 4177 bostiumimpetu
2829 4095 2958 4179 jam
2992 4094 3190 4159 ferme
3214 4096 3511 4157 obrutum
3546 4115 3641 4157 re·

2071 4190 2354 4267 levaret,
2385 4200 2693 4255 tutaretur
2715 4235 2735 4264 ,
2780 4187 3201 4255 confirmaret.
3231 4197 3400 4254 Haec
3430 4201 3638 4254 autern

2074 4311 2216 4354 cum
2263 4289 2427 4353 inter
2466 4287 2774 4374 lacrymas
2817 4288 3081 4371 supplex
3110 4287 3407 4351 Camillus
3441 4289 3647 4354 effun-

2074 4387 2298 4459 deret,
2331 4384 2519 4450 claris
2548 4386 2983 4467 distinctisque
3012 4384 3275 4468 vocibus
3306 4405 3386 4447 ex
3416 4384 3638 4446 eadem

2038 4565 2045 4571 ⁸
2073 4482 2348 4566 imagine
2381 4481 2501 4545 sibi
2530 4481 2896 4564 loquentem
2934 4481 3152 4545 audire
3183 4480 3495 4544 Christum
3531 4487 3648 4544 Do·

2075 4580 2317 4642 minum
2351 4580 2616 4654 meruit,
2649 4599 2844 4662 seque
2876 4600 2998 4644 non
3028 4577 3461 4642 adhortantem
3518 4599 3647 4640 mo-

2073 4677 2190 4750 do,
2238 4678 2347 4742 sed
2376 4680 2564 4742 etiam
2595 4697 2755 4760 pene
2801 4677 3218 4758 increpantem
3250 4675 3343 4738 his
3367 4675 3640 4737 ·verbis:

2076 4780 2197 4856 Eja
2218 4782 2636 4854 pusillanimis
2660 4821 2679 4850 ,
2712 4780 2859 4854 quid
2888 4774 3095 4836 times?
3117 4780 3466 4849 incoeptum
3493 4791 3645 4846 opus

401 4877 575 4944 lucro
618 4879 953 4959 temporali
1000 4879 1303 4961 praestari
1349 4897 1472 4942 non
1504 4884 1743 4959 poterat
1766 4919 1786 4948 ,
1833 4874 1967 4940 sola
2034 4867 2039 4872 ⁷
2067 4895 2454 4955 prosequere.
2478 4881 2570 4938 Ex
2600 4873 2827 4955 quibus
2856 4872 3079 4936 Christi
3107 4870 3352 4932 Domini
3383 4868 3641 4932 vecibus

401 4975 561 5051 illa,
621 4998 784 5058 quae
838 4976 1045 5041 omnia
1100 4978 1366 5049 suffert,
1425 4975 1629 5039 omnia
1686 4975 1964 5056 patitur,

404 5077 647 5155 patiens
700 5084 798 5139 est
850 5085 1039 5157 atque
1087 5074 1353 5157 benigna
1380 5117 1402 5146 ‚
1452 5072 1726 5137 charitas
1779 5070 1962 5136 facile
2075 5072 2364 5136 culenter
2392 5072 2543 5135 satis
2587 5067 2865 5135 ostendit
2895 5087 3138 5132 summa
3183 5064 3290 5127 illa
3318 5107 3337 5136 ,
3382 5084 3501 5145 qua
3534 5064 3641 5125 de·
3741 5076 3750 5082 ·

406 5182 867 5255 assequeretur.
904 5182 983 5235 Re
1013 5172 1466 5236 communicata
1494 5192 1633 5235 cum
1656 5177 1712 5233 S.
1735 5169 1963 5249 Philip·

2077 4981 2369 5056 quantam
2402 4971 2698 5036 Camillus
2743 4969 3058 5050 acceperit
3087 4968 3474 5031 alacritatem
3499 5009 3519 5037 ,
3555 4965 3644 5025 lu-

2072 5167 2288 5250 inceps
2315 5168 2379 5229 in
2414 5170 2605 5231 rebus
2646 5155 3035 5229 difficillimis
3082 5183 3233 5225 usus
3277 5168 3416 5234 est,
3447 5160 3642 5223 animi

407 5290 485 5350 po
511 5271 745 5342 Nerio,
790 5292 915 5350 qno
943 5280 1007 5332 et
1028 5268 1434 5344 fConl‘essario
1478 5279 1541 5332 et
1586 5267 1957 5331 Consilinrio
2072 5266 2372 5331 fortitudo
2402 5274 2591 5360 atque
2620 5263 2980 5334 constantia.
3025 5291 3046 5313 ι

407 5366 465 5427 in
495 5363 686 5432 robiis
714 5369 1008 5435 omnibus
1030 5368 1345 5439 utebatur,
1366 5368 1703 5447 paucisque
1724 5365 1963 5447 aliquot

2206 5392 2231 5420 ι
2260 5370 2350 5429 Ae
2375 5363 2581 5447 primo
2610 5362 2866 5443 quidem
2897 5380 2973 5423 ex
3001 5355 3372 5441 gravissimo
3397 5361 3454 5417 S.
3489 5355 3626 5419 Phi-

409 5464 689 5547 ejusdem
735 5467 1091 5530 Nesocomii
1134 5465 1477 5537 ministris,
1525 5463 1712 5528 facile
1740 5484 1959 5529 omnes
2071 5462 2414 5547 lippiNerii
2436 5458 2949 5528 consilioinitiari
2976 5451 3501 5520 sacerdotiorum
3538 5454 3641 5518 de-
