4442 6300
1483 508 1830 594 eumont
1890 518 2362 579 smeroauss
2403 520 2567 580 tre.

425 668 508 733 ab
536 667 670 751 ipsa
697 664 831 732 iere
861 662 1116 737 iniantia
1148 664 1233 731 ita
1256 666 1539 733 omnium
1566 668 1859 735 virtutum
1892 688 1991 733 ru-
2098 672 2246 742 tus,
2274 666 2507 751 quibus
2541 670 2688 732 otis·
2726 670 2836 733 Dei
2895 669 3092 732 Filius
3142 680 3395 746 peccata
3445 677 3658 731 nostra

436 764 713 829 diments
746 763 1112 847 praesetulit
1136 805 1158 836 ,
1189 772 1257 828 ut
1285 765 1505 851 Angeli
1559 767 1654 832 sui
1706 765 1994 832 custodis

431 869 686 945 aspectu
717 859 839 925 frui
868 861 1136 944 ejusque
1165 862 1501 946 colloquiis
1537 863 1811 954 recreari
1870 862 1994 928 l’re⁸

431 955 848 1041 quentissime
876 966 1239 1021 merentur.
1272 964 1604 1024 Crescente
1632 950 1783 1023 vero
1827 967 1994 1024 aeta·

437 1066 545 1129 te,
576 1054 885 1120 abdicatis
920 1051 1104 1137 bujus
1131 1054 1341 1120 Mundi
1390 1056 1678 1139 pompis,
1735 1057 1997 1138 spretis-

431 1174 557 1239 que
591 1159 916 1217 Parentum
949 1150 1295 1226 blanditiis,
1316 1153 1483 1218 inter
1500 1160 1558 1218 S.
1590 1153 1895 1218 Dominici
1923 1152 1994 1217 fl-

438 1248 563 1318 lias
584 1248 985 1316 adnumerari
1013 1248 1231 1314 voluit.
1296 1250 1393 1315 lbi
1451 1249 1716 1317 orationi
1746 1250 1998 1336 ’jugiter

434 1349 673 1415 intenta
706 1348 873 1413 inter
897 1345 1173 1412 coelites
1198 1347 1406 1430 potius
1434 1368 1615 1431 quam
1668 1349 1835 1414 inter
1886 1346 1994 1411 bo·

429 1449 636 1513 mines
665 1446 896 1512 versari
927 1445 1059 1511 viss
1113 1445 1248 1509 ruit.
1311 1445 1656 1530 Amplexus
1710 1444 1995 1510 dulcissi-

432 1564 575 1608 mos
602 1542 829 1607 Christi
859 1549 1011 1608 lesu
1041 1541 1107 1605 in
1138 1545 1335 1608 cruce
1371 1541 1707 1626 pendentis
1733 1540 1853 1607 sibi
1897 1560 1998 1606 ac·

425 1639 859 1722 eeptissimam
890 1644 1184 1720 Sponsam
1243 1655 1388 1704 esse
1439 1638 1707 1719 dicentis
1765 1630 1995 1705 meruit

427 1737 741 1805 obtinere.
771 1736 1146 1801 Caelestium
1175 1736 1485 1802 visionum
1531 1744 1596 1802 et
1652 1736 1992 1819 prophetici

433 1835 698 1919 spiritns
723 1832 1035 1915 particeps
1064 1829 1227 1908 iniis
1256 1835 1467 1897 tamen
1498 1831 1994 1916 abjectissimam

429 1943 564 1998 toto
596 1930 788 1997 corde
847 1950 916 1994 se
970 1931 1346 2011 reputabat,
1400 1930 1653 1993 taudem
1704 1929 1994 1995 caelestis

432 2037 742 2114 Sponsus,
773 2034 840 2089 ut
873 2029 1153 2110 Sponsae
1187 2047 1339 2092 suae
1366 2031 1730 2111 argumenta
1762 2027 1997 2112 praeci·

431 2148 590 2212 puae
619 2124 939 2190 charitatis
965 2123 1300 2189 exhiberet
1324 2167 1345 2197 ,
1376 2145 1546 2190 saera
1599 2124 1989 2207 Redemptio·

428 2225 525 2289 nis
554 2222 854 2307 Stigmata
883 2220 1026 2302 ejus
1054 2220 1309 2287 sinistro
1355 2220 1539 2287 lateri
1571 2223 1860 2287 manibus
1885 2244 1991 2308 pe·

433 2322 741 2402 (libusque
774 2318 1114 2403 impressit,
1144 2325 1212 2382 ut
1245 2319 1307 2380 in
1337 2319 1638 2384 omnibus
1670 2320 1793 2384 sibi
1827 2320 1994 2384 simi-

432 2414 518 2483 iis
547 2422 915 2501 appareret3
950 2436 1108 2498 qnae
1139 2426 1387 2481 mature
1419 2417 1819 2481 considerans
1855 2417 1994 2482 Cle·

433 2537 612 2580 mens
644 2521 771 2579 xil.
798 2514 856 2579 ei
888 2513 1127 2596 primos
1160 2513 1460 2600 Religiosi
1489 2513 1697 2579 cultus
1738 2535 1992 2581 conces·

433 2615 863 2697 sitabonores3
896 2610 1124 2692 quibus
1153 2609 1331 2676 novis
1352 2610 1593 2676 deinde
1621 2611 1879 2696 adjectis
1910 2613 1993 2679 si·

428 2711 566 2796 gnis
594 2721 661 2776 et
691 2707 1190 2794 probationibus,
1220 2706 1658 2773 ardentissime
1686 2708 1990 2793 deprecor

434 2810 979 2875 SANGTHATEM
1007 2810 1372 2869 vsssmsu
1401 2847 1422 2877 ‚
1452 2804 1520 2868 ui
1557 2806 1743 2871 beata
1770 2805 1990 2870 Catha-

429 2906 562 2970 rina
592 2914 945 2969 sanctarum
973 2899 1294 2987 thinum
1323 2901 1625 2988 catalogo
1673 2902 1989 2969 adscriba-

425 3011 555 3077 tur,
578 3002 669 3067 sie
697 2998 985 3085 ejusdem
1017 2998 1355 3083 praeclaris
1386 3000 1629 3066 meritis
1647 3019 1989 3084 exposcen-

428 3100 616 3166 tibus.

469 3342 630 3406 1113
642 3336 1040 3401 nonnius
1062 3336 1126 3398 S·
1162 3336 1382 3415 Annali
1397 3341 1466 3400 in
1499 3339 1659 3402 Foro
1701 3340 1967 3412 Piscium

688 3439 996 3498 Diaeemu
1023 3436 1370 3497 cardinatis
1420 3439 1735 3500 Cotum.

548 3687 738 3759 Quae
770 3679 906 3745 laus
932 3698 1077 3743 esse
1107 3675 1272 3742 solet
1299 3675 1652 3744 communis
1695 3681 1989 3746 omnibus

424 3800 565 3847 cum
596 3779 843 3843 cbristo
870 3773 1295 3859 Regnantibus
1316 3817 1337 3847 ,
1364 3786 1440 3840 ut
1479 3796 1590 3839 eos
1649 3797 1731 3841 ex
1786 3796 1988 3841 massa

425 3880 786 3958 perditionis
843 3878 1066 3936 eiectos
1120 3878 1664 3949 praedestinaverit
1714 3879 1987 3940 caelestis

436 3979 622 4039 Pater
639 3976 978 4052 conformes
1004 3971 1141 4048 fieri
1167 3973 1427 4048 imayint
1455 3973 1605 4033 Filii
1626 3979 1727 4035 snt
1747 4016 1768 4047 ,
1816 3992 1986 4036 eam·

434 4073 580 4135 dem
601 4068 934 4155 praecipua
954 4067 1221 4149 quadam
1247 4087 1320 4131 ac
1349 4066 1531 4148 piane
1560 4068 1858 4151 singulari
1888 4089 1985 4135 ra·

424 4169 590 4233 tione
623 4164 938 4250 propriam
970 4183 1113 4228 esse
1142 4168 1210 4227 B.
1240 4161 1613 4229 Catbariuae
1645 4165 1723 4230 de
1754 4165 1986 4232 Ricciis

433 4285 617 4348 saepe
641 4281 889 4326 mecum
913 4258 1207 4343 cogitavi,
1233 4262 1693 4326 BEATlSSfflE
1711 4267 1987 4327 PATER.

422 4360 602 4426 lilam
633 4355 953 4446 siquidem
985 4354 1051 4418 in
1078 4360 1595 4420 benedictionibus
1654 4364 1988 4424 dulcedinis

424 4463 519 4521 ita
539 4457 863 4534 praevenit
889 4455 1209 4516 miserator
1260 4470 1334 4515 ac
1386 4459 1728 4518 misericors
1784 4460 1989 4519 Domi-

419 4575 534 4618 nus
556 4597 578 4628 ,
631 4557 701 4615 ut
753 4547 1087 4632 sanguinea
1149 4549 1617 4633 Redemptionis
1687 4551 1988 4636 Stigmata

418 4651 620 4736 ipsius
651 4648 912 4713 sinistro
935 4645 1122 4711 lateri
1147 4687 1168 4719 ,
1200 4648 1484 4711 manibus
1526 4655 1848 4731 praeterea
1904 4669 1978 4716 ac

424 4749 690 4834 pedibus
719 4741 1166 4827 insculpserit,
1196 4744 1410 4826 spinea
1441 4747 1678 4811 Corona
1711 4752 1984 4829 Sponsae

422 4866 570 4911 suae
599 4850 785 4927 capnt
814 4839 1215 4914 transfixerit,
1248 4841 1487 4906 nescias
1514 4850 1723 4907 utrum
1755 4844 1977 4929 majori

423 4942 681 5009 bonoris
708 4959 786 5004 an
818 4937 1051 5003 doloris
1079 4940 1506 5026 praerogativa
1530 4983 1551 5015 ,
1599 4947 1778 5025 tergo
1834 4963 1979 5026 pro·

425 5036 617 5102 fende
647 5033 1036 5119 impresserit
1064 5033 1327 5120 vestigia
1357 5034 1651 5101 salutaris
1708 5039 1927 5103 Crucis
1957 5081 1979 5112 ,

406 5156 572 5215 quae
603 5133 771 5214 facta
798 5135 1000 5213 ruerat
1021 5136 1411 5209 principatus
1443 5153 1625 5211 super
1667 5139 1979 5199 humerum

426 5234 839 5307 Redemptoris
858 5272 879 5301 ,
910 5245 1024 5310 per
1047 5245 1242 5291 anuos
1271 5226 1601 5293 duodecim
1638 5228 1834 5294 'boris
1891 5232 1982 5295 vi·

426 5311 754 5412 ginti⁸octo
786 5324 847 5384 in
877 5321 1298 5388 hebdomadas
1326 5309 1607 5407 singulas
1636 5326 1982 5390 cummuni-

426 5421 662 5489 cav'erit
690 5417 1127 5486 acerbissimos
1155 5438 1369 5485 sacrae
1396 5421 1714 5487 Passionis
1741 5423 1991 5488 crucia·

2101 769 2360 843 pertulit
2386 770 2452 827 in
2484 782 2734 841 comare
2755 785 2865 829 sse
2892 769 3357 843 superiiynsm,
3385 761 3658 845 denique

2102 881 2181 924 ne
2214 860 2365 942 quid
2395 860 2472 923 ad
2501 860 3031 927 absolutissimam
3054 906 3074 936 ‚
3107 882 3268 944 quae
3283 857 3502 924 baberi
3523 877 3662 938 pos·

2102 964 2198 1021 set
2221 1000 2244 1031 ,
2274 957 2560 1040 imaginis
2585 956 3038 1040 perfectionem
3068 957 3359 1027 deesset,
3387 952 3662 1019 exterio-

2101 1071 2233 1117 rem
2265 1052 2500 1117 Christi
2529 1053 2772 1118 Domini
2802 1052 3077 1137 speciem
3108 1050 3376 1133 exprimi
3436 1070 3510 1115 ac
3563 1066 3658 1113 re·

2101 1150 2482 1232 praesentari
2512 1148 2848 1234 aliquando
2875 1150 3074 1215 voluit
3098 1148 3464 1215 catharinae
3523 1142 3658 1209 vui·

2103 1254 2170 1311 tu
2191 1290 2212 1322 ,
2242 1257 2313 1312 ut
2340 1247 2868 1330 quemadmodum
2901 1242 3050 1312 olim
3081 1256 3371 1312 aeternus
3397 1240 3660 1310 Peterin

2104 1349 2342 1410 Dttecte
2377 1348 2528 1409 Filio
2561 1340 2674 1410 ita'·
2692 1345 2875 1409 simili
2932 1344 3361 1427 quadantenus
3418 1339 3660 1405 ratione

2102 1441 2169 1504 in
2200 1450 2409 1507 sancta
2438 1443 2554 1508 bae
2581 1443 2835 1528 Virgine
2865 1448 2991 1507 sibi
3026 1449 3168 1506 bene
3220 1443 3659 1518 complacuisse

2104 1547 2468 1613 testaretur-3
2499 1539 2747 1605 Remini
2779 1548 2992 1605 autem
3024 1538 3118 1604 fas
3157 1549 3253 1605 est
3310 1533 3614 1619 suspicari
3635 1574 3659 1606 9

2103 1630 2258 1717 q'niu
2285 1642 2456 1701 tante
2480 1644 2732 1720 tamque
2775 1637 3148 1722 prodigiosa
3175 1634 3455 1716 corporis
3508 1648 3660 1694 cam

2104 1731 2349 1798 Christo
2378 1733 2723 1798 similitudo
2740 1734 3019 1818 sejuncta
3047 1732 3236 1800 inerit
3264 1734 3345 1800 ab
3375 1725 3661 1797 interiori

2104 1827 2388 1914 ejusdem
2413 1830 2759 1897 imitatione
2781 1876 2802 1906 ,
2833 1851 2959 1913 qua
2985 1830 3262 1913 piissima
3292 1830 3446 1895 baec
3472 1829 3660 1911 Virgo

2103 1928 2379 1992 omnium
2409 1929 2706 1994 virtutum
2739 1930 3196 1995 exercitatione
3222 1947 3461 1991 carnem
3488 1943 3660 1989 snam

2106 2030 2492 2106 crucifixerit
2518 2038 2643 2090 tuns
2672 2031 2845 2091 vitiis
2882 2038 2942 2090 et
2995 2030 3518 2106 concupiscentiis.
3564 2031 3662 2090 Β·

2101 2139 2294 2206 quum
2326 2124 2586 2207 proinde
2611 2144 2864 2200 eoum,
2893 2112 3352 2189 nasa-issum
3382 2127 3659 2196 uren,

2101 2225 2172 2284 nt
2198 2236 2359 2302 quae
2390 2242 2525 2285 cnon
2554 2225 2785 2285 Chi-ista
2821 2236 3143 2297 cosnpassa
3167 2231 3292 2294 est,
3326 2238 3466 2282 cuns
3490 2222 3662 2282 Citri-

2102 2329 2197 2381 sto
2222 2323 2406 2383 etiam
2432 2324 2502 2381 in
2530 2318 2806 2383 Ecclesia
2829 2327 3033 2397 reynel
3063 2323 3417 2382 sanctarum
3462 2312 3664 2399 Virgi-

2104 2430 2251 2476 num
2279 2413 2574 2503 catalogo
2601 2415 2906 2500 inscripta
2922 2458 2943 2490 ‚
2970 2423 3039 2482 et
3063 2432 3225 2496 quae
3265 2411 3495 2478 christi
3549 2412 3662 2476 do-

2104 2512 2309 2578 lorum
2321 2513 2645 2597 particeps
2671 2512 2787 2578 ruit
2808 2557 2829 2589 ,
2861 2511 3245 2579 consortium
3276 2509 3534 2595 aliquod
3557 2510 3663 2576 ba-

2104 2610 2249 2676 best
2275 2610 2339 2673 in
2369 2610 2644 2704 puhlicis
2672 2611 3017 2676 bonoribus
3038 2656 3058 2686 ‚
3089 2612 3325 2696 quibus
3349 2614 3518 2674 Deus
3571 2608 3662 2672 Fi-

2101 2707 2258 2773 lium
2290 2726 2476 2771 suum
2507 2707 2794 2773 exaitans
2818 2714 3130 2788 maynissce
3161 2729 3295 2773 cnm
3345 2726 3416 2769 eo
3470 2709 3617 2787 fecit
3637 2748 3662 2779 ,

2101 2811 2691 2888 annuntiarijnbenc
2701 2824 2919 2871 nemen
2941 2812 3069 2888 ejus
3096 2810 3165 2870 in
3178 2811 3461 2869 universa
3475 2814 3656 2869 terra.

2135 3055 2620 3120 UUNDILLUS
2658 3055 2904 3116 Ursinus
2931 3055 3297 3119 Patriarcka
3329 3058 3630 3119 Constan-

2478 3155 2924 3232 tinopolitanae
2965 3153 3304 3224 Aestatem,

2222 3388 2433 3453 Habes
2476 3386 2539 3449 in
2570 3387 2752 3452 beata
2797 3385 3165 3461 catharina,
3205 3389 3669 3468 Bsssrlssmr.

2093 3489 2348 3552 PATER
2374 3527 2395 3558 ‚
2436 3484 2766 3550 Mulierem
2806 3482 3034 3548 fortem
3065 3505 3188 3548 non
3230 3482 3442 3565 procui
3472 3489 3536 3547 et
3578 3480 3659 3545 de

2094 3582 2340 3649 ultimis
2368 3579 2636 3653 tinibus,
2669 3580 2780 3647 sed
2826 3580 2889 3643 iu
2937 3579 3239 3664 proximis
3279 3578 3657 3662 Regionibns

2096 3688 2306 3745 natam
2328 3723 2348 3754 ‚
2391 3698 2556 3762 quae
2597 3678 2678 3744 ab
2704 3679 2855 3762 ipsis
2895 3698 3057 3762 pene
3097 3676 3488 3743 incunabulis
3527 3696 3657 3740 ma·

2097 3795 2244 3841 num
2296 3795 2472 3841 suam
2526 3775 2785 3840 mittens
2831 3775 2910 3841 ad
2952 3763 3660 3840 furtim-'oblectamentis

2097 3872 2389 3938 omnibus
2417 3869 2654 3936 bellum
2684 3869 2928 3945 indixit,
2958 3879 3028 3936 et
3054 3869 3546 3955 gloriosissimi
3573 3871 3654 3933 de

2096 3966 2345 4033 inferno
2368 3971 2563 4033 Hoste
2581 3967 2878 4032 victorias
2903 3967 3266 4051 reportavit.
3286 3961 3497 4032 Habes
3515 3983 3657 4047 pru·

2096 4065 2350 4130 dentem
2378 4063 2690 4149 Virginem
2711 4107 2733 4139 ,
2775 4079 2940 4145 quae
2967 4073 3222 4149 sumpto
3252 4081 3463 4128 secum
3493 4059 3660 4128 divi·

2094 4162 2158 4225 ui
2201 4159 2436 4226 amoris
2477 4160 2626 4225 oleo
2674 4158 3316 4244 praeclarissimarum
3359 4158 3656 4224 virtutum

2096 4257 2452 4342 lampadem
2524 4273 2849 4323 accensam
2921 4269 3173 4340 semper
3236 4254 3654 4341 praesetulits

2096 4373 2410 4440 quamque
2437 4354 2733 4421 Dominus
2758 4352 2821 4417 iu
2852 4354 3025 4419 omui
3054 4353 3351 4436 patientia
3372 4398 3393 4429 ‚
3424 4353 3488 4415 iu
3517 4372 3657 4437 pro·

2092 4452 2286 4518 funda
2314 4449 2691 4526 bumilitate,
2718 4450 2780 4514 iu
2811 4449 3335 4535 contemplatione
3361 4448 3653 4522 sublimi,

2095 4550 2163 4614 in
2192 4549 2621 4615 intensissima
2658 4548 2957 4614 obesitate
3003 4551 3253 4615 assidue
3294 4548 3654 4630 vigilantem

2092 4647 2364 4713 inveniti*
2394 4648 2606 4714 Habes
2644 4645 2898 4712 demum
2938 4646 3412 4713 dilectissimam
3458 4653 3652 4729 Spon-

2092 4766 2266 4820 sam,
2306 4761 2494 4834 quam
2521 4739 2797 4812 Christus
2826 4743 3218 4811 subarrhavit
3244 4744 3473 4810 annulo
3500 4763 3672 4820 σοον

2093 4843 2190 4909 cui
2219 4842 2520 4928 Stigmata
2553 4837 3028 4924 Redemptionis
3056 4840 3410 4925 impressit3
3452 4840 3519 4903 in
3546 4858 3652 4906 cu·

2089 4940 2193 5025 ius
2212 4940 2351 5004 sinu
2384 4957 2572 5022 saepe
2594 4939 2872 5004 thronum
2895 4955 3081 5004 snum
3103 4937 3337 5020 posuit,-
3369 4945 3433 5003 et
3455 4957 3649 5021 quam

2092 5033 2359 5101 revulsis
2387 5054 2426 5099 e
2454 5037 2647 5098 cruce
2678 5033 2948 5100 brachiis
2977 5034 3372 5115 amplexatus
3400 5041 3518 5098 est.
3551 5032 3651 5096 ni-

2088 5131 2448 5222 gnissimatn
2477 5140 2765 5215 proptera
2794 5150 3020 5197 censeo
3043 5174 3063 5205 ‚
3105 5152 3265 5215 quae
3295 5141 3646 5196 sanctarum

2090 5229 2287 5314 gioria
2315 5228 2727 5303 sublimant-3
2757 5236 2823 5292 ut
2851 5228 2912 5290 in
2941 5227 3079 5311 ejus
3108 5229 3367 5294 odorem
3399 5249 3648 5293 curren·

2090 5338 2187 5393 tes
2215 5337 2474 5390 aeterno
2503 5324 2654 5409 Regi
2682 5323 2985 5408 plurimae
3019 5325 3305 5408 Virgines
3334 5337 3471 5408 post
3505 5347 3644 5393 eam

2088 5423 2489 5490 adducantur.
