4442 6300
1537 486 1882 555 qumque
1925 484 2393 538 mucronum
2436 485 2602 536 nro.
3390 483 3491 534 ¹³3

439 636 594 701 stiae
640 640 1039 703 sacramento
1081 633 1497 718 praesentiam
1541 633 1999 719 impudentissi·
2113 629 2220 694 nui
2243 673 2263 699 ,
2294 628 2752 694 Constitutione
2779 627 2942 695 edita
2973 631 3230 698 statuit,
3263 636 3330 692 ut
3358 629 3542 693 sicuti
3578 635 3681 691 se·

439 756 546 801 me
574 737 866 820 negabat.

562 841 801 899 Morem
824 842 1034 898 autem
1054 834 1130 896 ad
1160 831 1313 895 haec
1339 852 1542 915 usque
1574 839 1856 912 tempora
1882 836 2002 892 tra-

438 935 735 1005 ductum,
780 933 885 1015 qui
918 953 1068 997 sane
1113 931 1439 1014 aptiorest
1473 939 1536 994 et
1583 929 1998 1000 laudabilior,

2117 728 2194 791 de
2228 726 2410 810 plena
2441 726 2616 790 unica
2660 726 3018 791 celebratur
3059 750 3137 794 eo
3167 736 3528 792 recurrente
3576 725 3683 788 die

2121 825 2445 889 processio
2488 825 2653 909 apud
2683 824 3093 899 Vaticanum,
3126 827 3210 888 ita
3256 825 3477 889 eadem
3525 825 3685 887 Sede

2116 921 2470 1006 Apostolica
2498 930 2755 987 vacante
2777 967 2796 996 ,
2830 924 2936 986 ubi
2968 923 3333 989 solemnitas
3361 921 3681 1004 praedicta

436 1041 508 1095 ut
536 1040 693 1112 Papa
727 1050 847 1093 non
877 1029 1103 1097 sedens
1131 1026 1470 1112 bajuletur,
1500 1027 1612 1093 sed
1640 1025 2003 1108 provolutus
2113 1020 2473 1104 contingat,
2517 1020 2695 1083 unica
2756 1022 2987 1103 pariter
3026 1020 3398 1104 supplicatio
3442 1019 3682 1082 ibidem

442 1130 503 1191 in
536 1148 735 1213 genua
779 1127 1156 1208 innixusque
1200 1125 1479 1191 scabello
1503 1170 1523 1199 ,
1551 1125 1649 1189 rui
1696 1126 2005 1188 Taberna·

438 1225 646 1289 culum
706 1245 957 1308 quoque
999 1244 1138 1288 cum
1185 1224 1397 1287 Hostia
1454 1230 1552 1288 est
1595 1221 2002 1305 impositum,

440 1324 581 1406 quis
611 1322 783 1406 prior
812 1320 1190 1392 instituerit,
1218 1323 1525 1386 incertum
1556 1329 1676 1386 est.
1712 1321 1773 1385 Si
1803 1325 2006 1383 Mutu-

433 1419 500 1483 lo
543 1420 690 1483 testi
737 1419 898 1484 tides
952 1418 1151 1483 danda
1213 1425 1424 1493 esset;
1470 1417 1826 1501 Alexandro
1871 1422 2001 1480 Vn.

438 1524 756 1600 oporteret
785 1518 845 1580 id
877 1517 1097 1588 tribui,
1116 1518 1219 1600 qui
1253 1517 1486 1598 duplex
1505 1517 1810 1581 numisma
1838 1514 2032 1585 cudit,

434 1625 801 1700 argenteum
831 1634 1224 1698 aureumque
1246 1656 1267 1686 ,
1296 1615 1360 1675 in
1389 1615 1621 1696 quibus
1649 1621 2009 1679 Sacramen-

433 1720 565 1776 tum
585 1712 921 1777 exhibetur
938 1713 1019 1775 ab
1046 1712 1189 1795 ipso
1215 1711 1518 1776 Pontitire
1539 1710 1652 1775 tali
1684 1710 1871 1773 modo
1902 1709 2009 1770 do·-

433 1808 632 1874 lctum
675 1830 820 1875 cum
862 1809 1195 1873 lemmatez
1249 1813 1673 1880 Prae-idemus,
1703 1820 1760 1872 st
1802 1814 2010 1872 adore·

432 1929 569 1972 mus
598 1915 664 1971 in
689 1912 906 1985 spiritu
932 1919 988 1969 et
1017 1912 1300 1970 veritate.
1332 1915 1562 1969 Verum
1596 1908 1648 1972 si
1680 1905 2011 1990 diligenter

435 2004 865 2083 expendantur
913 2003 1193 2068 encomia
1218 2046 1239 2073 ,
1287 2005 1529 2085 quihus
1590 2004 1840 2065 Paulum
1905 2009 2004 2065 tv,

434 2101 643 2167 laudat
676 2100 981 2164 oldoinus
1019 2101 1080 2161 in
1125 2100 1252 2165 suis
1278 2103 1449 2165 Notis
1479 2102 1554 2163 ad
1587 2101 2005 2167 Ciam-onium,

433 2200 577 2265 huic
597 2199 877 2263 Pontifici
903 2216 1040 2261 mos
1058 2199 1162 2263 bic
1191 2200 1636 2264 adscribendus
1663 2199 2005 2270 videbitur3

436 2300 522 2363 ait
557 2298 725 2362 enim
751 2308 1142 2361 memoratus
1173 2298 1456 2382 scriptor
1478 2330 1501 2354 ·
1539 2304 1674 2373 Quo
1697 2297 1800 2362 die
1830 2303 2007 2361 Sacra

435 2395 822 2460 Eucharistin
855 2396 1289 2467 celebrantur,
1322 2417 1396 2460 ac
1420 2394 2008 2476 publica—supplica-

433 2495 602 2558 tione
645 2493 1010 2558 defertur—a
1067 2503 1348 2558 Romano
1389 2492 1689 2558 Pontifice
1731 2493 2005 2565 velatum

433 2596 720 2666 Numen,
761 2600 834 2658 ut
873 2591 1231 2656 Vaticanum
1276 2592 1466 2657 etiam
1512 2592 1853 2675 Regionem
1901 2597 2010 2654 Ur-

439 2690 712 2771 hemque
740 2689 1100 2762 Leoninam,
1131 2710 1253 2770 qua
1284 2709 1511 2772 pompa
1541 2688 2005 2759 circumfertur,

434 2806 780 2870 oppansum
812 2787 936 2852 late
965 2788 1173 2850 velum
1206 2788 1642 2858 inumbraret,
1671 2804 1750 2849 ne
1780 2788 2008 2851 instru-

435 2894 605 2949 ctum
632 2905 851 2969 agmen
881 2885 1163 2948 laederet
1186 2884 1344 2949 solis
1366 2884 1577 2957 ardor,
1606 2890 1823 2949 auctor
1847 2884 2008 2965 ipse·

437 2990 571 3046 met
597 2980 739 3053 fuit,
770 2980 1129 3064 primusque
1160 2985 1276 3063 qui.
1296 2984 1379 3045 ob
1403 2981 1686 3047 detectas
1715 2982 1891 3046 senio
1918 2982 2006 3042 vi-

436 3098 564 3151 res,
597 3090 728 3143 tum
762 3080 842 3144 ad
871 3082 1218 3164 augendam
1249 3079 1536 3168 Hysterii
1566 3078 1959 3165 majestatem
1982 3122 2003 3151 ,

438 3179 670 3258 gestari
718 3199 860 3248 cum
910 3198 981 3243 ea
1018 3185 1217 3264 Fruge
1263 3179 1417 3242 sella
1447 3177 1685 3243 voluit:
1720 3178 1893 3252 Quod
1939 3187 2006 3242 ct

436 3283 903 3357 consequentes
931 3274 1220 3358 plerique
1245 3277 1644 3357 postmodum
1676 3275 2008 3340 Pontifices

436 3369 670 3436 fecere.
702 3373 794 3436 Ad
822 3373 1014 3436 divini
1045 3373 1252 3438 cultus
1281 3374 1653 3458 elegantiam
1684 3373 2006 3457 lampades

435 3469 630 3534 etiam
672 3470 1080 3554 excogitavit,
1112 3491 1275 3554 quae
1304 3492 1446 3536 cera
1468 3515 1489 3546 ‚
1523 3491 1644 3537 non
1677 3471 1823 3536 oleo
1863 3492 2010 3537 con·

436 3567 865 3638 cinnareutur,
899 3587 1132 3651 esusque
1178 3570 1397 3634 arder‘e
1443 3570 1506 3631 in
1541 3570 1863 3634 Pontificio
1908 3577 2008 3634 Sa-

437 3664 603 3729 cello
646 3665 843 3729 voluit
884 3692 907 3721 ο
943 3711 957 3726 .
1007 3674 1228 3731 Munus
1271 3667 1415 3730 illas
1445 3667 1695 3748 parandi
1740 3668 2010 3749 pertinet

439 3763 631 3828 modo
663 3763 742 3826 ad
773 3763 1054 3828 Clericos
1082 3765 1370 3848 ejusdem
1409 3765 1659 3836 sacelli,
1689 3767 1796 3846 qui
1829 3766 2013 3831 vicis·

438 3857 560 3922 sim
592 3858 857 3942 singulis
886 3860 1208 3925 mensibus
1238 3861 1339 3924 die
1371 3869 1682 3943 noctuque
1710 3862 1878 3944 ipsas
1907 3882 2014 3926 an-

432 3962 500 4022 te
529 3963 993 4022 Sacramentum
1029 3958 1118 4022 ibi
1146 3959 1526 4023 custoditum
1555 3960 1894 4025 incendere
1921 3974 2012 4026 tc-

441 4063 671 4120 nentur
699 4064 763 4119 et
792 4075 1083 4120 accensas
1112 4077 1383 4120 serrare.

568 4154 1006 4217 sanctissimus
1048 4154 1240 4217 etiam
1270 4154 1573 4218 Dominus
1614 4158 1840 4218 Noster
1881 4159 2009 4217 BE-

437 4252 814 4315 NEDICTUS
836 4257 989 4314 xlv,
1007 4270 1155 4314 cura
1183 4250 1478 4315 et·studio
1503 4250 1638 4332 pari
1675 4249 1839 4315 inter
1857 4272 2011 4332 qno·

439 4344 747 4421 tidianas‚
777 4347 1008 4428 quihus
1049 4346 1388 4412 distinetur
1411 4390 1432 4421 ,
1464 4347 1744 4411 omnium
1795 4350 2011 4415 Eccle-

439 4442 670 4506 siarum
703 4442 1166 4508 sollicitudines
1209 4444 1532 4525 praeclare
1566 4446 1886 4525 providit,
1929 4467 2010 4513 ne

439 4539 907 4621 supplicationis
937 4541 1124 4625 hujus
1151 4562 1186 4604 a
1215 4543 1815 4622 praedecessoribus
1857 4551 2012 4610 Pon-

439 4636 715 4704 tificibus
756 4644 884 4702 tam
942 4649 1122 4703 anneta
1165 4639 1506 4703 celebritas
1544 4639 1679 4704 ullo
1722 4662 2009 4724 umquam

443 4756 593 4801 casu
622 4747 731 4799 aut
758 4747 1040 4818 tempore
1071 4736 1483 4801 minueretur.
1527 4742 1680 4801 Cum
1712 4740 1876 4804 enim
1922 4744 2014 4803 in-

440 4833 833 4906 tellexisset,
866 4836 1224 4917 Apostolica
1274 4837 1436 4900 Sede
1463 4846 1724 4902 vacante
1753 4838 2009 4903 Clerum

437 4941 779 5015 utrumque
834 4933 913 4997 ad
974 4933 1493 5016 supplicationem
1551 4933 1901 5000 habendam
1945 4940 2008 5001 in

445 5028 603 5094 duas
644 5039 858 5112 partes
900 5030 1132 5101 dividi,
1177 5028 1228 5094 si
1275 5031 1432 5095 dies·
1460 5039 1678 5097 Festus
1721 5037 2011 5117 Corporis

443 5125 668 5190 Christi
713 5127 775 5188 in
807 5127 867 5191 id
915 5136 1161 5207 tempus
1195 5128 1549 5200 incideret,
1594 5150 1862 5210 quarum
1890 5153 2010 5196 una

440 5231 914 5289 Lateranensem
947 5226 1276 5289 Basilicam
1307 5235 1594 5308 peteretu-
1623 5226 1818 5291 ultera
1849 5231 2014 5295 Vati·

442 5341 659 5388 canam
685 5348 706 5395 ς
735 5323 822 5387 ita
848 5323 1181 5387 imminuto
1211 5323 1393 5388 Cleri
1425 5346 1686 5391 nurnero
1708 5371 1729 5399 ,
1775 5330 2013 5412 suppli·

442 5419 707 5484 cationis
736 5439 984 5503 quoque
1015 5422 1345 5505 utriusque
1381 5423 1773 5510 majestatem
1810 5426 2009 5490 immi-

652 5546 863 5587 estse.
905 5549 1018 5588 xiv.
1059 5548 1204 5586 ron.
1249 5537 1368 5588 vn.

2116 1117 2438 1184 habeatur.
2472 1123 2562 1181 En
2592 1119 2910 1185 Pontificia
2939 1120 3204 1223 Sanctio.

2439 1319 2918 1381 BENEDICTIJS
2964 1320 3375 1379 EPISCOPUS

2540 1527 2770 1575 sunus
2796 1527 3131 1575 senonum
3164 1528 3274 1575 nm

2416 1707 2500 1769 Aa
2523 1720 2880 1784 perpetuum
2908 1712 2999 1770 rei
3021 1714 3388 1773 moriam.
3438 1688 3445 1695 ’

2247 1908 2325 1966 Pa
2334 1899 2578 1971 stornlis
2598 1900 3045 1968 sollicitudinis
3060 1901 3364 1975 osticium,
3382 1912 3679 1985 qnantum

2121 1998 2316 2064 Nobis
2343 2016 2422 2062 ex
2451 2000 2578 2063 alto
2604 2001 3010 2083 conceditur,
3042 2001 3209 2064 omni
3241 2019 3321 2064 ex
3364 2009 3543 2083 parte
3576 2000 3690 2060 im-

2118 2095 2293 2177 plere
2338 2105 2734 2181 satagentes,
2781 2118 2904 2160 nou
2949 2098 3151 2164 solum
3199 2118 3317 2171 ea,
3362 2119 3521 2180 quae
3565 2100 3686 2162 sub

2121 2194 2324 2260 oculis
2368 2196 2601 2260 nostris
2642 2204 2979 2280 geruntur,
3024 2197 3390 2277 opportunis
3432 2194 3686 2280 legibus

2120 2298 2262 2375 apte
2307 2293 2598 2358 ordinare
2629 2302 2816 2375 atque
2862 2293 3142 2379 dirigere
3173 2295 3535 2370 studemusg
3578 2317 3686 2360 ve·

2119 2411 2262 2455 rum.
2288 2390 2476 2455 etiam
2522 2390 2950 2475 providentiae
2977 2399 3226 2456 nostrae
3269 2392 3561 2459 intuitum
3608 2396 3685 2458 ad

2121 2510 2194 2553 ca
2213 2470 2546 2555 intendere
2567 2508 2687 2553 non
2716 2489 3085 2560 omittimus,
3115 2509 3274 2572 quae
3307 2498 3447 2572 post
3467 2492 3652 2573 exple
3678 2528 3683 2535 -

2115 2594 2250 2650 tum
2281 2609 2314 2651 a
2342 2586 2538 2651 Nobis
2561 2586 2822 2669 hujusce
2855 2585 3140 2650 mortalis
3169 2588 3336 2652 ritae
3379 2606 3628 2652 cursum
3662 2635 3681 2661 ,

2119 2685 2224 2748 uhi
2257 2684 2673 2766 omnipotenti
2702 2690 2832 2748 Deo
2876 2685 2981 2765 qui
3010 2686 3363 2751 numeravit
3397 2686 3534 2750 dies
3580 2708 3687 2748 no-

2117 2792 2321 2856 stros,
2367 2784 2449 2847 ita
2479 2782 2823 2864 placuerit,
2854 2791 2960 2846 aut
2990 2781 3123 2846 fieri
3172 2785 3540 2848 necessario
3584 2785 3692 2848 de·

2118 2882 2275 2944 here
2295 2923 2315 2951 ,
2347 2889 2450 2944 aut
2479 2880 2729 2944 evenire
2760 2900 2944 2961 posse
2974 2879 3411 2961 prospicimus.

2244 2984 2400 3042 Sane
2431 2999 2507 3041 ex
2539 2998 2662 3060 quo
2688 2978 2750 3039 in
2766 2979 2882 3041 hac
2914 2985 3186 3041 Romana
3218 2979 3383 3042 Urbe
3412 2998 3444 3038 a
3492 2980 3693 3061 prima

2114 3075 2249 3141 t‘ere
2270 3084 2475 3140 aetate
2499 3076 2765 3139 diversis
2793 3076 2856 3136 in
2879 3075 3177 3160 gradihus
3196 3078 3561 3141 commorati
3587 3099 3691 3142 su-

2116 3196 2255 3238 mus
2275 3221 2292 3247 ,
2325 3175 2757 3247 meminimus,
2789 3194 2908 3239 non
2934 3175 3171 3245 semel,
3201 3176 3310 3239 sed
3342 3163 3570 3240 iterum
3618 3197 3692 3242 ac

2119 3275 2305 3338 tertio
2325 3274 2456 3357 jam
2490 3272 2828 3356 contigisse
2850 3315 2871 3340 0
2901 3279 2972 3336 ut
3000 3280 3257 3337 vacante
3293 3292 3409 3355 per
3454 3274 3697 3339 obitum

2121 3370 2384 3435 Romani
2409 3368 2726 3434 pontificis
2755 3369 3109 3450 Apostolica
3140 3371 3301 3434 Sede
3330 3369 3696 3437 solemnitas

2120 3468 2412 3548 Corporis
2456 3467 2677 3531 Christi
2726 3475 3114 3539 recurreret,
3148 3469 3211 3530 in
3257 3489 3377 3549 qua
3403 3511 3423 3535 ,
3468 3487 3547 3533 ex
3592 3470 3692 3549 pin

2118 3567 2346 3630 Urbani
2389 3572 2592 3646 Papae
2649 3571 2746 3627 tv.
2793 3566 3300 3630 praedecessoris
3353 3568 3560 3630 Nostri
3599 3568 3688 3629 in·

2123 3662 2446 3727 stitutione
2478 3682 2550 3725 ac
2581 3661 2724 3745 lege
2745 3705 2765 3734 ‚
2795 3668 2861 3728 et
2888 3659 3210 3727 fructuosa
3238 3663 3559 3728 universae
3589 3685 3693 3731 ca·

2122 3759 2391 3825 tholicae
2422 3758 2739 3824 Ecclesiae
2770 3761 3222 3824 consuetudine
3247 3803 3266 3831 ,
3299 3770 3439 3842 post
3472 3773 3694 3829 exacta

2125 3856 2438 3928 Paschatis
2470 3864 2536 3921 et
2565 3864 2968 3921 Pentecostes
3000 3857 3307 3921 solemnia
3332 3902 3352 3929 ,
3382 3858 3698 3926 vivificum

2123 3955 2551 4023 Eucharistiae
2611 3961 3073 4019 Sacramentum
3097 3997 3117 4025 ,
3175 3957 3532 4022 continuata
3575 3979 3693 4040 per

2123 4056 2367 4120 dierum
2401 4059 2682 4118 octavam
2726 4052 3100 4116 celebritate
3140 4061 3208 4116 et
3239 4054 3509 4135 publicis
3552 4075 3698 4138 sup-

2119 4153 2566 4237 plicationibus
2621 4171 2655 4215 a
2725 4149 3253 4215 Christifidelibus
3318 4153 3685 4235 percolitur.

2122 4257 2402 4333 Cumque
2430 4245 2786 4331 hujusmodi
2810 4246 3372 4329 supplicationibus
3397 4249 3527 4314 sive
3544 4256 3692 4316 Pro-

2117 4347 2554 4418 cessionihus,
2598 4345 2841 4409 vivente
2875 4354 3148 4409 Romano
3191 4346 3528 4421 Pontifice,
3573 4349 3687 4412 ini·

2117 4448 2274 4510 tium
2321 4445 2427 4508 det
2454 4443 2629 4525 prior
2651 4440 2758 4504 illa
2803 4451 2869 4506 et
2903 4441 3248 4506 solemnior
3277 4444 3649 4527 supplicatio
3671 4490 3691 4519 ‚

2122 4561 2285 4627 quae
2315 4541 2622 4625 incipiens
2650 4542 2728 4603 ab
2769 4539 2907 4622 ipso
2935 4539 3391 4605 pontificiarum
3433 4544 3683 4608 AEdium

2119 4641 2402 4706 Vaticani
2426 4639 2697 4712 sacello,
2725 4638 3175 4721 praeeuntibus
3206 4649 3268 4703 et
3302 4641 3688 4724 subsequen-

2121 4740 2291 4804 tibus
2318 4737 2611 4802 omnibus
2639 4744 2765 4800 tam
2794 4735 3119 4807 secularis,
3151 4757 3334 4819 quam
3366 4738 3694 4822 Regularis

2123 4836 2328 4906 Cleri,
2360 4843 2800 4914 Romanaeque
2830 4833 3049 4896 Curiae
3082 4840 3147 4897 et
3175 4833 3545 4898 Pontifici‘ae
3576 4841 3698 4899 Au·

2118 4934 2219 4998 lae
2253 4930 2618 4999 officialium
2652 4930 3028 5002 Ordinibus,
3072 4952 3186 5013 per
3211 4952 3553 5013 congruum
3595 4934 3685 4995 vi·

2122 5049 2299 5094 arum
2334 5030 2639 5094 ambitum
2669 5072 2688 5100 ,
2717 5029 2795 5090 ad
2829 5027 3153 5092 Basilicam
3186 5029 3484 5111 Principis
3526 5035 3688 5113 Apo·

2124 5127 2433 5193 stolorum
2463 5127 2767 5210 procedit,
2794 5125 3008 5207 ibique
3035 5126 3442 5203 terminatur3
3472 5148 3689 5193 vacan-

2121 5235 2183 5291 te
2205 5271 2226 5299 ,
2256 5233 2324 5291 nt
2350 5224 2802 5308 praediximus,
2855 5223 3212 5305 Apostolica
3245 5226 3427 5296 Sede,
3475 5227 3693 5293 Nobis·

2120 5346 2245 5407 que
2275 5330 2416 5408 post
2466 5330 2732 5386 mortem
2781 5321 2970 5385 recol.
3005 5341 3189 5385 mern.
3238 5324 3680 5389 praedecesso.

2125 5443 2263 5487 rum
2295 5428 2647 5488 nostrorum
2669 5418 2993 5484 Benedicti
3023 5426 3227 5503 Papae
3250 5425 3438 5493 xm„
3458 5432 3517 5487 et
3553 5424 3692 5489 Cle-

3294 5538 3409 5592 ¹9.
