4442 6300
1534 518 1897 589 qumque·
1922 518 2392 579 smeronmt
2433 525 2599 579 mc.

548 660 1017 729 almoricus
1038 663 1474 731 ANromvs
1507 671 1773 731 Vatum
1792 712 1814 742 ‚
1842 671 1989 731 oli-t

636 768 935 827 Cremona
965 766 1312 842 Episcopus
1344 767 1894 843 Homopoltmm

1103 863 1428 926 Assistens.

603 1063 776 1120 Inter
800 1054 1187 1138 populorum
1217 1057 1536 1140 Principes
1556 1102 1576 1131 ‚
1610 1058 1719 1142 qui
1754 1057 1817 1122 in
1845 1058 2052 1125 Caelis

476 1144 1014 1238 congregati‘sunt
1042 1175 1184 1219 cum
1218 1160 1351 1220 Deo
1398 1157 1761 1233 Abraham,
1812 1158 2051 1224 referre

477 1253 706 1316 merito
737 1257 944 1334 potest
974 1255 1388 1317 SANCTITAS
1412 1260 1706 1319 VESTRA
1734 1257 2051 1324 consuetis

478 1352 658 1416 Sedis
687 1349 1084 1434 Apostolicae
1100 1352 1479 1416 caet-emonii
1490 1373 1519 1415 s
1539 1353 1790 1417 beatum
1820 1357 2049 1437 Josepb

476 1448 872 1522 ahennissa,
900 1448 969 1510 in
997 1469 1122 1532 quo
1148 1448 1460 1532 profugus
1490 1450 1604 1516 ille
1627 1450 1836 1536 justus
1878 1453 2050 1519 clare

476 1556 763 1632 apparet,
793 1566 983 1628 quem
1017 1546 1279 1610 deduxit
1310 1548 1621 1631 Sapientia
1652 1570 1769 1633 per
1791 1550 1931 1616 vias
1948 1568 2046 1616 re-

476 1651 650 1715 ctas.
684 1643 885 1709 donec
917 1643 1096 1708 daret
1132 1642 1227 1706 illi
1282 1643 1639 1711 claritatem
1701 1654 2047 1714 aeternam.-

478 1740 784 1825 Prot’ugus
815 1761 849 1804 a
883 1740 1100 1806 seculo
1132 1742 1359 1805 beatus
1386 1744 1622 1825 Ioseph
1669 1764 1738 1810 se
1796 1747 2049 1831 recepit

478 1838 543 1901 in
571 1848 794 1903 Arcem
830 1837 1170 1931 Religionis
1199 1846 1452 1904 Patrnm
1512 1841 2001 1922 Capuccinorum
2023 1885 2046 1919 ‚

473 1935 539 1998 in
569 1956 690 2018 qua
714 1945 851 2000 tota
883 1934 1007 1998 vita
1026 1935 1366 1999 ambulavit
1389 1935 1526 2000 vias
1542 1945 1751 2017 rectas
1769 1938 2041 2004 omnium

474 2032 796 2097 virtutum.
833 2034 923 2094 Ab
956 2030 1131 2096 Italia
1190 2034 1450 2099 deduxit
1488 2028 1665 2105 illum
1726 2037 2044 2122 Sapientia

476 2130 1073 2213 Constantinopolim
1095 2177 1118 2206 ‚
1149 2130 1368 2213 ibique
1401 2134 1535 2198 viss
1564 2145 1767 2200 rectas
1800 2145 1865 2199 et
1914 2154 2044 2199 ma·

475 2229 649 2293 xime
682 2227 983 2293 difficiles
1014 2228 1209 2292 tenuit
1257 2229 1425 2293 Fidei
1485 2231 1892 2309 christianae,
1952 2234 2042 2299 fe-

475 2327 814 2408 rendo'pro
842 2327 1089 2391 Christo
1121 2325 1378 2391 crudele
1408 2330 1771 2413 martyrium
1796 2374 1818 2403 ,
1878 2331 2041 2415 pede

479 2443 794 2515 manuque
819 2424 1363 2508 dexterisintegro
1389 2424 1622 2499 triduo,
1650 2424 1861 2493 terreo
1881 2448 2046 2494 unco

478 2542 516 2586 e
547 2520 805 2586 sublimi
838 2541 1203 2605 suspensus,
1236 2522 1527 2606 ignisque
1559 2525 1867 2607 suppositi
1894 2527 2044 2592 den-

480 2638 552 2684 se
581 2618 757 2683 fumo
788 2619 1208 2683 suffocandus.
1233 2625 1363 2702 ope
1396 2618 1612 2711 Angeli
1635 2619 1807 2687 liber
1833 2644 1869 2688 a
1889 2632 2044 2688 Tur-

473 2716 566 2781 eis
586 2759 606 2788 ‚
636 2718 700 2779 et
731 2714 797 2778 in
829 2714 1071 2781 ltaliam
1105 2718 1304 2781 redux
1334 2719 1604 2783 cucurrit
1635 2720 1769 2785 vias
1826 2741 2043 2788 omnes

472 2813 792 2879 charitatis
821 2815 885 2876 in
917 2811 1087 2879 fame
1114 2821 1181 2878 et
1210 2814 1358 2889 siti,
1387 2815 1450 2878 in
1481 2816 1828 2882 itineribus
1855 2826 1923 2883 et
1956 2817 2047 2884 la·

473 2906 777 2983 boribus,
811 2911 877 2973 in
907 2909 1144 2995 frigore
1172 2919 1234 2976 et
1264 2913 1584 2986 nuditate,
1644 2914 1920 3000 flagellis
1976 2924 2044 2983 et

476 3007 913 3080 contumeliis,
943 3006 1142 3071 lorica
1177 3005 1380 3073 ferrea
1436 3010 1739 3075 continuo
1765 3012 2044 3096 praeciu-

475 3111 657 3177 ctus,
687 3112 758 3168 ut
782 3102 1096 3168 Christum
1131 3103 1457 3169 Dominum
1511 3105 1893 3173 clarificaret
1942 3130 2043 3175 su·

474 3220 592 3285 per
620 3207 880 3264 terram
913 3202 1219 3267 Ostendat
1248 3219 1409 3266 nuuc
1438 3222 1591 3287 ergo
1631 3203 1811 3268 illum
1867 3207 2044 3273 Vica-

472 3298 603 3361 rius
631 3297 906 3361 Christi
888 3318 951 3360 m
980 3298 1241 3364 civitate
1274 3307 1486 3366 sancta
1509 3301 1907 3368 Hierusalem
1936 3303 2041 3370 ba-

475 3394 733 3459 bentcm
752 3394 1113 3461 claritatem
1147 3393 1280 3462 Dei.

518 3592 967 3657 FABRICIUS
990 3595 1221 3752 Βοιῖἰιι
1253 3591 1605 3671 Episcopus
1642 3595 1996 3662 Ferentinae

1137 3695 1408 3754 ssr'stens.

594 3882 1054 3945 nnsrtssmss
1083 3887 1359 3949 PATER.
1390 3883 1455 3947 si
1479 3883 1544 3946 in
1578 3885 1773 3951 rebus
1816 3886 2034 3957 arduis

472 3982 732 4039 conatus
756 3976 894 4056 ipse
922 3985 987 4040 et
1013 3977 1281 4060 prompti
1312 3978 1497 4044 animi
1529 3981 1898 4064 obsequium
1916 4003 2033 4069 pro

468 4071 637 4137 facto
664 4078 805 4146 est,
837 4074 1369 4155 quemadmodum
1423 4075 1768 4143 Abrabami
1823 4101 2034 4148 exem-

469 4170 578 4253 plo
605 4171 902 4235 divinitus
932 4180 1251 4237 ostensum
1286 4172 1608 4251 novimus;
1639 4176 1935 4260 profecto
1962 4185 2032 4246 Β.

470 4269 780 4351 loscpbus
809 4289 844 4334 a
873 4258 1166 4334 Leonissa
1197 4270 1303 4352 qui
1339 4268 1565 4336 christi
1598 4272 1788 4339 fidem
1818 4297 2030 4343 coram

468 4365 748 4449 Regibus
775 4372 841 4431 et
869 4366 1174 4450 Tyrannio
1203 4367 1565 4449 praedicare
1599 4370 1664 4432 in
1698 4373 1908 4439 animo
1929 4373 2035 4442 ba-

472 4461 610 4527 buit
634 4505 655 4536 ,
685 4481 758 4527 ac
789 4463 1156 4545 trophaeum
1187 4465 1400 4529 Crucis
1430 4466 1654 4532 Christi
1691 4472 2034 4536 Constanti-

470 4559 850 4643 nopolitanis
879 4557 1489 4643 Arcibusimpavida
1534 4564 1745 4632 intulit
1801 4587 1983 4634 manu
2005 4616 2026 4646 ‚

471 4668 660 4742 atque
691 4680 763 4723 ea
795 4659 874 4724 de
895 4680 1085 4724 causa
1108 4679 1189 4722 ex
1216 4679 1377 4725 unco
1398 4650 1605 4727 ferreo
1626 4684 1738 4747 per
1756 4666 2029 4733 triduum

474 4756 1115 4838 suspensus-immane
1172 4759 1476 4823 tormenti
1538 4780 1732 4844 genus
1786 4756 2033 4831 fortiter

473 4852 893 4933 alacriterque
923 4851 1259 4927 sustinuit3
1317 4857 1597 4940 martyrii
1659 4857 1850 4925 decus
1905 4880 2033 4927 non

473 4957 603 5014 tam
621 4948 929 5020 amisisse.
958 4970 1140 5031 quam
1173 4970 1337 5015 noro
1365 4972 1575 5017 rerum
1607 4954 1833 5021 deinde
1860 4978 2036 5040 prae·

473 5046 641 5111 ciere
670 5055 987 5131 gestarum
1019 5047 1248 5112 decore
1277 5051 1636 5118 cumulasse
1682 5057 2036 5123 censendus

471 5151 589 5207 est.
622 5149 919 5207 Servatus
944 5144 1119 5208 enim
1154 5143 1452 5212 divinitus
1481 5146 1641 5220 tuit,
1668 5160 1739 5214 nt
1766 5150 2033 5235 asperri-

471 5259 576 5303 mo
602 5238 775 5304 vitae
802 5258 1030 5323 genere
1060 5239 1597 5309 mortificationem
1632 5252 1821 5323 Iesu,
1850 5247 2034 5333 cnjus

471 5355 684 5402 mores
711 5336 1071 5418 exprimere
1092 5347 1150 5401 et
1185 5337 1447 5421 gtortam
1468 5361 1819 5428 propagare
1846 5346 2034 5414 vehe-

478 5439 730 5500 mentes
755 5432 1032 5508 studuit,
1064 5451 1313 5517 semper
1337 5434 1399 5498 in
1426 5456 1692 5520 corpore
1742 5462 1859 5506 sue
1914 5440 2035 5507 cir·-

2163 666 2544 744 cumton-rot,
2573 678 2637 736 et
2665 668 3054 759 admartyrii
3079 670 3360 756 palmam
3421 671 3730 756 Apostoli*

2155 785 2268 830 cos
2301 765 2558 831 labores
2612 767 2839 851 adjung
2846 777 3028 843 eret,
3081 770 3231 835 dum
3290 770 3721 852 proximorum

2167 861 2392 928 salutis
2417 864 2628 929 studio
2651 865 2917 948 flagrans
2944 866 3171 951 oppida
3200 874 3266 931 et
3296 866 3529 943 villas,
3594 866 3733 930 ubi·

2164 981 2290 1045 que
2349 961 2650 1026 virtutum
2705 961 2968 1046 vestigia
3021 962 3427 1046 relinquens,
3484 961 3725 1045 ubique

2163 1077 2435 1125 messem
2464 1059 2810 1123 animarum
2837 1059 3138 1143 colligens
3176 1060 3492 1125 circumcu
3505 1067 3722 1123 rsaret.

2161 1157 2463 1229 Quocirca
2484 1201 2503 1230 ,
2536 1161 2997 1222 BEATtsSmE
3027 1164 3301 1232 PATER,
3335 1167 3462 1222 tam
3496 1155 3729 1225 eximia

2160 1259 2232 1317 B.
2264 1254 2518 1335 Josephi
2547 1255 2751 1319 virtus
2782 1255 2931 1318 satis
2960 1275 2994 1318 a
3025 1262 3155 1320 Deo
3188 1255 3508 1321 miraculis
3557 1275 3726 1319 com·

2167 1350 2432 1433 probata
2458 1351 2689 1415 merito
2718 1351 2994 1433 exposcit
3025 1358 3384 1416 Sanctorum
3419 1352 3723 1426 bonores,

2159 1465 2242 1510 ex
2271 1446 2505 1529 quibus
2533 1445 2986 1513 christifideles
3039 1447 3117 1511 ad
3178 1448 3603 1513 imitationem
3659 1456 3729 1513 et

2159 1542 2611 1610 invocationem
2641 1545 2780 1628 ejus
2807 1544 3285 1615 inflammentur.

2164 1702 2686 1804 mppomws
2712 1759 2742 1803 a
2779 1736 2998 1804 auom
3025 1743 3236 1805 same
3264 1744 3535 1806 seeum
3580 1746 3727 1822 Ερε-

2385 1856 2610 1917 scopus
2636 1841 3108 1918 senogalliensis
3140 1841 3461 1903 Assistsns.

2282 2028 2461 2095 Alter
2485 2029 2607 2095 iste
2637 2030 2953 2113 seraphici
2982 2031 3371 2099 Patriarcbae
3400 2031 3712 2099 Francisci

2153 2123 2326 2192 tilius
2355 2129 2578 2193 beatus
2608 2129 2839 2208 loseph
2863 2149 2897 2192 a
2926 2130 3218 2194 Leonisss
3243 2131 3553 2203 ‚duobus
3570 2128 3718 2196 aliis

2153 2242 2270 2308 per
2297 2230 2842 2294 smert‘raren
2889 2232 3255 2292 vestam
3308 2227 3399 2291 uti
3462 2227 3726 2294 confidi-

2152 2336 2295 2387 mus
2316 2366 2338 2394 ‚
2368 2323 2446 2386 ad
2474 2321 2770 2389 altiorem
2797 2320 3039 2388 cultum
3071 2324 3488 2406 provehendis
3537 2327 3728 2390 beato

2155 2418 2356 2483 Fideli
2386 2441 2422 2485 a
2451 2417 2844 2504 Signiaringa
2872 2465 2892 2494 ,
2916 2429 2982 2485 st
3015 2420 3201 2485 beato
3227 2428 3413 2489 Petro
3463 2420 3724 2508 Regala·

2154 2523 2226 2587 to
2255 2536 2597 2602 congruum
2627 2517 2880 2600 quidem
2911 2525 3009 2583 est
3040 2518 3363 2583 associari.
3391 2523 3528 2584 Nou
3577 2520 3722 2602 ipse

2155 2617 2459 2703 martyrio
2479 2658 2502 2689 ‚
2532 2636 2740 2698 neque
2765 2616 3136 2702 martyrium
3170 2618 3291 2699 ipsi
3322 2616 3553 2693 defuiu
3574 2637 3720 2683 cum

2151 2707 2366 2795 primo
2395 2731 2517 2778 uon
2550 2711 2826 2777 studium
2858 2712 3165 2777 orationis
3185 2756 3205 2785 ,
3232 2732 3357 2777 nou
3401 2713 3496 2780 vis
3548 2734 3720 2779 com-

2155 2811 2403 2894 passiva
2433 2809 2726 2875 dolorum
2757 2830 2831 2876 ac
2859 2810 3186 2874 vulnerum
3219 2809 3442 2875 Christi
3509 2811 3719 2877 Domi-

2153 2909 2258 2983 ni;
2285 2929 2425 2975 cum
2455 2907 2736 2973 seeundo
2757 2927 2885 2975 non
2905 2905 3290 2970 humilitatis
3332 2914 3396 2972 et
3457 2927 3720 2990 pauper·

2151 3007 2300 3077 tatis
2329 3025 2547 3078 amor,
2581 3024 2706 3069 nou
2736 3004 3033 3087 patientia
3056 3006 3118 3067 in
3146 3004 3453 3079 adversis,
3478 3024 3598 3073 non
3616 3027 3718 3071 ze·

2158 3103 2257 3169 lus
2288 3102 2708 3172 sacerdotalis
2732 3122 2842 3185 pro
2873 3102 3062 3168 domo
3089 3102 3202 3167 Dei
3221 3147 3242 3176 .,
3265 3122 3391 3168 nou
3419 3104 3618 3170 effusa
3649 3110 3716 3170 et

2151 3200 2429 3288 perfecta
2459 3201 2768 3275 charitas3
2799 3219 2921 3265 non
2953 3202 3203 3265 demum
3235 3208 3382 3265 ante
3442 3209 3509 3265 et
3566 3210 3709 3285 post

2149 3304 2417 3364 mortem
2447 3297 2898 3364 miraculorum
2929 3298 3304 3381 praestantia
3345 3318 3486 3362 cum
3541 3305 3720 3378 utroq

2161 3417 2306 3481 que.
2339 3396 2498 3472 Quid
2525 3390 2691 3461 ultra
2711 3397 2745 3459 ’ἒ
2770 3414 3000 3460 nomen
3030 3395 3124 3458 illi
3168 3395 3403 3478 Josepb
3430 3420 3446 3456 ι
3502 3395 3714 3459 Nomi-

2156 3511 2238 3560 ne
2266 3494 2396 3578 ipse
2421 3514 2534 3559 suo
2564 3492 2825 3577 gloriam
2854 3492 2976 3557 sibi
3003 3492 3218 3576 augeri
3247 3489 3526 3575 postulat
3545 3517 3563 3556 ι
3585 3492 3712 3559 Sci·

2150 3593 2298 3659 licet
2326 3590 2497 3658 filius
2521 3609 2890 3658 accrescens
2916 3588 3170 3674 loseph.

2190 3793 2267 3853 D.
2304 3788 2406 3852 ΡΔ
2421 3788 2524 3853 vt„
2534 3788 2631 3850 ΠΒ
2667 3785 3005 3850 Tfloms
3023 3786 3292 3850 Neruae
3322 3781 3665 3865 Episcopus

2399 3885 2744 3949 asculanus
2768 3888 2837 3946 in
2867 3886 3093 3947 Piceno
3115 3881 3428 3947 Assimns.

2271 4083 2732 4144 BBA'rtssmss
2763 4084 3033 4144 PATER.
3062 4081 3141 4143 nt
3183 4075 3517 4143 Beatitudo
3572 4080 3707 4142 Tua

2146 4169 2473 4246 exaltet'in
2503 4172 2783 4240 Ecclesia
2815 4174 3025 4240 laurea
3052 4173 3401 4240 sanctitatis
3429 4179 3498 4237 Β.
3528 4181 3714 4240 Jose-

2149 4276 2335 4359 pbum
2369 4275 2450 4340 de
2482 4272 2774 4338 Leonissa
2828 4290 2865 4336 a
2894 4278 2983 4337 ‘re
3036 4279 3262 4354 petunt
3313 4270 3582 4337 virtutes
3631 4273 3706 4336 ‘in

2150 4373 2345 4458 gradu
2374 4370 2636 4436 heroico
2666 4368 2989 4452 quibusse
3016 4368 3303 4443 ornavit,
3345 4368 3708 4438 innocentia

2143 4487 2457 4553 nunquam
2486 4469 2877 4549 interrupta,
2904 4466 3228 4549 virginitas
3255 4466 3650 4533 immaculata
3682 4511 3703 4544 ‚

2140 4574 2474 4651 paupertas
2504 4563 2849 4629 arctissima
2871 4607 2892 4635 ,
2925 4563 3286 4629 obedientia
3315 4564 3701 4639 admiranda,

2139 4662 2523 4748 poenitentia
2554 4662 2693 4730 siue
2719 4660 3017 4742 exemplo
3040 4703 3062 4735 ‚
3088 4659 3418 4726 humilitas
3448 4661 3705 4744 prosun-

2139 4763 2219 4826 da
2244 4804 2268 4836 ‚
2298 4759 2674 4826 abstinentia
2702 4779 2955 4843 semper
2999 4759 3350 4833 austerior,
3404 4778 3585 4822 amor
3637 4759 3707 4824 in

2142 4866 2342 4942 Deum
2377 4857 2663 4941 quotidie
2689 4855 3033 4930 intensior,
3060 4856 3332 4922 charitas
3369 4856 3434 4919 in
3489 4856 3703 4922 Proxi-

2142 4975 2315 5019 mum
2348 4953 2625 5036 undique
2652 4962 3034 5017 exaestuans
3059 4994 3080 5025 ‚
3107 4951 3368 5036 longum
3426 4950 3706 5035 denique

2144 5050 2512 5136 martyrium
2544 5068 2668 5114 non
2725 5047 3094 5114 alleviatum
3152 5064 3267 5129 per
3321 5056 3635 5122 mortem,
3666 5069 3706 5115 a

2140 5164 2263 5232 qua
2296 5145 2674 5213 miraculose
2701 5142 2822 5209 tuit
2847 5153 3324 5227 praeservatus3
3378 5143 3706 5212 humiliter

2142 5246 2336 5314 etiam
2359 5243 2637 5327 postulat
2666 5241 2974 5308 Asculaua
2996 5242 3302 5315 Ecclesia,
3323 5242 3505 5327 cujus
3522 5244 3707 5311 Dice·

2144 5341 2340 5408 cestm
2368 5341 2549 5424 prius
2575 5340 2811 5407 sanctis
2835 5340 2977 5424 ejus
3003 5339 3326 5422 operibns3
3355 5339 3503 5404 dein
3535 5361 3700 5406 mor·

2141 5445 2207 5505 te
2234 5460 2386 5504 vere
2416 5437 2691 5523 pretiosa
2720 5439 2783 5501 in
2817 5436 3083 5501 Domino
3106 5436 3466 5502 illustravit.
3491 5444 3711 5505 Annue
