<?xml version="1.0" encoding="UTF-8"?>
<!DOCTYPE html PUBLIC "-//W3C//DTD XHTML 1.0 Transitional//EN"
    "http://www.w3.org/TR/xhtml1/DTD/xhtml1-transitional.dtd">
<html xmlns="http://www.w3.org/1999/xhtml" xml:lang="en" lang="en">
 <head>
  <title>
</title>
<meta http-equiv="Content-Type" content="text/html;charset=utf-8" />
  <meta name='ocr-system' content='tesseract 3.04.00' />
  <meta name='ocr-capabilities' content='ocr_page ocr_carea ocr_par ocr_line ocrx_word'/>
</head>
<body>
  <div class='ocr_page' id='page_1' title='image "benedictixivpon00benegoog_0376.png"; bbox 0 0 4442 6300; ppageno 0'>
   <div class='ocr_carea' id='block_1_1' title="bbox 83 374 88 963">
    <p class='ocr_par' dir='ltr' id='par_1_1' title="bbox 83 374 88 963">
     <span class='ocr_line' id='line_1_1' title="bbox 83 374 88 963; baseline 0 0"><span class='ocrx_word' id='word_1_1' title='bbox 83 374 88 963; x_wconf 95' lang='lat' dir='ltr'><strong> </strong></span> 
     </span>
    </p>
   </div>
   <div class='ocr_carea' id='block_1_2' title="bbox 69 2907 74 3422">
    <p class='ocr_par' dir='ltr' id='par_1_2' title="bbox 69 2907 74 3422">
     <span class='ocr_line' id='line_1_2' title="bbox 69 2907 74 3422; baseline 0 0"><span class='ocrx_word' id='word_1_2' title='bbox 69 2907 74 3422; x_wconf 95' lang='lat' dir='ltr'><strong> </strong></span> 
     </span>
    </p>
   </div>
   <div class='ocr_carea' id='block_1_3' title="bbox 1030 490 1141 547">
    <p class='ocr_par' dir='ltr' id='par_1_3' title="bbox 1030 490 1141 547">
     <span class='ocr_line' id='line_1_3' title="bbox 1030 490 1141 547; baseline 0 0"><span class='ocrx_word' id='word_1_3' title='bbox 1030 490 1141 547; x_wconf 70' lang='lat'><strong>⁸⁰0</strong></span> 
     </span>
    </p>
   </div>
   <div class='ocr_carea' id='block_1_4' title="bbox 2022 488 2918 544">
    <p class='ocr_par' dir='ltr' id='par_1_4' title="bbox 2022 488 2918 544">
     <span class='ocr_line' id='line_1_4' title="bbox 2022 488 2918 544; baseline 0.002 -2"><span class='ocrx_word' id='word_1_4' title='bbox 2022 491 2224 543; x_wconf 61' lang='lat' dir='ltr'><strong>Atxra</strong></span> <span class='ocrx_word' id='word_1_5' title='bbox 2264 488 2918 544; x_wconf 65' lang='lat' dir='ltr'><strong>‹zauomaxt&#39;toms</strong></span> 
     </span>
    </p>
   </div>
   <div class='ocr_carea' id='block_1_5' title="bbox 834 630 4075 720">
    <p class='ocr_par' dir='ltr' id='par_1_5' title="bbox 834 630 4075 720">
     <span class='ocr_line' id='line_1_5' title="bbox 834 630 4075 720; baseline 0.002 -23"><span class='ocrx_word' id='word_1_6' title='bbox 834 636 1177 701; x_wconf 68' lang='lat' dir='ltr'><strong>Duodecim</strong></span> <span class='ocrx_word' id='word_1_7' title='bbox 1209 651 1356 699; x_wconf 79' lang='lat' dir='ltr'><strong>vero</strong></span> <span class='ocrx_word' id='word_1_8' title='bbox 1385 639 1604 701; x_wconf 74' lang='lat' dir='ltr'><strong>Patres</strong></span> <span class='ocrx_word' id='word_1_9' title='bbox 1637 630 1852 720; x_wconf 72' lang='lat' dir='ltr'><strong>inclyti</strong></span> <span class='ocrx_word' id='word_1_10' title='bbox 1878 633 2128 699; x_wconf 83' lang='lat' dir='ltr'><strong>Ordinis</strong></span> <span class='ocrx_word' id='word_1_11' title='bbox 2155 633 2400 700; x_wconf 78' lang='lat' dir='ltr'><strong>Praedi-</strong></span> <span class='ocrx_word' id='word_1_12' title='bbox 2512 641 2655 717; x_wconf 80' lang='lat' dir='ltr'><strong>toga</strong></span> <span class='ocrx_word' id='word_1_13' title='bbox 2697 632 2898 719; x_wconf 75' lang='lat' dir='ltr'><strong>patrio</strong></span> <span class='ocrx_word' id='word_1_14' title='bbox 2938 654 3115 699; x_wconf 88' lang='lat' dir='ltr'><strong>more</strong></span> <span class='ocrx_word' id='word_1_15' title='bbox 3156 633 3418 700; x_wconf 73' lang='lat' dir='ltr'><strong>formata</strong></span> <span class='ocrx_word' id='word_1_16' title='bbox 3449 680 3470 710; x_wconf 82' lang='lat'>‚</span> <span class='ocrx_word' id='word_1_17' title='bbox 3514 637 3624 705; x_wconf 82' lang='lat' dir='ltr'><strong>sed</strong></span> <span class='ocrx_word' id='word_1_18' title='bbox 3670 637 3871 702; x_wconf 75' lang='lat' dir='ltr'><strong>textili</strong></span> <span class='ocrx_word' id='word_1_19' title='bbox 3919 659 4075 705; x_wconf 87' lang='lat' dir='ltr'><strong>auro</strong></span> 
     </span>
    </p>
   </div>
   <div class='ocr_carea' id='block_1_6' title="bbox 690 730 2399 5255">
    <p class='ocr_par' dir='ltr' id='par_1_6' title="bbox 831 730 2399 908">
     <span class='ocr_line' id='line_1_6' title="bbox 831 730 2399 800; baseline 0.001 -2"><span class='ocrx_word' id='word_1_20' title='bbox 831 742 1106 798; x_wconf 77' lang='lat' dir='ltr'><strong>catonum</strong></span> <span class='ocrx_word' id='word_1_21' title='bbox 1148 734 1211 797; x_wconf 87' lang='lat' dir='ltr'><strong>in</strong></span> <span class='ocrx_word' id='word_1_22' title='bbox 1254 732 1615 800; x_wconf 72' lang='lat' dir='ltr'><strong>deferendis</strong></span> <span class='ocrx_word' id='word_1_23' title='bbox 1661 733 1990 799; x_wconf 87' lang='lat' dir='ltr'><strong>intortitiis</strong></span> <span class='ocrx_word' id='word_1_24' title='bbox 2033 742 2101 799; x_wconf 88' lang='lat' dir='ltr'><strong>et</strong></span> <span class='ocrx_word' id='word_1_25' title='bbox 2141 730 2399 799; x_wconf 81' lang='lat' dir='ltr'><strong>funibus</strong></span> 
     </span>
     <span class='ocr_line' id='line_1_7' title="bbox 832 824 1636 908; baseline -0.004 -13"><span class='ocrx_word' id='word_1_26' title='bbox 832 832 1304 908; x_wconf 81' lang='lat' dir='ltr'><strong>occupabantur.</strong></span> <span class='ocrx_word' id='word_1_27' title='bbox 1626 824 1636 831; x_wconf 71' lang='grc'><strong>’</strong></span> 
     </span>
    </p>

    <p class='ocr_par' dir='ltr' id='par_1_7' title="bbox 822 925 2396 1579">
     <span class='ocr_line' id='line_1_8' title="bbox 957 925 2396 1011; baseline 0 -18"><span class='ocrx_word' id='word_1_28' title='bbox 957 930 1469 1010; x_wconf 83' lang='lat' dir='ltr'><strong>Subsequebatur</strong></span> <span class='ocrx_word' id='word_1_29' title='bbox 1504 925 1819 992; x_wconf 83' lang='lat' dir='ltr'><strong>Vexillum</strong></span> <span class='ocrx_word' id='word_1_30' title='bbox 1864 926 2032 992; x_wconf 87' lang='lat' dir='ltr'><strong>beati</strong></span> <span class='ocrx_word' id='word_1_31' title='bbox 2078 927 2332 1011; x_wconf 80' lang='lat' dir='ltr'><strong>Josephi</strong></span> <span class='ocrx_word' id='word_1_32' title='bbox 2359 949 2396 993; x_wconf 90' lang='lat' dir='ltr'><strong>a</strong></span> 
     </span>
     <span class='ocr_line' id='line_1_9' title="bbox 829 1023 2396 1110; baseline 0.002 -23"><span class='ocrx_word' id='word_1_33' title='bbox 829 1025 1122 1091; x_wconf 85' lang='lat' dir='ltr'><strong>Leonissa</strong></span> <span class='ocrx_word' id='word_1_34' title='bbox 1152 1069 1175 1100; x_wconf 90' lang='lat'>‚</span> <span class='ocrx_word' id='word_1_35' title='bbox 1217 1026 1397 1110; x_wconf 87' lang='lat' dir='ltr'><strong>cujus</strong></span> <span class='ocrx_word' id='word_1_36' title='bbox 1440 1026 1652 1090; x_wconf 82' lang='lat' dir='ltr'><strong>hastas</strong></span> <span class='ocrx_word' id='word_1_37' title='bbox 1697 1026 1994 1108; x_wconf 87' lang='lat' dir='ltr'><strong>regebant</strong></span> <span class='ocrx_word' id='word_1_38' title='bbox 2040 1023 2396 1090; x_wconf 71' lang='lat' dir='ltr'>confratres</span> 
     </span>
     <span class='ocr_line' id='line_1_10' title="bbox 830 1121 2393 1204; baseline 0.002 -20"><span class='ocrx_word' id='word_1_39' title='bbox 830 1122 1159 1187; x_wconf 82' lang='lat' dir='ltr'><strong>societatis</strong></span> <span class='ocrx_word' id='word_1_40' title='bbox 1204 1124 1577 1204; x_wconf 71' lang='lat' dir='ltr'><strong>stigmatum</strong></span> <span class='ocrx_word' id='word_1_41' title='bbox 1625 1123 1820 1188; x_wconf 86' lang='lat' dir='ltr'><strong>sancti</strong></span> <span class='ocrx_word' id='word_1_42' title='bbox 1872 1121 2213 1189; x_wconf 75' lang='lat' dir='ltr'><strong>Francisciz</strong></span> <span class='ocrx_word' id='word_1_43' title='bbox 2264 1128 2393 1187; x_wconf 78' lang='lat' dir='ltr'><strong>Nec</strong></span> 
     </span>
     <span class='ocr_line' id='line_1_11' title="bbox 830 1219 2395 1302; baseline 0.002 -20"><span class='ocrx_word' id='word_1_44' title='bbox 830 1219 1086 1284; x_wconf 78' lang='lat' dir='ltr'><strong>deerant</strong></span> <span class='ocrx_word' id='word_1_45' title='bbox 1117 1220 1221 1302; x_wconf 74' lang='lat' dir='ltr'><strong>qui</strong></span> <span class='ocrx_word' id='word_1_46' title='bbox 1267 1222 1651 1287; x_wconf 87' lang='lat' dir='ltr'><strong>sustinerent</strong></span> <span class='ocrx_word' id='word_1_47' title='bbox 1679 1219 2037 1302; x_wconf 84' lang='lat' dir='ltr'><strong>supradicto</strong></span> <span class='ocrx_word' id='word_1_48' title='bbox 2064 1220 2285 1285; x_wconf 86' lang='lat' dir='ltr'><strong>ordine</strong></span> <span class='ocrx_word' id='word_1_49' title='bbox 2327 1229 2395 1285; x_wconf 87' lang='lat' dir='ltr'><strong>et</strong></span> 
     </span>
     <span class='ocr_line' id='line_1_12' title="bbox 827 1314 2394 1401; baseline 0 -20"><span class='ocrx_word' id='word_1_50' title='bbox 827 1314 1029 1381; x_wconf 80' lang='lat' dir='ltr'><strong>forma</strong></span> <span class='ocrx_word' id='word_1_51' title='bbox 1052 1318 1358 1383; x_wconf 84' lang='lat' dir='ltr'><strong>intortitia</strong></span> <span class='ocrx_word' id='word_1_52' title='bbox 1380 1329 1441 1383; x_wconf 91' lang='lat' dir='ltr'><strong>et</strong></span> <span class='ocrx_word' id='word_1_53' title='bbox 1467 1317 1647 1383; x_wconf 79' lang='lat' dir='ltr'><strong>funes</strong></span> <span class='ocrx_word' id='word_1_54' title='bbox 1675 1318 1801 1383; x_wconf 90' lang='lat' dir='ltr'><strong>duo</strong></span> <span class='ocrx_word' id='word_1_55' title='bbox 1821 1337 2007 1401; x_wconf 85' lang='lat' dir='ltr'><strong>supra</strong></span> <span class='ocrx_word' id='word_1_56' title='bbox 2038 1317 2257 1385; x_wconf 83' lang='lat' dir='ltr'><strong>decem</strong></span> <span class='ocrx_word' id='word_1_57' title='bbox 2283 1323 2394 1382; x_wconf 88' lang='lat' dir='ltr'><strong>Or·</strong></span> 
     </span>
     <span class='ocr_line' id='line_1_13' title="bbox 822 1413 2392 1498; baseline 0.001 -19"><span class='ocrx_word' id='word_1_58' title='bbox 822 1413 990 1479; x_wconf 86' lang='lat' dir='ltr'><strong>dinis</strong></span> <span class='ocrx_word' id='word_1_59' title='bbox 1029 1416 1338 1481; x_wconf 69' lang='lat' dir='ltr'><strong>uiuorum</strong></span> <span class='ocrx_word' id='word_1_60' title='bbox 1383 1416 1581 1481; x_wconf 88' lang='lat' dir='ltr'><strong>sancti</strong></span> <span class='ocrx_word' id='word_1_61' title='bbox 1642 1415 1948 1480; x_wconf 76' lang='lat' dir='ltr'><strong>Francisei</strong></span> <span class='ocrx_word' id='word_1_62' title='bbox 2012 1413 2392 1498; x_wconf 83' lang='lat' dir='ltr'><strong>Capuccino·</strong></span> 
     </span>
     <span class='ocr_line' id='line_1_14' title="bbox 823 1518 1220 1579; baseline -0.003 -2"><span class='ocrx_word' id='word_1_63' title='bbox 823 1533 958 1577; x_wconf 83' lang='lat' dir='ltr'><strong>rum</strong></span> <span class='ocrx_word' id='word_1_64' title='bbox 985 1518 1220 1579; x_wconf 86' lang='lat' dir='ltr'><strong>Patres.</strong></span> 
     </span>
    </p>

    <p class='ocr_par' dir='ltr' id='par_1_8' title="bbox 810 1606 2391 2160">
     <span class='ocr_line' id='line_1_15' title="bbox 950 1606 2391 1676; baseline 0.002 -5"><span class='ocrx_word' id='word_1_65' title='bbox 950 1607 1311 1675; x_wconf 77' lang='lat' dir='ltr'><strong>confratres</strong></span> <span class='ocrx_word' id='word_1_66' title='bbox 1354 1607 2074 1676; x_wconf 77' lang='lat' dir='ltr'><strong>Arcbicont&#39;raternitatis</strong></span> <span class='ocrx_word' id='word_1_67' title='bbox 2102 1606 2391 1675; x_wconf 77' lang='lat' dir='ltr'><strong>confalo-</strong></span> 
     </span>
     <span class='ocr_line' id='line_1_16' title="bbox 820 1704 2390 1772; baseline 0 -3"><span class='ocrx_word' id='word_1_68' title='bbox 820 1706 916 1771; x_wconf 87' lang='lat' dir='ltr'><strong>nis</strong></span> <span class='ocrx_word' id='word_1_69' title='bbox 946 1704 1232 1772; x_wconf 64' lang='lat' dir='ltr'><strong>terebant</strong></span> <span class='ocrx_word' id='word_1_70' title='bbox 1264 1707 1518 1771; x_wconf 84' lang='lat' dir='ltr'><strong>tertium</strong></span> <span class='ocrx_word' id='word_1_71' title='bbox 1541 1704 1854 1771; x_wconf 85' lang='lat' dir='ltr'><strong>Vexillum</strong></span> <span class='ocrx_word' id='word_1_72' title='bbox 1886 1705 2053 1770; x_wconf 86' lang='lat' dir='ltr'><strong>beati</strong></span> <span class='ocrx_word' id='word_1_73' title='bbox 2079 1704 2245 1770; x_wconf 77' lang='lat' dir='ltr'><strong>Petri</strong></span> <span class='ocrx_word' id='word_1_74' title='bbox 2276 1712 2390 1769; x_wconf 77' lang='lat' dir='ltr'><strong>tta·</strong></span> 
     </span>
     <span class='ocr_line' id='line_1_17' title="bbox 818 1802 2391 1889; baseline -0.001 -23"><span class='ocrx_word' id='word_1_75' title='bbox 818 1802 1056 1889; x_wconf 73' lang='lat' dir='ltr'><strong>galati,</strong></span> <span class='ocrx_word' id='word_1_76' title='bbox 1084 1804 1184 1868; x_wconf 89' lang='lat' dir='ltr'><strong>eui</strong></span> <span class='ocrx_word' id='word_1_77' title='bbox 1215 1804 1473 1869; x_wconf 87' lang='lat' dir='ltr'><strong>aderant</strong></span> <span class='ocrx_word' id='word_1_78' title='bbox 1505 1802 1879 1868; x_wconf 78' lang='lat' dir='ltr'><strong>famulantes</strong></span> <span class='ocrx_word' id='word_1_79' title='bbox 1898 1802 2160 1868; x_wconf 86' lang='lat' dir='ltr'><strong>totidem</strong></span> <span class='ocrx_word' id='word_1_80' title='bbox 2185 1844 2209 1876; x_wconf 97' lang='lat'><strong>,</strong></span> <span class='ocrx_word' id='word_1_81' title='bbox 2235 1810 2391 1885; x_wconf 84' lang='lat' dir='ltr'><strong>quot</strong></span> 
     </span>
     <span class='ocr_line' id='line_1_18' title="bbox 818 1899 2390 1979; baseline 0 -14"><span class='ocrx_word' id='word_1_82' title='bbox 818 1919 1005 1979; x_wconf 89' lang='lat' dir='ltr'><strong>supra</strong></span> <span class='ocrx_word' id='word_1_83' title='bbox 1037 1899 1265 1966; x_wconf 76' lang='lat' dir='ltr'><strong>dietum</strong></span> <span class='ocrx_word' id='word_1_84' title='bbox 1298 1910 1422 1971; x_wconf 88' lang='lat' dir='ltr'><strong>est,</strong></span> <span class='ocrx_word' id='word_1_85' title='bbox 1448 1906 1666 1964; x_wconf 76' lang='lat' dir='ltr'><strong>Patres</strong></span> <span class='ocrx_word' id='word_1_86' title='bbox 1692 1899 1943 1966; x_wconf 83' lang='lat' dir='ltr'><strong>Ordinis</strong></span> <span class='ocrx_word' id='word_1_87' title='bbox 1962 1899 2220 1963; x_wconf 69' lang='lat' dir='ltr'><strong>Minoris</strong></span> <span class='ocrx_word' id='word_1_88' title='bbox 2249 1918 2390 1965; x_wconf 84' lang='lat' dir='ltr'><strong>san·</strong></span> 
     </span>
     <span class='ocr_line' id='line_1_19' title="bbox 814 1993 2388 2071; baseline 0.002 -12"><span class='ocrx_word' id='word_1_89' title='bbox 814 1996 900 2059; x_wconf 86' lang='lat' dir='ltr'><strong>cti</strong></span> <span class='ocrx_word' id='word_1_90' title='bbox 959 1996 1260 2063; x_wconf 75' lang='lat' dir='ltr'><strong>Francisci</strong></span> <span class='ocrx_word' id='word_1_91' title='bbox 1309 1997 1393 2065; x_wconf 87' lang='lat' dir='ltr'><strong>de</strong></span> <span class='ocrx_word' id='word_1_92' title='bbox 1436 1994 1898 2071; x_wconf 80' lang='lat' dir='ltr'><strong>observantia,</strong></span> <span class='ocrx_word' id='word_1_93' title='bbox 1954 2003 2020 2061; x_wconf 90' lang='lat' dir='ltr'><strong>et</strong></span> <span class='ocrx_word' id='word_1_94' title='bbox 2071 1993 2388 2062; x_wconf 73' lang='lat' dir='ltr'><strong>Reforma-</strong></span> 
     </span>
     <span class='ocr_line' id='line_1_20' title="bbox 810 2100 1037 2160; baseline -0.031 1"><span class='ocrx_word' id='word_1_95' title='bbox 810 2100 1037 2160; x_wconf 84' lang='lat' dir='ltr'><strong>torum.</strong></span> 
     </span>
    </p>

    <p class='ocr_par' dir='ltr' id='par_1_9' title="bbox 690 2186 2385 3131">
     <span class='ocr_line' id='line_1_21' title="bbox 939 2186 2385 2265; baseline -0.001 -11"><span class='ocrx_word' id='word_1_96' title='bbox 939 2194 1243 2265; x_wconf 85' lang='lat' dir='ltr'><strong>Quartum</strong></span> <span class='ocrx_word' id='word_1_97' title='bbox 1286 2196 1418 2255; x_wconf 83' lang='lat' dir='ltr'><strong>erat</strong></span> <span class='ocrx_word' id='word_1_98' title='bbox 1461 2187 1774 2253; x_wconf 81' lang='lat' dir='ltr'><strong>Vexillum</strong></span> <span class='ocrx_word' id='word_1_99' title='bbox 1810 2188 1976 2253; x_wconf 86' lang='lat' dir='ltr'><strong>beati</strong></span> <span class='ocrx_word' id='word_1_100' title='bbox 2024 2186 2275 2253; x_wconf 90' lang='lat' dir='ltr'><strong>camilli</strong></span> <span class='ocrx_word' id='word_1_101' title='bbox 2302 2187 2385 2252; x_wconf 88' lang='lat' dir='ltr'><strong>de</strong></span> 
     </span>
     <span class='ocr_line' id='line_1_22' title="bbox 810 2283 2378 2370; baseline -0.004 -17"><span class='ocrx_word' id='word_1_102' title='bbox 810 2285 1042 2361; x_wconf 80' lang='lat' dir='ltr'><strong>Lellis,</strong></span> <span class='ocrx_word' id='word_1_103' title='bbox 1093 2287 1201 2369; x_wconf 82' lang='lat' dir='ltr'><strong>qui</strong></span> <span class='ocrx_word' id='word_1_104' title='bbox 1251 2293 1390 2370; x_wconf 87' lang='lat' dir='ltr'><strong>post</strong></span> <span class='ocrx_word' id='word_1_105' title='bbox 1432 2284 1754 2353; x_wconf 74' lang='lat' dir='ltr'><strong>fundatam</strong></span> <span class='ocrx_word' id='word_1_106' title='bbox 1799 2307 1833 2350; x_wconf 90' lang='lat' dir='ltr'><strong>a</strong></span> <span class='ocrx_word' id='word_1_107' title='bbox 1878 2306 1950 2351; x_wconf 88' lang='lat' dir='ltr'><strong>se</strong></span> <span class='ocrx_word' id='word_1_108' title='bbox 1995 2283 2378 2350; x_wconf 86' lang='lat' dir='ltr'><strong>clericorum</strong></span> 
     </span>
     <span class='ocr_line' id='line_1_23' title="bbox 812 2382 2384 2467; baseline -0.001 -18"><span class='ocrx_word' id='word_1_109' title='bbox 812 2382 1216 2467; x_wconf 79' lang='lat' dir='ltr'><strong>Regularium</strong></span> <span class='ocrx_word' id='word_1_110' title='bbox 1240 2382 1715 2450; x_wconf 64' lang='lat' dir='ltr'><strong>ninistrantium</strong></span> <span class='ocrx_word' id='word_1_111' title='bbox 1749 2382 2021 2447; x_wconf 80' lang='lat' dir='ltr'><strong>infirmis</strong></span> <span class='ocrx_word' id='word_1_112' title='bbox 2040 2387 2384 2464; x_wconf 74' lang='lat' dir='ltr'><strong>congrega-</strong></span> 
     </span>
     <span class='ocr_line' id='line_1_24' title="bbox 810 2477 2380 2563; baseline -0.002 -18"><span class='ocrx_word' id='word_1_113' title='bbox 810 2480 1100 2553; x_wconf 85' lang='lat' dir='ltr'><strong>tionem‚</strong></span> <span class='ocrx_word' id='word_1_114' title='bbox 1152 2487 1219 2543; x_wconf 91' lang='lat' dir='ltr'><strong>ut</strong></span> <span class='ocrx_word' id='word_1_115' title='bbox 1268 2498 1580 2563; x_wconf 89' lang='lat' dir='ltr'><strong>nunquam</strong></span> <span class='ocrx_word' id='word_1_116' title='bbox 1649 2480 1936 2549; x_wconf 76' lang='lat' dir='ltr'><strong>destitit,</strong></span> <span class='ocrx_word' id='word_1_117' title='bbox 1984 2478 2130 2543; x_wconf 90' lang='lat' dir='ltr'><strong>dum</strong></span> <span class='ocrx_word' id='word_1_118' title='bbox 2183 2477 2380 2552; x_wconf 78' lang='lat' dir='ltr'><strong>vixit,</strong></span> 
     </span>
     <span class='ocr_line' id='line_1_25' title="bbox 811 2574 2381 2660; baseline -0.003 -17"><span class='ocrx_word' id='word_1_119' title='bbox 811 2576 1273 2660; x_wconf 81' lang='lat' dir='ltr'><strong>AEgrotantibus</strong></span> <span class='ocrx_word' id='word_1_120' title='bbox 1300 2576 1645 2649; x_wconf 84' lang='lat' dir='ltr'><strong>inservire,</strong></span> <span class='ocrx_word' id='word_1_121' title='bbox 1693 2576 2056 2660; x_wconf 89' lang='lat' dir='ltr'><strong>praesertim</strong></span> <span class='ocrx_word' id='word_1_122' title='bbox 2090 2574 2153 2637; x_wconf 90' lang='lat' dir='ltr'><strong>in</strong></span> <span class='ocrx_word' id='word_1_123' title='bbox 2183 2580 2381 2640; x_wconf 81' lang='lat' dir='ltr'><strong>Noso·</strong></span> 
     </span>
     <span class='ocr_line' id='line_1_26' title="bbox 810 2672 2381 2756; baseline -0.001 -16"><span class='ocrx_word' id='word_1_124' title='bbox 810 2674 1016 2740; x_wconf 86' lang='lat' dir='ltr'><strong>comio</strong></span> <span class='ocrx_word' id='word_1_125' title='bbox 1066 2672 1262 2738; x_wconf 87' lang='lat' dir='ltr'><strong>sancti</strong></span> <span class='ocrx_word' id='word_1_126' title='bbox 1312 2674 1628 2756; x_wconf 67' lang='lat' dir='ltr'><strong>Spiritusz</strong></span> <span class='ocrx_word' id='word_1_127' title='bbox 1681 2675 1767 2738; x_wconf 85' lang='lat' dir='ltr'><strong>ita</strong></span> <span class='ocrx_word' id='word_1_128' title='bbox 1813 2672 2000 2755; x_wconf 74' lang='lat' dir='ltr'><strong>liujus</strong></span> <span class='ocrx_word' id='word_1_129' title='bbox 2048 2673 2381 2738; x_wconf 84' lang='lat' dir='ltr'><strong>Sosietatis</strong></span> 
     </span>
     <span class='ocr_line' id='line_1_27' title="bbox 806 2768 2378 2839; baseline -0.003 0"><span class='ocrx_word' id='word_1_130' title='bbox 806 2768 1168 2839; x_wconf 78' lang='lat' dir='ltr'><strong>Contratres</strong></span> <span class='ocrx_word' id='word_1_131' title='bbox 1194 2790 1438 2835; x_wconf 89' lang='lat' dir='ltr'><strong>summo</strong></span> <span class='ocrx_word' id='word_1_132' title='bbox 1483 2770 1606 2835; x_wconf 91' lang='lat' dir='ltr'><strong>sibi</strong></span> <span class='ocrx_word' id='word_1_133' title='bbox 1640 2770 1858 2834; x_wconf 86' lang='lat' dir='ltr'><strong>honori</strong></span> <span class='ocrx_word' id='word_1_134' title='bbox 1890 2769 2160 2833; x_wconf 72' lang='lat' dir='ltr'><strong>futurum</strong></span> <span class='ocrx_word' id='word_1_135' title='bbox 2193 2770 2378 2835; x_wconf 87' lang='lat' dir='ltr'><strong>duca·</strong></span> 
     </span>
     <span class='ocr_line' id='line_1_28' title="bbox 807 2866 2376 2949; baseline -0.002 -16"><span class='ocrx_word' id='word_1_136' title='bbox 807 2866 994 2937; x_wconf 85' lang='lat' dir='ltr'><strong>baut,</strong></span> <span class='ocrx_word' id='word_1_137' title='bbox 1038 2866 1091 2929; x_wconf 89' lang='lat' dir='ltr'><strong>si</strong></span> <span class='ocrx_word' id='word_1_138' title='bbox 1121 2866 1275 2929; x_wconf 88' lang='lat' dir='ltr'><strong>illud</strong></span> <span class='ocrx_word' id='word_1_139' title='bbox 1308 2866 1645 2933; x_wconf 80' lang='lat' dir='ltr'><strong>deferrent.</strong></span> <span class='ocrx_word' id='word_1_140' title='bbox 1696 2868 1836 2930; x_wconf 76' lang='lat' dir='ltr'><strong>Voti</strong></span> <span class='ocrx_word' id='word_1_141' title='bbox 1868 2872 2197 2949; x_wconf 76' lang='lat' dir='ltr'><strong>compotes</strong></span> <span class='ocrx_word' id='word_1_142' title='bbox 2226 2866 2376 2931; x_wconf 75' lang='lat' dir='ltr'><strong>effe·</strong></span> 
     </span>
     <span class='ocr_line' id='line_1_29' title="bbox 690 2959 2375 3057; baseline -0.002 -27"><span class='ocrx_word' id='word_1_143' title='bbox 690 3036 713 3057; x_wconf 47' lang='lat'><em>0</em></span> <span class='ocrx_word' id='word_1_144' title='bbox 804 2964 891 3030; x_wconf 83' lang='lat' dir='ltr'><strong>cti</strong></span> <span class='ocrx_word' id='word_1_145' title='bbox 929 2963 1080 3028; x_wconf 91' lang='lat' dir='ltr'><strong>illud</strong></span> <span class='ocrx_word' id='word_1_146' title='bbox 1112 2969 1482 3044; x_wconf 86' lang='lat' dir='ltr'><strong>portarunt.</strong></span> <span class='ocrx_word' id='word_1_147' title='bbox 1529 2970 1743 3030; x_wconf 78' lang='lat' dir='ltr'><strong>Patres</strong></span> <span class='ocrx_word' id='word_1_148' title='bbox 1772 2962 1948 3028; x_wconf 90' lang='lat' dir='ltr'><strong>illius</strong></span> <span class='ocrx_word' id='word_1_149' title='bbox 1976 2962 2250 3029; x_wconf 77' lang='lat' dir='ltr'><strong>instituti</strong></span> <span class='ocrx_word' id='word_1_150' title='bbox 2281 2959 2375 3026; x_wconf 72' lang='lat' dir='ltr'><strong>fu·</strong></span> 
     </span>
     <span class='ocr_line' id='line_1_30' title="bbox 801 3059 2075 3131; baseline 0.001 -9"><span class='ocrx_word' id='word_1_151' title='bbox 801 3079 916 3125; x_wconf 85' lang='lat' dir='ltr'><strong>nes</strong></span> <span class='ocrx_word' id='word_1_152' title='bbox 942 3069 1009 3131; x_wconf 80' lang='lat' dir='ltr'><strong>et</strong></span> <span class='ocrx_word' id='word_1_153' title='bbox 1038 3059 1342 3125; x_wconf 78' lang='lat' dir='ltr'><strong>intortitia</strong></span> <span class='ocrx_word' id='word_1_154' title='bbox 1373 3059 1669 3125; x_wconf 89' lang='lat' dir='ltr'><strong>tulerunt.</strong></span> <span class='ocrx_word' id='word_1_155' title='bbox 2068 3112 2075 3123; x_wconf 94' lang='lat'>.</span> 
     </span>
    </p>

    <p class='ocr_par' dir='ltr' id='par_1_10' title="bbox 794 3156 2376 3824">
     <span class='ocr_line' id='line_1_31' title="bbox 929 3156 2372 3241; baseline -0.001 -19"><span class='ocrx_word' id='word_1_156' title='bbox 929 3157 1224 3222; x_wconf 76' lang='lat' dir='ltr'><strong>Ultimum</strong></span> <span class='ocrx_word' id='word_1_157' title='bbox 1250 3157 1727 3241; x_wconf 75' lang='lat' dir='ltr'><strong>dignioremque</strong></span> <span class='ocrx_word' id='word_1_158' title='bbox 1747 3156 1955 3222; x_wconf 88' lang='lat' dir='ltr'><strong>locum</strong></span> <span class='ocrx_word' id='word_1_159' title='bbox 1979 3157 2236 3222; x_wconf 89' lang='lat' dir='ltr'><strong>tenebat</strong></span> <span class='ocrx_word' id='word_1_160' title='bbox 2254 3164 2372 3220; x_wconf 84' lang='lat' dir='ltr'><strong>Ve-</strong></span> 
     </span>
     <span class='ocr_line' id='line_1_32' title="bbox 801 3243 2376 3341; baseline -0.001 -23"><span class='ocrx_word' id='word_1_161' title='bbox 801 3252 1026 3318; x_wconf 80' lang='lat' dir='ltr'><strong>xillum</strong></span> <span class='ocrx_word' id='word_1_162' title='bbox 1058 3243 1227 3320; x_wconf 84' lang='lat' dir='ltr'><strong>beati</strong></span> <span class='ocrx_word' id='word_1_163' title='bbox 1269 3255 1562 3341; x_wconf 64' lang='lat' dir='ltr'><strong>Martyris</strong></span> <span class='ocrx_word' id='word_1_164' title='bbox 1604 3253 1838 3320; x_wconf 78' lang='lat' dir='ltr'><strong>Fidelis</strong></span> <span class='ocrx_word' id='word_1_165' title='bbox 1864 3276 1901 3319; x_wconf 89' lang='lat' dir='ltr'><strong>a</strong></span> <span class='ocrx_word' id='word_1_166' title='bbox 1946 3254 2376 3339; x_wconf 86' lang='lat' dir='ltr'><strong>Sigmaringa,</strong></span> 
     </span>
     <span class='ocr_line' id='line_1_33' title="bbox 799 3350 2376 3438; baseline -0.003 -19"><span class='ocrx_word' id='word_1_167' title='bbox 799 3354 978 3438; x_wconf 76' lang='lat' dir='ltr'><strong>eujus</strong></span> <span class='ocrx_word' id='word_1_168' title='bbox 1004 3351 1214 3416; x_wconf 83' lang='lat' dir='ltr'><strong>hastas</strong></span> <span class='ocrx_word' id='word_1_169' title='bbox 1240 3351 1347 3416; x_wconf 87' lang='lat' dir='ltr'><strong>alii</strong></span> <span class='ocrx_word' id='word_1_170' title='bbox 1378 3350 1737 3417; x_wconf 75' lang='lat' dir='ltr'><strong>confratres</strong></span> <span class='ocrx_word' id='word_1_171' title='bbox 1756 3350 2072 3434; x_wconf 79' lang='lat' dir='ltr'><strong>praefatae</strong></span> <span class='ocrx_word' id='word_1_172' title='bbox 2104 3351 2376 3415; x_wconf 86' lang='lat' dir='ltr'><strong>Societa-</strong></span> 
     </span>
     <span class='ocr_line' id='line_1_34' title="bbox 800 3445 2375 3533; baseline -0.001 -20"><span class='ocrx_word' id='word_1_173' title='bbox 800 3450 882 3517; x_wconf 89' lang='lat' dir='ltr'><strong>tis</strong></span> <span class='ocrx_word' id='word_1_174' title='bbox 911 3455 1238 3514; x_wconf 74' lang='lat' dir='ltr'><strong>Sacrorum</strong></span> <span class='ocrx_word' id='word_1_175' title='bbox 1272 3449 1665 3533; x_wconf 84' lang='lat' dir='ltr'><strong>stigmatum;</strong></span> <span class='ocrx_word' id='word_1_176' title='bbox 1695 3448 1877 3512; x_wconf 80' lang='lat' dir='ltr'><strong>funes</strong></span> <span class='ocrx_word' id='word_1_177' title='bbox 1905 3468 2056 3514; x_wconf 82' lang='lat' dir='ltr'><strong>vero</strong></span> <span class='ocrx_word' id='word_1_178' title='bbox 2086 3456 2152 3512; x_wconf 89' lang='lat' dir='ltr'><strong>et</strong></span> <span class='ocrx_word' id='word_1_179' title='bbox 2178 3445 2375 3511; x_wconf 85' lang='lat' dir='ltr'><strong>collu-</strong></span> 
     </span>
     <span class='ocr_line' id='line_1_35' title="bbox 799 3543 2374 3628; baseline -0.003 -17"><span class='ocrx_word' id='word_1_180' title='bbox 799 3546 1000 3614; x_wconf 88' lang='lat' dir='ltr'><strong>eentia</strong></span> <span class='ocrx_word' id='word_1_181' title='bbox 1030 3552 1172 3609; x_wconf 87' lang='lat' dir='ltr'><strong>ante</strong></span> <span class='ocrx_word' id='word_1_182' title='bbox 1202 3543 1360 3610; x_wconf 91' lang='lat' dir='ltr'><strong>illud</strong></span> <span class='ocrx_word' id='word_1_183' title='bbox 1393 3545 1649 3620; x_wconf 72' lang='lat' dir='ltr'><strong>funalia,</strong></span> <span class='ocrx_word' id='word_1_184' title='bbox 1678 3543 1994 3628; x_wconf 87' lang='lat' dir='ltr'><strong>dignitatis</strong></span> <span class='ocrx_word' id='word_1_185' title='bbox 2018 3544 2210 3626; x_wconf 88' lang='lat' dir='ltr'><strong>gradu</strong></span> <span class='ocrx_word' id='word_1_186' title='bbox 2234 3562 2374 3623; x_wconf 88' lang='lat' dir='ltr'><strong>spe·</strong></span> 
     </span>
     <span class='ocr_line' id='line_1_36' title="bbox 795 3639 2370 3724; baseline -0.004 -15"><span class='ocrx_word' id='word_1_187' title='bbox 795 3642 1064 3709; x_wconf 85' lang='lat' dir='ltr'><strong>ctabiles</strong></span> <span class='ocrx_word' id='word_1_188' title='bbox 1090 3642 1197 3706; x_wconf 91' lang='lat' dir='ltr'><strong>alii</strong></span> <span class='ocrx_word' id='word_1_189' title='bbox 1227 3649 1441 3710; x_wconf 76' lang='lat' dir='ltr'><strong>Patres</strong></span> <span class='ocrx_word' id='word_1_190' title='bbox 1468 3640 1702 3707; x_wconf 81' lang='lat' dir='ltr'><strong>laudati</strong></span> <span class='ocrx_word' id='word_1_191' title='bbox 1721 3640 1971 3707; x_wconf 85' lang='lat' dir='ltr'><strong>Ordinis</strong></span> <span class='ocrx_word' id='word_1_192' title='bbox 2001 3639 2370 3724; x_wconf 77' lang='lat' dir='ltr'><strong>capuccino-</strong></span> 
     </span>
     <span class='ocr_line' id='line_1_37' title="bbox 794 3740 1357 3824; baseline -0.005 -18"><span class='ocrx_word' id='word_1_193' title='bbox 794 3761 933 3806; x_wconf 82' lang='lat' dir='ltr'><strong>rum</strong></span> <span class='ocrx_word' id='word_1_194' title='bbox 968 3740 1320 3824; x_wconf 77' lang='lat' dir='ltr'><strong>gestabant.</strong></span> <span class='ocrx_word' id='word_1_195' title='bbox 1352 3787 1357 3794; x_wconf 88' lang='lat'>.</span> 
     </span>
    </p>

    <p class='ocr_par' dir='ltr' id='par_1_11' title="bbox 789 3832 2370 5255">
     <span class='ocr_line' id='line_1_38' title="bbox 922 3832 2370 3922; baseline -0.002 -22"><span class='ocrx_word' id='word_1_196' title='bbox 922 3842 1082 3902; x_wconf 86' lang='lat' dir='ltr'><strong>Dum</strong></span> <span class='ocrx_word' id='word_1_197' title='bbox 1111 3837 1468 3922; x_wconf 90' lang='lat' dir='ltr'><strong>incoeptum</strong></span> <span class='ocrx_word' id='word_1_198' title='bbox 1521 3834 1585 3898; x_wconf 89' lang='lat' dir='ltr'><strong>in</strong></span> <span class='ocrx_word' id='word_1_199' title='bbox 1635 3832 1961 3900; x_wconf 70' lang='lat' dir='ltr'><strong>Basilicam</strong></span> <span class='ocrx_word' id='word_1_200' title='bbox 2003 3832 2125 3898; x_wconf 91' lang='lat' dir='ltr'><strong>iter</strong></span> <span class='ocrx_word' id='word_1_201' title='bbox 2150 3854 2187 3898; x_wconf 85' lang='lat' dir='ltr'><strong>a</strong></span> <span class='ocrx_word' id='word_1_202' title='bbox 2218 3839 2370 3915; x_wconf 84' lang='lat' dir='ltr'><strong>Sup-</strong></span> 
     </span>
     <span class='ocr_line' id='line_1_39' title="bbox 793 3929 2368 4017; baseline -0.001 -23"><span class='ocrx_word' id='word_1_203' title='bbox 793 3931 1175 4016; x_wconf 87' lang='lat' dir='ltr'><strong>plicantibus</strong></span> <span class='ocrx_word' id='word_1_204' title='bbox 1201 3933 1288 3997; x_wconf 91' lang='lat' dir='ltr'><strong>ita</strong></span> <span class='ocrx_word' id='word_1_205' title='bbox 1315 3932 1655 4017; x_wconf 79' lang='lat' dir='ltr'><strong>perficitur,</strong></span> <span class='ocrx_word' id='word_1_206' title='bbox 1692 3929 2129 3997; x_wconf 83' lang='lat' dir='ltr'><strong>sanctissimus</strong></span> <span class='ocrx_word' id='word_1_207' title='bbox 2159 3930 2368 3994; x_wconf 85' lang='lat' dir='ltr'><strong>Domi·</strong></span> 
     </span>
     <span class='ocr_line' id='line_1_40' title="bbox 796 4026 2369 4114; baseline -0.001 -21"><span class='ocrx_word' id='word_1_208' title='bbox 796 4048 914 4093; x_wconf 87' lang='lat' dir='ltr'><strong>nus</strong></span> <span class='ocrx_word' id='word_1_209' title='bbox 942 4034 1170 4094; x_wconf 81' lang='lat' dir='ltr'><strong>Noster</strong></span> <span class='ocrx_word' id='word_1_210' title='bbox 1190 4036 1442 4113; x_wconf 89' lang='lat' dir='ltr'><strong>tempus</strong></span> <span class='ocrx_word' id='word_1_211' title='bbox 1462 4028 1594 4114; x_wconf 82' lang='lat' dir='ltr'><strong>jam</strong></span> <span class='ocrx_word' id='word_1_212' title='bbox 1629 4049 1796 4103; x_wconf 87' lang='lat' dir='ltr'><strong>esse,</strong></span> <span class='ocrx_word' id='word_1_213' title='bbox 1826 4046 1952 4110; x_wconf 87' lang='lat' dir='ltr'><strong>quo</strong></span> <span class='ocrx_word' id='word_1_214' title='bbox 1982 4033 2043 4094; x_wconf 88' lang='lat' dir='ltr'><strong>et</strong></span> <span class='ocrx_word' id='word_1_215' title='bbox 2073 4026 2208 4110; x_wconf 91' lang='lat' dir='ltr'><strong>ipse</strong></span> <span class='ocrx_word' id='word_1_216' title='bbox 2230 4046 2369 4110; x_wconf 91' lang='lat' dir='ltr'><strong>pro·</strong></span> 
     </span>
     <span class='ocr_line' id='line_1_41' title="bbox 793 4122 2365 4207; baseline -0.003 -15"><span class='ocrx_word' id='word_1_217' title='bbox 793 4125 1073 4200; x_wconf 88' lang='lat' dir='ltr'><strong>cederet,</strong></span> <span class='ocrx_word' id='word_1_218' title='bbox 1095 4126 1540 4199; x_wconf 85' lang='lat' dir='ltr'><strong>commonitus,</strong></span> <span class='ocrx_word' id='word_1_219' title='bbox 1568 4147 1606 4190; x_wconf 89' lang='lat' dir='ltr'><strong>e</strong></span> <span class='ocrx_word' id='word_1_220' title='bbox 1631 4124 1943 4207; x_wconf 86' lang='lat' dir='ltr'><strong>superiori</strong></span> <span class='ocrx_word' id='word_1_221' title='bbox 1962 4122 2171 4189; x_wconf 78' lang='lat' dir='ltr'><strong>Palatii</strong></span> <span class='ocrx_word' id='word_1_222' title='bbox 2195 4144 2365 4189; x_wconf 87' lang='lat' dir='ltr'><strong>man-</strong></span> 
     </span>
     <span class='ocr_line' id='line_1_42' title="bbox 795 4219 2363 4306; baseline -0.004 -18"><span class='ocrx_word' id='word_1_223' title='bbox 795 4219 970 4288; x_wconf 79' lang='lat' dir='ltr'><strong>sione</strong></span> <span class='ocrx_word' id='word_1_224' title='bbox 1015 4221 1181 4286; x_wconf 80' lang='lat' dir='ltr'><strong>venit</strong></span> <span class='ocrx_word' id='word_1_225' title='bbox 1225 4242 1337 4303; x_wconf 94' lang='lat' dir='ltr'><strong>per</strong></span> <span class='ocrx_word' id='word_1_226' title='bbox 1378 4221 1734 4287; x_wconf 88' lang='lat' dir='ltr'><strong>secretioris</strong></span> <span class='ocrx_word' id='word_1_227' title='bbox 1775 4219 1983 4285; x_wconf 87' lang='lat' dir='ltr'><strong>scalae</strong></span> <span class='ocrx_word' id='word_1_228' title='bbox 2025 4220 2255 4306; x_wconf 85' lang='lat' dir='ltr'><strong>gradus</strong></span> <span class='ocrx_word' id='word_1_229' title='bbox 2301 4219 2363 4282; x_wconf 90' lang='lat' dir='ltr'><strong>in</strong></span> 
     </span>
     <span class='ocr_line' id='line_1_43' title="bbox 793 4316 2364 4402; baseline -0.001 -21"><span class='ocrx_word' id='word_1_230' title='bbox 793 4317 1016 4381; x_wconf 79' lang='lat' dir='ltr'><strong>Aulam</strong></span> <span class='ocrx_word' id='word_1_231' title='bbox 1069 4317 1432 4402; x_wconf 75' lang='lat' dir='ltr'><strong>Apostolico</strong></span> <span class='ocrx_word' id='word_1_232' title='bbox 1479 4317 1760 4383; x_wconf 86' lang='lat' dir='ltr'><strong>Sacrario</strong></span> <span class='ocrx_word' id='word_1_233' title='bbox 1810 4316 2209 4398; x_wconf 76' lang='lat' dir='ltr'><strong>proximam3</strong></span> <span class='ocrx_word' id='word_1_234' title='bbox 2259 4317 2364 4380; x_wconf 82' lang='lat' dir='ltr'><strong>uhi</strong></span> 
     </span>
     <span class='ocr_line' id='line_1_44' title="bbox 796 4413 2366 4498; baseline -0.001 -19"><span class='ocrx_word' id='word_1_235' title='bbox 796 4414 1156 4498; x_wconf 82' lang='lat' dir='ltr'><strong>congregati</strong></span> <span class='ocrx_word' id='word_1_236' title='bbox 1178 4414 1533 4480; x_wconf 75' lang='lat' dir='ltr'><strong>sanctitatis</strong></span> <span class='ocrx_word' id='word_1_237' title='bbox 1564 4420 1721 4479; x_wconf 89' lang='lat' dir='ltr'><strong>Suae</strong></span> <span class='ocrx_word' id='word_1_238' title='bbox 1740 4413 2069 4478; x_wconf 86' lang='lat' dir='ltr'><strong>adventum</strong></span> <span class='ocrx_word' id='word_1_239' title='bbox 2088 4423 2366 4495; x_wconf 85' lang='lat' dir='ltr'><strong>praesto·</strong></span> 
     </span>
     <span class='ocr_line' id='line_1_45' title="bbox 797 4507 2368 4597; baseline -0.001 -25"><span class='ocrx_word' id='word_1_240' title='bbox 797 4509 1099 4576; x_wconf 81' lang='lat' dir='ltr'><strong>labantur</strong></span> <span class='ocrx_word' id='word_1_241' title='bbox 1119 4518 1190 4575; x_wconf 81' lang='lat' dir='ltr'><strong>R.</strong></span> <span class='ocrx_word' id='word_1_242' title='bbox 1213 4516 1273 4574; x_wconf 78' lang='lat' dir='ltr'><strong>P.</strong></span> <span class='ocrx_word' id='word_1_243' title='bbox 1301 4517 1370 4574; x_wconf 86' lang='lat' dir='ltr'><strong>D.</strong></span> <span class='ocrx_word' id='word_1_244' title='bbox 1394 4510 1741 4597; x_wconf 72' lang='lat' dir='ltr'><strong>Raynerius</strong></span> <span class='ocrx_word' id='word_1_245' title='bbox 1763 4509 2094 4574; x_wconf 88' lang='lat' dir='ltr'><strong>Simonetti</strong></span> <span class='ocrx_word' id='word_1_246' title='bbox 2117 4507 2368 4572; x_wconf 80' lang='lat' dir='ltr'><strong>Archie·</strong></span> 
     </span>
     <span class='ocr_line' id='line_1_46' title="bbox 789 4607 2366 4691; baseline 0 -22"><span class='ocrx_word' id='word_1_247' title='bbox 789 4607 1087 4691; x_wconf 89' lang='lat' dir='ltr'><strong>piscopus</strong></span> <span class='ocrx_word' id='word_1_248' title='bbox 1139 4608 1424 4672; x_wconf 80' lang='lat' dir='ltr'><strong>Nicosiae</strong></span> <span class='ocrx_word' id='word_1_249' title='bbox 1481 4607 1686 4672; x_wconf 89' lang='lat' dir='ltr'><strong>almae</strong></span> <span class='ocrx_word' id='word_1_250' title='bbox 1731 4607 1916 4672; x_wconf 89' lang='lat' dir='ltr'><strong>Urbis</strong></span> <span class='ocrx_word' id='word_1_251' title='bbox 1972 4608 2366 4672; x_wconf 79' lang='lat' dir='ltr'><strong>Gubernator</strong></span> 
     </span>
     <span class='ocr_line' id='line_1_47' title="bbox 790 4705 2367 4786; baseline -0.001 -18"><span class='ocrx_word' id='word_1_252' title='bbox 790 4705 1363 4771; x_wconf 76' lang='lat' dir='ltr'><strong>vice-Camerarius</strong></span> <span class='ocrx_word' id='word_1_253' title='bbox 1391 4706 1659 4771; x_wconf 84' lang='lat' dir='ltr'><strong>vestitus</strong></span> <span class='ocrx_word' id='word_1_254' title='bbox 1689 4724 1880 4786; x_wconf 87' lang='lat' dir='ltr'><strong>cappa</strong></span> <span class='ocrx_word' id='word_1_255' title='bbox 1900 4747 1921 4777; x_wconf 85' lang='lat'><strong>,</strong></span> <span class='ocrx_word' id='word_1_256' title='bbox 1962 4709 2367 4767; x_wconf 86' lang='lat' dir='ltr'><strong>conservato·</strong></span> 
     </span>
     <span class='ocr_line' id='line_1_48' title="bbox 793 4801 2363 4887; baseline -0.001 -23"><span class='ocrx_word' id='word_1_257' title='bbox 793 4823 897 4866; x_wconf 86' lang='lat' dir='ltr'><strong>res</strong></span> <span class='ocrx_word' id='word_1_258' title='bbox 944 4803 1199 4866; x_wconf 81' lang='lat' dir='ltr'><strong>Romani</strong></span> <span class='ocrx_word' id='word_1_259' title='bbox 1246 4802 1467 4887; x_wconf 85' lang='lat' dir='ltr'><strong>Populi</strong></span> <span class='ocrx_word' id='word_1_260' title='bbox 1514 4809 1741 4869; x_wconf 89' lang='lat' dir='ltr'><strong>comes</strong></span> <span class='ocrx_word' id='word_1_261' title='bbox 1785 4801 2017 4885; x_wconf 75' lang='lat' dir='ltr'><strong>loseph</strong></span> <span class='ocrx_word' id='word_1_262' title='bbox 2061 4801 2309 4865; x_wconf 85' lang='lat' dir='ltr'><strong>Zinanni</strong></span> <span class='ocrx_word' id='word_1_263' title='bbox 2342 4843 2363 4873; x_wconf 86' lang='lat'><strong>,</strong></span> 
     </span>
     <span class='ocr_line' id='line_1_49' title="bbox 791 4897 2364 4982; baseline 0.001 -22"><span class='ocrx_word' id='word_1_264' title='bbox 791 4903 1016 4961; x_wconf 86' lang='lat' dir='ltr'><strong>Comes</strong></span> <span class='ocrx_word' id='word_1_265' title='bbox 1075 4897 1391 4982; x_wconf 86' lang='lat' dir='ltr'><strong>Philippus</strong></span> <span class='ocrx_word' id='word_1_266' title='bbox 1445 4899 1712 4971; x_wconf 73' lang='lat' dir='ltr'><strong>Bocchi,</strong></span> <span class='ocrx_word' id='word_1_267' title='bbox 1772 4905 2042 4962; x_wconf 75' lang='lat' dir='ltr'><strong>loannes</strong></span> <span class='ocrx_word' id='word_1_268' title='bbox 2088 4898 2364 4980; x_wconf 76' lang='lat' dir='ltr'><strong>Baptista</strong></span> 
     </span>
     <span class='ocr_line' id='line_1_50' title="bbox 790 4993 2366 5075; baseline 0 -18"><span class='ocrx_word' id='word_1_269' title='bbox 790 4993 1134 5075; x_wconf 87' lang='lat' dir='ltr'><strong>Sampieri,</strong></span> <span class='ocrx_word' id='word_1_270' title='bbox 1189 5003 1253 5060; x_wconf 91' lang='lat' dir='ltr'><strong>et</strong></span> <span class='ocrx_word' id='word_1_271' title='bbox 1297 4996 1568 5061; x_wconf 73' lang='lat' dir='ltr'><strong>Marchio</strong></span> <span class='ocrx_word' id='word_1_272' title='bbox 1610 5002 1857 5061; x_wconf 71' lang='lat' dir='ltr'><strong>narnus</strong></span> <span class='ocrx_word' id='word_1_273' title='bbox 1898 4998 2124 5058; x_wconf 88' lang='lat' dir='ltr'><strong>corrca</strong></span> <span class='ocrx_word' id='word_1_274' title='bbox 2171 4999 2366 5075; x_wconf 91' lang='lat' dir='ltr'><strong>caput</strong></span> 
     </span>
     <span class='ocr_line' id='line_1_51' title="bbox 792 5090 2365 5176; baseline 0.001 -22"><span class='ocrx_word' id='word_1_275' title='bbox 792 5090 1136 5173; x_wconf 78' lang='lat' dir='ltr'><strong>Regionum</strong></span> <span class='ocrx_word' id='word_1_276' title='bbox 1165 5094 1373 5157; x_wconf 83' lang='lat' dir='ltr'><strong>aureis</strong></span> <span class='ocrx_word' id='word_1_277' title='bbox 1409 5093 1574 5176; x_wconf 86' lang='lat' dir='ltr'><strong>togis</strong></span> <span class='ocrx_word' id='word_1_278' title='bbox 1616 5091 1859 5165; x_wconf 88' lang='lat' dir='ltr'><strong>induti,</strong></span> <span class='ocrx_word' id='word_1_279' title='bbox 1889 5111 1960 5154; x_wconf 85' lang='lat' dir='ltr'><strong>ac</strong></span> <span class='ocrx_word' id='word_1_280' title='bbox 1989 5097 2211 5155; x_wconf 88' lang='lat' dir='ltr'><strong>Orator</strong></span> <span class='ocrx_word' id='word_1_281' title='bbox 2253 5096 2365 5156; x_wconf 85' lang='lat' dir='ltr'><strong>Bo-</strong></span> 
     </span>
     <span class='ocr_line' id='line_1_52' title="bbox 790 5185 2364 5255; baseline 0.001 -5"><span class='ocrx_word' id='word_1_282' title='bbox 790 5186 1012 5252; x_wconf 89' lang='lat' dir='ltr'><strong>noniae</strong></span> <span class='ocrx_word' id='word_1_283' title='bbox 1057 5192 1282 5254; x_wconf 86' lang='lat' dir='ltr'><strong>Comes</strong></span> <span class='ocrx_word' id='word_1_284' title='bbox 1338 5191 1579 5255; x_wconf 84' lang='lat' dir='ltr'><strong>Fulvius</strong></span> <span class='ocrx_word' id='word_1_285' title='bbox 1633 5185 1996 5255; x_wconf 85' lang='lat' dir='ltr'><strong>Bentivolus</strong></span> <span class='ocrx_word' id='word_1_286' title='bbox 2046 5187 2364 5253; x_wconf 80' lang='lat' dir='ltr'><strong>senatoria</strong></span> 
     </span>
    </p>
   </div>
   <div class='ocr_carea' id='block_1_7' title="bbox 887 5395 2063 5470">
    <p class='ocr_par' dir='ltr' id='par_1_12' title="bbox 887 5395 2063 5470">
     <span class='ocr_line' id='line_1_53' title="bbox 887 5395 2063 5470; baseline 0.005 -22"><span class='ocrx_word' id='word_1_287' title='bbox 887 5395 970 5470; x_wconf 85' lang='lat' dir='ltr'><strong>(s)</strong></span> <span class='ocrx_word' id='word_1_288' title='bbox 1014 5398 1205 5453; x_wconf 76' lang='lat' dir='ltr'><strong>Innoe.</strong></span> <span class='ocrx_word' id='word_1_289' title='bbox 1239 5401 1346 5455; x_wconf 89' lang='grc'><em>111.</em></span> <span class='ocrx_word' id='word_1_290' title='bbox 1384 5417 1550 5456; x_wconf 81' lang='lat' dir='ltr'><strong>serm.</strong></span> <span class='ocrx_word' id='word_1_291' title='bbox 1591 5397 1660 5453; x_wconf 72' lang='lat' dir='ltr'><strong>de</strong></span> <span class='ocrx_word' id='word_1_292' title='bbox 1699 5400 1750 5455; x_wconf 83' lang='lat' dir='ltr'><strong>S.</strong></span> <span class='ocrx_word' id='word_1_293' title='bbox 1784 5397 2063 5454; x_wconf 72' lang='lat' dir='ltr'><strong>Silvestre.</strong></span> 
     </span>
    </p>
   </div>
   <div class='ocr_carea' id='block_1_8' title="bbox 2475 731 4090 5284">
    <p class='ocr_par' dir='ltr' id='par_1_13' title="bbox 2475 731 4090 5284">
     <span class='ocr_line' id='line_1_54' title="bbox 2509 731 4075 815; baseline 0.001 -16"><span class='ocrx_word' id='word_1_294' title='bbox 2509 740 2765 799; x_wconf 85' lang='lat' dir='ltr'><strong>consuta</strong></span> <span class='ocrx_word' id='word_1_295' title='bbox 2809 751 2888 796; x_wconf 81' lang='lat' dir='ltr'><strong>ex</strong></span> <span class='ocrx_word' id='word_1_296' title='bbox 2917 731 3279 815; x_wconf 86' lang='lat' dir='ltr'><strong>nuperrima</strong></span> <span class='ocrx_word' id='word_1_297' title='bbox 3307 733 3542 799; x_wconf 83' lang='lat' dir='ltr'><strong>Summi</strong></span> <span class='ocrx_word' id='word_1_298' title='bbox 3588 735 3903 801; x_wconf 61' lang='lat' dir='ltr'><strong>pontificis</strong></span> <span class='ocrx_word' id='word_1_299' title='bbox 3930 759 4075 801; x_wconf 85' lang='lat' dir='ltr'><strong>eon·</strong></span> 
     </span>
     <span class='ocr_line' id='line_1_55' title="bbox 2509 829 4070 917; baseline 0.003 -23"><span class='ocrx_word' id='word_1_300' title='bbox 2509 830 2796 894; x_wconf 85' lang='lat' dir='ltr'><strong>cessione</strong></span> <span class='ocrx_word' id='word_1_301' title='bbox 2825 829 3126 906; x_wconf 71' lang='lat' dir='ltr'><strong>amictus,</strong></span> <span class='ocrx_word' id='word_1_302' title='bbox 3161 839 3223 895; x_wconf 90' lang='lat' dir='ltr'><strong>et</strong></span> <span class='ocrx_word' id='word_1_303' title='bbox 3254 831 3402 913; x_wconf 82' lang='lat' dir='ltr'><strong>quia</strong></span> <span class='ocrx_word' id='word_1_304' title='bbox 3433 831 3641 898; x_wconf 85' lang='lat' dir='ltr'><strong>nullus</strong></span> <span class='ocrx_word' id='word_1_305' title='bbox 3667 854 3748 898; x_wconf 75' lang='lat' dir='ltr'><strong>ex</strong></span> <span class='ocrx_word' id='word_1_306' title='bbox 3779 833 4070 917; x_wconf 80' lang='lat' dir='ltr'><strong>Principi-</strong></span> 
     </span>
     <span class='ocr_line' id='line_1_56' title="bbox 2511 925 4071 1015; baseline 0.006 -26"><span class='ocrx_word' id='word_1_307' title='bbox 2511 927 2629 992; x_wconf 89' lang='lat' dir='ltr'><strong>bus</strong></span> <span class='ocrx_word' id='word_1_308' title='bbox 2672 925 2820 991; x_wconf 88' lang='lat' dir='ltr'><strong>Solii</strong></span> <span class='ocrx_word' id='word_1_309' title='bbox 2858 925 3113 999; x_wconf 73' lang='lat' dir='ltr'><strong>aderat.</strong></span> <span class='ocrx_word' id='word_1_310' title='bbox 3159 927 3370 992; x_wconf 85' lang='lat' dir='ltr'><strong>senior</strong></span> <span class='ocrx_word' id='word_1_311' title='bbox 3396 932 3912 995; x_wconf 70' lang='lat' dir='ltr'><strong>Consonatorum</strong></span> <span class='ocrx_word' id='word_1_312' title='bbox 3953 953 4071 1015; x_wconf 90' lang='lat' dir='ltr'><strong>pro</strong></span> 
     </span>
     <span class='ocr_line' id='line_1_57' title="bbox 2507 1022 4069 1113; baseline 0.004 -26"><span class='ocrx_word' id='word_1_313' title='bbox 2507 1022 2893 1088; x_wconf 79' lang='lat' dir='ltr'><strong>sublevando</strong></span> <span class='ocrx_word' id='word_1_314' title='bbox 2911 1024 3074 1087; x_wconf 88' lang='lat' dir='ltr'><strong>inter</strong></span> <span class='ocrx_word' id='word_1_315' title='bbox 3089 1023 3497 1089; x_wconf 76' lang='lat' dir='ltr'><strong>incedendum</strong></span> <span class='ocrx_word' id='word_1_316' title='bbox 3517 1036 3727 1109; x_wconf 89' lang='lat' dir='ltr'><strong>aptato</strong></span> <span class='ocrx_word' id='word_1_317' title='bbox 3744 1028 4069 1113; x_wconf 80' lang='lat' dir='ltr'><strong>utriusque</strong></span> 
     </span>
     <span class='ocr_line' id='line_1_58' title="bbox 2508 1118 4069 1207; baseline 0.004 -25"><span class='ocrx_word' id='word_1_318' title='bbox 2508 1118 2864 1186; x_wconf 70' lang='lat' dir='ltr'><strong>pontificiae</strong></span> <span class='ocrx_word' id='word_1_319' title='bbox 2892 1120 3086 1186; x_wconf 80' lang='lat' dir='ltr'><strong>vestis</strong></span> <span class='ocrx_word' id='word_1_320' title='bbox 3129 1121 3405 1205; x_wconf 79' lang='lat' dir='ltr'><strong>oblongo</strong></span> <span class='ocrx_word' id='word_1_321' title='bbox 3434 1136 3711 1207; x_wconf 75' lang='lat' dir='ltr'><strong>syrmate</strong></span> <span class='ocrx_word' id='word_1_322' title='bbox 3741 1126 4069 1191; x_wconf 86' lang='lat' dir='ltr'><strong>substitui-</strong></span> 
     </span>
     <span class='ocr_line' id='line_1_59' title="bbox 2506 1220 4067 1309; baseline 0.006 -30"><span class='ocrx_word' id='word_1_323' title='bbox 2506 1224 2626 1279; x_wconf 88' lang='lat' dir='ltr'><strong>tur.</strong></span> <span class='ocrx_word' id='word_1_324' title='bbox 2669 1222 3011 1280; x_wconf 71' lang='lat' dir='ltr'><strong>intererant</strong></span> <span class='ocrx_word' id='word_1_325' title='bbox 3053 1235 3177 1282; x_wconf 77' lang='lat' dir='ltr'><strong>uua</strong></span> <span class='ocrx_word' id='word_1_326' title='bbox 3218 1237 3360 1281; x_wconf 83' lang='lat' dir='ltr'><strong>cum</strong></span> <span class='ocrx_word' id='word_1_327' title='bbox 3404 1220 3704 1286; x_wconf 75' lang='lat' dir='ltr'><strong>Ministris</strong></span> <span class='ocrx_word' id='word_1_328' title='bbox 3745 1222 4067 1309; x_wconf 71' lang='lat' dir='ltr'><strong>Arolythis</strong></span> 
     </span>
     <span class='ocr_line' id='line_1_60' title="bbox 2504 1312 4069 1394; baseline 0.006 -20"><span class='ocrx_word' id='word_1_329' title='bbox 2504 1312 2868 1394; x_wconf 84' lang='lat' dir='ltr'><strong>Signaturae</strong></span> <span class='ocrx_word' id='word_1_330' title='bbox 2895 1312 3188 1378; x_wconf 80' lang='lat' dir='ltr'><strong>Justitiae</strong></span> <span class='ocrx_word' id='word_1_331' title='bbox 3217 1316 3591 1381; x_wconf 86' lang='lat' dir='ltr'><strong>Votantibus</strong></span> <span class='ocrx_word' id='word_1_332' title='bbox 3619 1325 3679 1381; x_wconf 85' lang='lat' dir='ltr'><strong>et</strong></span> <span class='ocrx_word' id='word_1_333' title='bbox 3729 1319 4069 1383; x_wconf 71' lang='lat' dir='ltr'><strong>Abbi-evis·</strong></span> 
     </span>
     <span class='ocr_line' id='line_1_61' title="bbox 2500 1408 4066 1498; baseline 0.008 -28"><span class='ocrx_word' id='word_1_334' title='bbox 2500 1408 2747 1473; x_wconf 90' lang='lat' dir='ltr'><strong>toribus</strong></span> <span class='ocrx_word' id='word_1_335' title='bbox 2789 1409 3047 1475; x_wconf 80' lang='lat' dir='ltr'><strong>Diaconi</strong></span> <span class='ocrx_word' id='word_1_336' title='bbox 3076 1411 3440 1478; x_wconf 72' lang='lat' dir='ltr'><strong>cardinales</strong></span> <span class='ocrx_word' id='word_1_337' title='bbox 3483 1414 3607 1479; x_wconf 84' lang='lat' dir='ltr'><strong>duo</strong></span> <span class='ocrx_word' id='word_1_338' title='bbox 3635 1416 4022 1498; x_wconf 72' lang='lat' dir='ltr'><strong>antiquiores</strong></span> <span class='ocrx_word' id='word_1_339' title='bbox 4044 1462 4066 1493; x_wconf 88' lang='lat'><strong>,</strong></span> 
     </span>
     <span class='ocr_line' id='line_1_62' title="bbox 2501 1506 4065 1582; baseline 0.007 -11"><span class='ocrx_word' id='word_1_340' title='bbox 2501 1507 2583 1571; x_wconf 91' lang='lat' dir='ltr'><strong>de</strong></span> <span class='ocrx_word' id='word_1_341' title='bbox 2613 1506 2865 1573; x_wconf 71' lang='lat' dir='ltr'><strong>Harinis</strong></span> <span class='ocrx_word' id='word_1_342' title='bbox 2891 1506 3157 1582; x_wconf 84' lang='lat' dir='ltr'><strong>scilicet,</strong></span> <span class='ocrx_word' id='word_1_343' title='bbox 3187 1517 3252 1573; x_wconf 91' lang='lat' dir='ltr'><strong>et</strong></span> <span class='ocrx_word' id='word_1_344' title='bbox 3284 1508 3638 1578; x_wconf 75' lang='lat' dir='ltr'><strong>Alexander</strong></span> <span class='ocrx_word' id='word_1_345' title='bbox 3665 1512 3947 1579; x_wconf 74' lang='lat' dir='ltr'><strong>Albanus</strong></span> <span class='ocrx_word' id='word_1_346' title='bbox 3970 1537 4065 1582; x_wconf 84' lang='lat' dir='ltr'><strong>sa-</strong></span> 
     </span>
     <span class='ocr_line' id='line_1_63' title="bbox 2498 1603 4062 1688; baseline 0.005 -18"><span class='ocrx_word' id='word_1_347' title='bbox 2498 1605 2626 1670; x_wconf 89' lang='lat' dir='ltr'><strong>cris</strong></span> <span class='ocrx_word' id='word_1_348' title='bbox 2658 1603 2791 1688; x_wconf 83' lang='lat' dir='ltr'><strong>jam</strong></span> <span class='ocrx_word' id='word_1_349' title='bbox 2836 1605 3086 1671; x_wconf 78' lang='lat' dir='ltr'><strong>Levitici</strong></span> <span class='ocrx_word' id='word_1_350' title='bbox 3115 1607 3369 1672; x_wconf 85' lang='lat' dir='ltr'><strong>Ordinis</strong></span> <span class='ocrx_word' id='word_1_351' title='bbox 3414 1609 3790 1677; x_wconf 86' lang='lat' dir='ltr'><strong>indumentis</strong></span> <span class='ocrx_word' id='word_1_352' title='bbox 3813 1615 4022 1680; x_wconf 87' lang='lat' dir='ltr'><strong>ornati</strong></span> <span class='ocrx_word' id='word_1_353' title='bbox 4046 1660 4062 1678; x_wconf 92' lang='lat'><strong>.</strong></span> 
     </span>
     <span class='ocr_line' id='line_1_64' title="bbox 2497 1701 4057 1790; baseline 0.007 -25"><span class='ocrx_word' id='word_1_354' title='bbox 2497 1706 2732 1766; x_wconf 80' lang='lat' dir='ltr'><strong>Horum</strong></span> <span class='ocrx_word' id='word_1_355' title='bbox 2766 1701 3116 1768; x_wconf 89' lang='lat' dir='ltr'><strong>ministerio</strong></span> <span class='ocrx_word' id='word_1_356' title='bbox 3157 1722 3309 1768; x_wconf 87' lang='lat' dir='ltr'><strong>usus</strong></span> <span class='ocrx_word' id='word_1_357' title='bbox 3353 1705 3686 1783; x_wconf 77' lang='lat' dir='ltr'><strong>Pontifex,</strong></span> <span class='ocrx_word' id='word_1_358' title='bbox 3725 1716 4057 1790; x_wconf 77' lang='lat' dir='ltr'><strong>postauam</strong></span> 
     </span>
     <span class='ocr_line' id='line_1_65' title="bbox 2498 1798 4065 1891; baseline 0.008 -29"><span class='ocrx_word' id='word_1_359' title='bbox 2498 1799 2580 1862; x_wconf 85' lang='lat' dir='ltr'><strong>in·</strong></span> <span class='ocrx_word' id='word_1_360' title='bbox 2604 1799 2825 1866; x_wconf 90' lang='lat' dir='ltr'><strong>intimo</strong></span> <span class='ocrx_word' id='word_1_361' title='bbox 2874 1798 3170 1865; x_wconf 86' lang='lat' dir='ltr'><strong>cubiculo</strong></span> <span class='ocrx_word' id='word_1_362' title='bbox 3207 1800 3494 1884; x_wconf 83' lang='lat' dir='ltr'><strong>ejusdem</strong></span> <span class='ocrx_word' id='word_1_363' title='bbox 3536 1806 3804 1869; x_wconf 79' lang='lat' dir='ltr'><strong>sacrarii</strong></span> <span class='ocrx_word' id='word_1_364' title='bbox 3847 1808 4065 1891; x_wconf 80' lang='lat' dir='ltr'><strong>paulu·</strong></span> 
     </span>
     <span class='ocr_line' id='line_1_66' title="bbox 2500 1895 4063 1990; baseline 0.008 -31"><span class='ocrx_word' id='word_1_365' title='bbox 2500 1895 2630 1960; x_wconf 90' lang='lat' dir='ltr'><strong>lum</strong></span> <span class='ocrx_word' id='word_1_366' title='bbox 2664 1897 3048 1963; x_wconf 67' lang='lat' dir='ltr'><strong>substitisset</strong></span> <span class='ocrx_word' id='word_1_367' title='bbox 3089 1904 3160 1961; x_wconf 88' lang='lat' dir='ltr'><strong>ut</strong></span> <span class='ocrx_word' id='word_1_368' title='bbox 3205 1900 3461 1963; x_wconf 74' lang='lat' dir='ltr'><strong>Faldaas</strong></span> <span class='ocrx_word' id='word_1_369' title='bbox 3501 1903 3856 1985; x_wconf 85' lang='lat' dir='ltr'><strong>acciperat,</strong></span> <span class='ocrx_word' id='word_1_370' title='bbox 3897 1907 4063 1990; x_wconf 80' lang='lat' dir='ltr'><strong>apud</strong></span> 
     </span>
     <span class='ocr_line' id='line_1_67' title="bbox 2493 1992 4064 2079; baseline 0.006 -20"><span class='ocrx_word' id='word_1_371' title='bbox 2493 1998 2774 2059; x_wconf 67' lang='lat' dir='ltr'><strong>Hensam</strong></span> <span class='ocrx_word' id='word_1_372' title='bbox 2816 1992 2880 2055; x_wconf 90' lang='lat' dir='ltr'><strong>in</strong></span> <span class='ocrx_word' id='word_1_373' title='bbox 2923 1994 3236 2061; x_wconf 82' lang='lat' dir='ltr'><strong>antedicta</strong></span> <span class='ocrx_word' id='word_1_374' title='bbox 3278 1993 3438 2061; x_wconf 74' lang='lat' dir='ltr'><strong>Aula</strong></span> <span class='ocrx_word' id='word_1_375' title='bbox 3477 2010 3952 2079; x_wconf 76' lang='lat' dir='ltr'><strong>praeparatam,</strong></span> <span class='ocrx_word' id='word_1_376' title='bbox 3995 2013 4064 2069; x_wconf 80' lang='lat' dir='ltr'><strong>et</strong></span> 
     </span>
     <span class='ocr_line' id='line_1_68' title="bbox 2493 2088 4059 2164; baseline 0.008 -12"><span class='ocrx_word' id='word_1_377' title='bbox 2493 2091 2692 2155; x_wconf 86' lang='lat' dir='ltr'><strong>instar</strong></span> <span class='ocrx_word' id='word_1_378' title='bbox 2731 2088 2879 2157; x_wconf 85' lang='lat' dir='ltr'><strong>lecti</strong></span> <span class='ocrx_word' id='word_1_379' title='bbox 2921 2097 3424 2159; x_wconf 66' lang='lat' dir='ltr'><strong>paramentorum</strong></span> <span class='ocrx_word' id='word_1_380' title='bbox 3467 2103 3816 2160; x_wconf 79' lang='lat' dir='ltr'><strong>extructam</strong></span> <span class='ocrx_word' id='word_1_381' title='bbox 3859 2099 4059 2164; x_wconf 85' lang='lat' dir='ltr'><strong>indui-</strong></span> 
     </span>
     <span class='ocr_line' id='line_1_69' title="bbox 2497 2185 4060 2272; baseline 0.009 -24"><span class='ocrx_word' id='word_1_382' title='bbox 2497 2193 2600 2249; x_wconf 91' lang='lat' dir='ltr'><strong>tur</strong></span> <span class='ocrx_word' id='word_1_383' title='bbox 2625 2185 2870 2252; x_wconf 75' lang='lat' dir='ltr'><strong>Amictu</strong></span> <span class='ocrx_word' id='word_1_384' title='bbox 2892 2229 2914 2259; x_wconf 91' lang='lat'><strong>,</strong></span> <span class='ocrx_word' id='word_1_385' title='bbox 2957 2186 3115 2251; x_wconf 74' lang='lat' dir='ltr'><strong>Alba</strong></span> <span class='ocrx_word' id='word_1_386' title='bbox 3137 2230 3158 2262; x_wconf 91' lang='lat'><strong>,</strong></span> <span class='ocrx_word' id='word_1_387' title='bbox 3189 2188 3448 2271; x_wconf 82' lang='lat' dir='ltr'><strong>cingulo</strong></span> <span class='ocrx_word' id='word_1_388' title='bbox 3467 2233 3488 2263; x_wconf 84' lang='lat'><strong>,</strong></span> <span class='ocrx_word' id='word_1_389' title='bbox 3519 2199 3585 2255; x_wconf 90' lang='lat' dir='ltr'><strong>et</strong></span> <span class='ocrx_word' id='word_1_390' title='bbox 3625 2193 3795 2257; x_wconf 88' lang='lat' dir='ltr'><strong>Stola</strong></span> <span class='ocrx_word' id='word_1_391' title='bbox 3825 2197 4014 2262; x_wconf 88' lang='lat' dir='ltr'><strong>rubra</strong></span> <span class='ocrx_word' id='word_1_392' title='bbox 4038 2243 4060 2272; x_wconf 94' lang='lat'><strong>,</strong></span> 
     </span>
     <span class='ocr_line' id='line_1_70' title="bbox 2495 2282 4059 2369; baseline 0.01 -24"><span class='ocrx_word' id='word_1_393' title='bbox 2495 2304 2656 2365; x_wconf 81' lang='lat' dir='ltr'><strong>quae</strong></span> <span class='ocrx_word' id='word_1_394' title='bbox 2680 2285 2886 2349; x_wconf 88' lang='lat' dir='ltr'><strong>omnia</strong></span> <span class='ocrx_word' id='word_1_395' title='bbox 2915 2282 3367 2349; x_wconf 77' lang='lat' dir='ltr'><strong>Postulatorum</strong></span> <span class='ocrx_word' id='word_1_396' title='bbox 3398 2287 3756 2369; x_wconf 74' lang='lat' dir='ltr'><strong>sumptibus</strong></span> <span class='ocrx_word' id='word_1_397' title='bbox 3777 2293 4059 2369; x_wconf 76' lang='lat' dir='ltr'><strong>confecta</strong></span> 
     </span>
     <span class='ocr_line' id='line_1_71' title="bbox 2491 2380 4059 2469; baseline 0.005 -24"><span class='ocrx_word' id='word_1_398' title='bbox 2491 2381 2570 2445; x_wconf 90' lang='lat' dir='ltr'><strong>ad</strong></span> <span class='ocrx_word' id='word_1_399' title='bbox 2595 2380 2751 2446; x_wconf 80' lang='lat' dir='ltr'><strong>banc</strong></span> <span class='ocrx_word' id='word_1_400' title='bbox 2780 2381 3233 2447; x_wconf 88' lang='lat' dir='ltr'><strong>solemnitatem</strong></span> <span class='ocrx_word' id='word_1_401' title='bbox 3266 2380 3760 2469; x_wconf 50' lang='lat' dir='ltr'><strong>fuerantsasque</strong></span> <span class='ocrx_word' id='word_1_402' title='bbox 3781 2410 3860 2452; x_wconf 80' lang='lat' dir='ltr'><strong>ac</strong></span> <span class='ocrx_word' id='word_1_403' title='bbox 3883 2391 4059 2457; x_wconf 83' lang='lat' dir='ltr'><strong>indn-</strong></span> 
     </span>
     <span class='ocr_line' id='line_1_72' title="bbox 2493 2478 4058 2571; baseline 0.006 -30"><span class='ocrx_word' id='word_1_404' title='bbox 2493 2488 2702 2543; x_wconf 86' lang='lat' dir='ltr'><strong>menta</strong></span> <span class='ocrx_word' id='word_1_405' title='bbox 2731 2478 2851 2543; x_wconf 85' lang='lat' dir='ltr'><strong>alia</strong></span> <span class='ocrx_word' id='word_1_406' title='bbox 2881 2499 3052 2543; x_wconf 86' lang='lat' dir='ltr'><strong>sacra</strong></span> <span class='ocrx_word' id='word_1_407' title='bbox 3090 2478 3403 2544; x_wconf 77' lang='lat' dir='ltr'><strong>Pontificis</strong></span> <span class='ocrx_word' id='word_1_408' title='bbox 3430 2485 3560 2542; x_wconf 90' lang='lat' dir='ltr'><strong>tum</strong></span> <span class='ocrx_word' id='word_1_409' title='bbox 3593 2481 3860 2549; x_wconf 80' lang='lat' dir='ltr'><strong>aliorum</strong></span> <span class='ocrx_word' id='word_1_410' title='bbox 3887 2530 3909 2561; x_wconf 92' lang='lat'><strong><em>‚</em></strong></span> <span class='ocrx_word' id='word_1_411' title='bbox 3951 2489 4058 2571; x_wconf 83' lang='lat' dir='ltr'><strong>qui</strong></span> 
     </span>
     <span class='ocr_line' id='line_1_73' title="bbox 2491 2574 4059 2649; baseline 0.01 -15"><span class='ocrx_word' id='word_1_412' title='bbox 2491 2574 2554 2637; x_wconf 90' lang='lat' dir='ltr'><strong>in</strong></span> <span class='ocrx_word' id='word_1_413' title='bbox 2615 2574 2971 2640; x_wconf 88' lang='lat' dir='ltr'><strong>ministerio</strong></span> <span class='ocrx_word' id='word_1_414' title='bbox 3022 2575 3253 2639; x_wconf 74' lang='lat' dir='ltr'><strong>Altaris</strong></span> <span class='ocrx_word' id='word_1_415' title='bbox 3312 2578 3632 2642; x_wconf 78' lang='lat' dir='ltr'><strong>Sanc-titali</strong></span> <span class='ocrx_word' id='word_1_416' title='bbox 3675 2586 3834 2647; x_wconf 87' lang='lat' dir='ltr'><strong>Suae</strong></span> <span class='ocrx_word' id='word_1_417' title='bbox 3882 2594 4059 2649; x_wconf 84' lang='lat' dir='ltr'><strong>erant</strong></span> 
     </span>
     <span class='ocr_line' id='line_1_74' title="bbox 2488 2669 4058 2760; baseline 0.006 -27"><span class='ocrx_word' id='word_1_418' title='bbox 2488 2669 2891 2735; x_wconf 72' lang='lat' dir='ltr'><strong>famulaturie</strong></span> <span class='ocrx_word' id='word_1_419' title='bbox 2941 2671 3246 2735; x_wconf 80' lang='lat' dir='ltr'><strong>cardinali</strong></span> <span class='ocrx_word' id='word_1_420' title='bbox 3293 2672 3636 2756; x_wconf 81' lang='lat' dir='ltr'><strong>Burghesio</strong></span> <span class='ocrx_word' id='word_1_421' title='bbox 3684 2678 4058 2760; x_wconf 83' lang='lat' dir='ltr'><strong>antiquioris</strong></span> 
     </span>
     <span class='ocr_line' id='line_1_75' title="bbox 2491 2766 4061 2857; baseline 0.003 -26"><span class='ocrx_word' id='word_1_422' title='bbox 2491 2767 2846 2853; x_wconf 73' lang='lat' dir='ltr'><strong>Presbyteri</strong></span> <span class='ocrx_word' id='word_1_423' title='bbox 2878 2766 3048 2833; x_wconf 78' lang='lat' dir='ltr'><strong>vices</strong></span> <span class='ocrx_word' id='word_1_424' title='bbox 3078 2767 3431 2850; x_wconf 79' lang='lat' dir='ltr'><strong>supplente,</strong></span> <span class='ocrx_word' id='word_1_425' title='bbox 3462 2779 3524 2835; x_wconf 89' lang='lat' dir='ltr'><strong>et</strong></span> <span class='ocrx_word' id='word_1_426' title='bbox 3554 2790 3831 2837; x_wconf 81' lang='lat' dir='ltr'><strong>acerram</strong></span> <span class='ocrx_word' id='word_1_427' title='bbox 3863 2778 4061 2857; x_wconf 73' lang='lat' dir='ltr'><strong>porri·</strong></span> 
     </span>
     <span class='ocr_line' id='line_1_76' title="bbox 2489 2864 4057 2951; baseline 0.003 -20"><span class='ocrx_word' id='word_1_428' title='bbox 2489 2873 2679 2951; x_wconf 82' lang='lat' dir='ltr'><strong>gente</strong></span> <span class='ocrx_word' id='word_1_429' title='bbox 2723 2864 2867 2930; x_wconf 88' lang='lat' dir='ltr'><strong>tbus</strong></span> <span class='ocrx_word' id='word_1_430' title='bbox 2908 2865 2989 2929; x_wconf 90' lang='lat' dir='ltr'><strong>de</strong></span> <span class='ocrx_word' id='word_1_431' title='bbox 3033 2884 3210 2931; x_wconf 86' lang='lat' dir='ltr'><strong>more</strong></span> <span class='ocrx_word' id='word_1_432' title='bbox 3253 2864 3468 2948; x_wconf 83' lang='lat' dir='ltr'><strong>injecit</strong></span> <span class='ocrx_word' id='word_1_433' title='bbox 3514 2867 3576 2931; x_wconf 91' lang='lat' dir='ltr'><strong>in</strong></span> <span class='ocrx_word' id='word_1_434' title='bbox 3620 2868 4057 2949; x_wconf 86' lang='lat' dir='ltr'><strong>thuribulum,</strong></span> 
     </span>
     <span class='ocr_line' id='line_1_77' title="bbox 2487 2962 4056 3049; baseline -0.004 -21"><span class='ocrx_word' id='word_1_435' title='bbox 2487 2971 2864 3046; x_wconf 86' lang='lat' dir='ltr'><strong>sumptoque</strong></span> <span class='ocrx_word' id='word_1_436' title='bbox 2907 2962 3139 3028; x_wconf 86' lang='lat' dir='ltr'><strong>deinde</strong></span> <span class='ocrx_word' id='word_1_437' title='bbox 3181 2981 3408 3047; x_wconf 86' lang='lat' dir='ltr'><strong>magno</strong></span> <span class='ocrx_word' id='word_1_438' title='bbox 3438 2981 3507 3025; x_wconf 73' lang='lat' dir='ltr'><strong>ar</strong></span> <span class='ocrx_word' id='word_1_439' title='bbox 3551 2966 3876 3049; x_wconf 77' lang='lat' dir='ltr'><strong>peramplo</strong></span> <span class='ocrx_word' id='word_1_440' title='bbox 3915 2969 4056 3035; x_wconf 73' lang='lat' dir='ltr'><strong>plu-</strong></span> 
     </span>
     <span class='ocr_line' id='line_1_78' title="bbox 2487 3058 4057 3149; baseline 0.006 -28"><span class='ocrx_word' id='word_1_441' title='bbox 2487 3059 2633 3124; x_wconf 79' lang='lat' dir='ltr'><strong>viali</strong></span> <span class='ocrx_word' id='word_1_442' title='bbox 2690 3058 2917 3144; x_wconf 81' lang='lat' dir='ltr'><strong>(quod</strong></span> <span class='ocrx_word' id='word_1_443' title='bbox 2962 3062 3242 3123; x_wconf 70' lang='lat' dir='ltr'><strong>Mantum</strong></span> <span class='ocrx_word' id='word_1_444' title='bbox 3291 3060 3696 3149; x_wconf 89' lang='lat' dir='ltr'><strong>appellant),</strong></span> <span class='ocrx_word' id='word_1_445' title='bbox 3749 3073 3807 3128; x_wconf 90' lang='lat' dir='ltr'><strong>et</strong></span> <span class='ocrx_word' id='word_1_446' title='bbox 3864 3087 4057 3149; x_wconf 87' lang='lat' dir='ltr'><strong>super</strong></span> 
     </span>
     <span class='ocr_line' id='line_1_79' title="bbox 2485 3156 4055 3242; baseline 0.004 -21"><span class='ocrx_word' id='word_1_447' title='bbox 2485 3156 2627 3239; x_wconf 82' lang='lat' dir='ltr'><strong>ejus</strong></span> <span class='ocrx_word' id='word_1_448' title='bbox 2652 3156 2910 3222; x_wconf 83' lang='lat' dir='ltr'><strong>fibulam</strong></span> <span class='ocrx_word' id='word_1_449' title='bbox 2945 3156 3254 3220; x_wconf 77' lang='lat' dir='ltr'><strong>Formalio</strong></span> <span class='ocrx_word' id='word_1_450' title='bbox 3283 3156 3654 3242; x_wconf 80' lang='lat' dir='ltr'><strong>(Pectorale</strong></span> <span class='ocrx_word' id='word_1_451' title='bbox 3685 3162 3876 3225; x_wconf 78' lang='lat' dir='ltr'><strong>etiam</strong></span> <span class='ocrx_word' id='word_1_452' title='bbox 3911 3166 4055 3230; x_wconf 86' lang='lat' dir='ltr'><strong>dici·</strong></span> 
     </span>
     <span class='ocr_line' id='line_1_80' title="bbox 2486 3254 4059 3336; baseline 0.009 -20"><span class='ocrx_word' id='word_1_453' title='bbox 2486 3260 2589 3318; x_wconf 90' lang='lat' dir='ltr'><strong>tur</strong></span> <span class='ocrx_word' id='word_1_454' title='bbox 2616 3255 2784 3336; x_wconf 81' lang='lat' dir='ltr'><strong>quod</strong></span> <span class='ocrx_word' id='word_1_455' title='bbox 2827 3254 3152 3336; x_wconf 90' lang='lat' dir='ltr'><strong>antiquum</strong></span> <span class='ocrx_word' id='word_1_456' title='bbox 3183 3256 3411 3319; x_wconf 86' lang='lat' dir='ltr'><strong>summi</strong></span> <span class='ocrx_word' id='word_1_457' title='bbox 3447 3259 3806 3324; x_wconf 86' lang='lat' dir='ltr'><strong>Sacerdotis</strong></span> <span class='ocrx_word' id='word_1_458' title='bbox 3851 3262 4059 3330; x_wconf 80' lang='lat' dir='ltr'><strong>Ratio·</strong></span> 
     </span>
     <span class='ocr_line' id='line_1_81' title="bbox 2484 3347 4052 3435; baseline 0.008 -23"><span class='ocrx_word' id='word_1_459' title='bbox 2484 3350 2629 3413; x_wconf 87' lang='lat' dir='ltr'><strong>nale</strong></span> <span class='ocrx_word' id='word_1_460' title='bbox 2660 3347 3138 3435; x_wconf 80' lang='lat' dir='ltr'><strong>repraesentat)</strong></span> <span class='ocrx_word' id='word_1_461' title='bbox 3182 3350 3452 3434; x_wconf 88' lang='lat' dir='ltr'><strong>gemmis</strong></span> <span class='ocrx_word' id='word_1_462' title='bbox 3480 3361 3547 3417; x_wconf 90' lang='lat' dir='ltr'><strong>et</strong></span> <span class='ocrx_word' id='word_1_463' title='bbox 3573 3356 3706 3417; x_wconf 89' lang='lat' dir='ltr'><strong>auri</strong></span> <span class='ocrx_word' id='word_1_464' title='bbox 3738 3357 4052 3426; x_wconf 71' lang='lat' dir='ltr'><strong>caelatura</strong></span> 
     </span>
     <span class='ocr_line' id='line_1_82' title="bbox 2483 3445 4090 3530; baseline 0.005 -20"><span class='ocrx_word' id='word_1_465' title='bbox 2483 3445 2979 3530; x_wconf 65' lang='lat' dir='ltr'><strong>pretiosissimo,</strong></span> <span class='ocrx_word' id='word_1_466' title='bbox 3014 3446 3261 3510; x_wconf 83' lang='lat' dir='ltr'><strong>tandem</strong></span> <span class='ocrx_word' id='word_1_467' title='bbox 3293 3466 3465 3514; x_wconf 84' lang='lat' dir='ltr'><strong>sacra</strong></span> <span class='ocrx_word' id='word_1_468' title='bbox 3496 3450 3830 3518; x_wconf 86' lang='lat' dir='ltr'><strong>redimitus</strong></span> <span class='ocrx_word' id='word_1_469' title='bbox 3872 3450 4090 3524; x_wconf 74' lang='lat' dir='ltr'><strong>‘riam‘</strong></span> 
     </span>
     <span class='ocr_line' id='line_1_83' title="bbox 2482 3544 4045 3632; baseline 0.005 -23"><span class='ocrx_word' id='word_1_470' title='bbox 2482 3553 2579 3609; x_wconf 90' lang='lat' dir='ltr'><strong>est</strong></span> <span class='ocrx_word' id='word_1_471' title='bbox 2599 3589 2621 3618; x_wconf 89' lang='lat'><strong>,</strong></span> <span class='ocrx_word' id='word_1_472' title='bbox 2650 3564 2852 3627; x_wconf 89' lang='lat' dir='ltr'><strong>quae,</strong></span> <span class='ocrx_word' id='word_1_473' title='bbox 2896 3564 3036 3607; x_wconf 92' lang='lat' dir='ltr'><strong>cum</strong></span> <span class='ocrx_word' id='word_1_474' title='bbox 3068 3544 3295 3627; x_wconf 89' lang='lat' dir='ltr'><strong>triplici</strong></span> <span class='ocrx_word' id='word_1_475' title='bbox 3341 3567 3570 3612; x_wconf 86' lang='lat' dir='ltr'><strong>corona</strong></span> <span class='ocrx_word' id='word_1_476' title='bbox 3600 3562 4045 3632; x_wconf 79' lang='lat' dir='ltr'><strong>componatur,</strong></span> 
     </span>
     <span class='ocr_line' id='line_1_84' title="bbox 2481 3641 4046 3731; baseline 0.006 -26"><span class='ocrx_word' id='word_1_477' title='bbox 2481 3649 2759 3725; x_wconf 81' lang='lat' dir='ltr'><strong>Regnum</strong></span> <span class='ocrx_word' id='word_1_478' title='bbox 2793 3641 3183 3706; x_wconf 82' lang='lat' dir='ltr'><strong>communius</strong></span> <span class='ocrx_word' id='word_1_479' title='bbox 3210 3642 3551 3708; x_wconf 68' lang='lat' dir='ltr'><strong>vocitatur:</strong></span> <span class='ocrx_word' id='word_1_480' title='bbox 3586 3647 3678 3731; x_wconf 90' lang='lat' dir='ltr'><strong>(a)</strong></span> <span class='ocrx_word' id='word_1_481' title='bbox 3707 3653 3782 3709; x_wconf 72' lang='lat' dir='ltr'><strong>Ia</strong></span> <span class='ocrx_word' id='word_1_482' title='bbox 3809 3657 4046 3728; x_wconf 67' lang='lat' dir='ltr'><strong>sianum</strong></span> 
     </span>
     <span class='ocr_line' id='line_1_85' title="bbox 2477 3743 4048 3826; baseline 0.007 -25"><span class='ocrx_word' id='word_1_483' title='bbox 2477 3746 2629 3802; x_wconf 77' lang='lat' dir='ltr'><strong>enim</strong></span> <span class='ocrx_word' id='word_1_484' title='bbox 2665 3744 2916 3818; x_wconf 66' lang='lat' dir='ltr'><strong>imperii</strong></span> <span class='ocrx_word' id='word_1_485' title='bbox 2941 3743 3211 3803; x_wconf 71' lang='lat' dir='ltr'><strong>Summus</strong></span> <span class='ocrx_word' id='word_1_486' title='bbox 3241 3744 3541 3820; x_wconf 72' lang='lat' dir='ltr'><strong>Pontifex</strong></span> <span class='ocrx_word' id='word_1_487' title='bbox 3585 3750 3779 3808; x_wconf 72' lang='lat' dir='ltr'><strong>utitur</strong></span> <span class='ocrx_word' id='word_1_488' title='bbox 3807 3752 4048 3826; x_wconf 64' lang='grc' dir='ltr'><strong>Βιςηος</strong></span> 
     </span>
     <span class='ocr_line' id='line_1_86' title="bbox 2481 3839 4049 3917; baseline 0.005 -18"><span class='ocrx_word' id='word_1_489' title='bbox 2481 3848 2538 3899; x_wconf 81' lang='lat' dir='ltr'><strong>st</strong></span> <span class='ocrx_word' id='word_1_490' title='bbox 2567 3842 2635 3899; x_wconf 75' lang='lat' dir='ltr'><strong>in</strong></span> <span class='ocrx_word' id='word_1_491' title='bbox 2660 3842 2901 3915; x_wconf 66' lang='lat' dir='ltr'><strong>sianum</strong></span> <span class='ocrx_word' id='word_1_492' title='bbox 2951 3839 3321 3917; x_wconf 72' lang='lat' dir='ltr'><strong>Pontiflralt‘s</strong></span> <span class='ocrx_word' id='word_1_493' title='bbox 3361 3844 3679 3917; x_wconf 66' lang='lat' dir='ltr'><strong>dignitatis</strong></span> <span class='ocrx_word' id='word_1_494' title='bbox 3708 3849 3907 3907; x_wconf 78' lang='lat' dir='ltr'><strong>utitur</strong></span> <span class='ocrx_word' id='word_1_495' title='bbox 3933 3851 4049 3912; x_wconf 63' lang='lat' dir='ltr'><strong>ua·-</strong></span> 
     </span>
     <span class='ocr_line' id='line_1_87' title="bbox 2481 3934 4048 4017; baseline 0.008 -21"><span class='ocrx_word' id='word_1_496' title='bbox 2481 3948 2582 3998; x_wconf 76' lang='lat' dir='ltr'><strong>tro</strong></span> <span class='ocrx_word' id='word_1_497' title='bbox 2602 3957 2627 4007; x_wconf 78' lang='lat'>3</span> <span class='ocrx_word' id='word_1_498' title='bbox 2669 3943 2736 3998; x_wconf 85' lang='lat' dir='ltr'><strong>et</strong></span> <span class='ocrx_word' id='word_1_499' title='bbox 2765 3934 3175 4017; x_wconf 80' lang='lat' dir='ltr'><strong>praecedente</strong></span> <span class='ocrx_word' id='word_1_500' title='bbox 3205 3939 3400 4000; x_wconf 88' lang='lat' dir='ltr'><strong>Cruce</strong></span> <span class='ocrx_word' id='word_1_501' title='bbox 3431 3935 3592 4000; x_wconf 88' lang='lat' dir='ltr'><strong>elata</strong></span> <span class='ocrx_word' id='word_1_502' title='bbox 3636 3937 3799 4001; x_wconf 88' lang='lat' dir='ltr'><strong>inter</strong></span> <span class='ocrx_word' id='word_1_503' title='bbox 3824 3943 4048 4008; x_wconf 84' lang='lat' dir='ltr'><strong>cande-</strong></span> 
     </span>
     <span class='ocr_line' id='line_1_88' title="bbox 2477 4027 4046 4114; baseline 0.008 -23"><span class='ocrx_word' id='word_1_504' title='bbox 2477 4027 2654 4095; x_wconf 87' lang='lat' dir='ltr'><strong>labra</strong></span> <span class='ocrx_word' id='word_1_505' title='bbox 2685 4039 2929 4114; x_wconf 88' lang='lat' dir='ltr'><strong>septem</strong></span> <span class='ocrx_word' id='word_1_506' title='bbox 2955 4029 3036 4092; x_wconf 88' lang='lat' dir='ltr'><strong>ab</strong></span> <span class='ocrx_word' id='word_1_507' title='bbox 3081 4029 3385 4095; x_wconf 79' lang='lat' dir='ltr'><strong>Auditore</strong></span> <span class='ocrx_word' id='word_1_508' title='bbox 3417 4039 3611 4098; x_wconf 76' lang='lat' dir='ltr'><strong>Rotae</strong></span> <span class='ocrx_word' id='word_1_509' title='bbox 3653 4035 4046 4104; x_wconf 81' lang='lat' dir='ltr'><strong>Subdiacono</strong></span> 
     </span>
     <span class='ocr_line' id='line_1_89' title="bbox 2481 4125 4042 4213; baseline 0.007 -23"><span class='ocrx_word' id='word_1_510' title='bbox 2481 4126 2839 4210; x_wconf 77' lang='lat' dir='ltr'><strong>Apostolico</strong></span> <span class='ocrx_word' id='word_1_511' title='bbox 2882 4125 3199 4191; x_wconf 86' lang='lat' dir='ltr'><strong>Tunicella</strong></span> <span class='ocrx_word' id='word_1_512' title='bbox 3241 4127 3460 4191; x_wconf 88' lang='lat' dir='ltr'><strong>induto</strong></span> <span class='ocrx_word' id='word_1_513' title='bbox 3504 4131 3698 4213; x_wconf 88' lang='lat' dir='ltr'><strong>pedes</strong></span> <span class='ocrx_word' id='word_1_514' title='bbox 3738 4134 3935 4200; x_wconf 79' lang='lat' dir='ltr'><strong>exivit</strong></span> <span class='ocrx_word' id='word_1_515' title='bbox 3981 4137 4042 4200; x_wconf 87' lang='lat' dir='ltr'><strong>in</strong></span> 
     </span>
     <span class='ocr_line' id='line_1_90' title="bbox 2477 4223 4043 4307; baseline 0.006 -19"><span class='ocrx_word' id='word_1_516' title='bbox 2477 4224 2824 4307; x_wconf 82' lang='lat' dir='ltr'><strong>proximum</strong></span> <span class='ocrx_word' id='word_1_517' title='bbox 2869 4223 3027 4288; x_wconf 84' lang='lat' dir='ltr'><strong>Sixti</strong></span> <span class='ocrx_word' id='word_1_518' title='bbox 3072 4230 3175 4287; x_wconf 83' lang='lat' dir='ltr'><strong>lv.</strong></span> <span class='ocrx_word' id='word_1_519' title='bbox 3220 4223 3560 4289; x_wconf 68' lang='lat' dir='ltr'><strong>Sacellum.</strong></span> <span class='ocrx_word' id='word_1_520' title='bbox 3598 4226 3739 4291; x_wconf 81' lang='lat' dir='ltr'><strong>Flos</strong></span> <span class='ocrx_word' id='word_1_521' title='bbox 3782 4228 3934 4294; x_wconf 88' lang='lat' dir='ltr'><strong>illuc</strong></span> <span class='ocrx_word' id='word_1_522' title='bbox 3975 4240 4043 4298; x_wconf 90' lang='lat' dir='ltr'><strong>et</strong></span> 
     </span>
     <span class='ocr_line' id='line_1_91' title="bbox 2477 4319 4041 4404; baseline 0.008 -22"><span class='ocrx_word' id='word_1_523' title='bbox 2477 4320 2776 4404; x_wconf 85' lang='lat' dir='ltr'><strong>splendor</strong></span> <span class='ocrx_word' id='word_1_524' title='bbox 2817 4319 3240 4385; x_wconf 84' lang='lat' dir='ltr'><strong>Ecclesiastici</strong></span> <span class='ocrx_word' id='word_1_525' title='bbox 3286 4322 3534 4386; x_wconf 85' lang='lat' dir='ltr'><strong>Ordinis</strong></span> <span class='ocrx_word' id='word_1_526' title='bbox 3574 4325 3776 4389; x_wconf 84' lang='lat' dir='ltr'><strong>omnia</strong></span> <span class='ocrx_word' id='word_1_527' title='bbox 3817 4349 4041 4395; x_wconf 85' lang='lat' dir='ltr'><strong>conve·</strong></span> 
     </span>
     <span class='ocr_line' id='line_1_92' title="bbox 2480 4415 4044 4502; baseline 0.005 -22"><span class='ocrx_word' id='word_1_528' title='bbox 2480 4426 2653 4481; x_wconf 87' lang='lat' dir='ltr'><strong>nerat</strong></span> <span class='ocrx_word' id='word_1_529' title='bbox 2675 4459 2696 4491; x_wconf 95' lang='lat'><strong>,</strong></span> <span class='ocrx_word' id='word_1_530' title='bbox 2727 4415 2831 4498; x_wconf 90' lang='lat' dir='ltr'><strong>qui</strong></span> <span class='ocrx_word' id='word_1_531' title='bbox 2866 4422 2957 4479; x_wconf 90' lang='lat' dir='ltr'><strong>tot</strong></span> <span class='ocrx_word' id='word_1_532' title='bbox 2988 4415 3311 4481; x_wconf 89' lang='lat' dir='ltr'><strong>distinctus</strong></span> <span class='ocrx_word' id='word_1_533' title='bbox 3341 4417 3702 4502; x_wconf 80' lang='lat' dir='ltr'><strong>dignitatum</strong></span> <span class='ocrx_word' id='word_1_534' title='bbox 3734 4431 3799 4485; x_wconf 90' lang='lat' dir='ltr'><strong>et</strong></span> <span class='ocrx_word' id='word_1_535' title='bbox 3830 4443 4044 4490; x_wconf 85' lang='lat' dir='ltr'><strong>mune·</strong></span> 
     </span>
     <span class='ocr_line' id='line_1_93' title="bbox 2478 4511 4042 4597; baseline 0.006 -20"><span class='ocrx_word' id='word_1_536' title='bbox 2478 4535 2614 4578; x_wconf 88' lang='lat' dir='ltr'><strong>rum</strong></span> <span class='ocrx_word' id='word_1_537' title='bbox 2645 4511 2943 4597; x_wconf 89' lang='lat' dir='ltr'><strong>gradibus</strong></span> <span class='ocrx_word' id='word_1_538' title='bbox 2971 4519 3265 4596; x_wconf 84' lang='lat' dir='ltr'><strong>Sponsam</strong></span> <span class='ocrx_word' id='word_1_539' title='bbox 3295 4514 3543 4590; x_wconf 86' lang='lat' dir='ltr'><strong>christi,</strong></span> <span class='ocrx_word' id='word_1_540' title='bbox 3572 4527 3843 4581; x_wconf 84' lang='lat' dir='ltr'><strong>sanctam</strong></span> <span class='ocrx_word' id='word_1_541' title='bbox 3874 4521 4042 4586; x_wconf 78' lang='lat' dir='ltr'><strong>vide·</strong></span> 
     </span>
     <span class='ocr_line' id='line_1_94' title="bbox 2479 4608 4047 4701; baseline 0.006 -29"><span class='ocrx_word' id='word_1_542' title='bbox 2479 4611 2622 4675; x_wconf 87' lang='lat' dir='ltr'><strong>licet</strong></span> <span class='ocrx_word' id='word_1_543' title='bbox 2657 4608 2997 4675; x_wconf 79' lang='lat' dir='ltr'><strong>Ecclesiam</strong></span> <span class='ocrx_word' id='word_1_544' title='bbox 3029 4611 3395 4675; x_wconf 85' lang='lat' dir='ltr'><strong>varietatem</strong></span> <span class='ocrx_word' id='word_1_545' title='bbox 3425 4614 3867 4680; x_wconf 86' lang='lat' dir='ltr'><strong>circumdatam</strong></span> <span class='ocrx_word' id='word_1_546' title='bbox 3888 4619 4047 4701; x_wconf 85' lang='lat' dir='ltr'><strong>obji-</strong></span> 
     </span>
     <span class='ocr_line' id='line_1_95' title="bbox 2476 4706 4046 4779; baseline 0.003 -7"><span class='ocrx_word' id='word_1_547' title='bbox 2476 4707 2680 4772; x_wconf 88' lang='lat' dir='ltr'><strong>ciebat</strong></span> <span class='ocrx_word' id='word_1_548' title='bbox 2713 4706 3084 4771; x_wconf 90' lang='lat' dir='ltr'><strong>intuentium</strong></span> <span class='ocrx_word' id='word_1_549' title='bbox 3117 4707 3354 4772; x_wconf 74' lang='lat' dir='ltr'><strong>oculisz</strong></span> <span class='ocrx_word' id='word_1_550' title='bbox 3400 4710 3674 4775; x_wconf 79' lang='lat' dir='ltr'><strong>Aderant</strong></span> <span class='ocrx_word' id='word_1_551' title='bbox 3707 4714 3873 4776; x_wconf 87' lang='lat' dir='ltr'><strong>enim</strong></span> <span class='ocrx_word' id='word_1_552' title='bbox 3903 4719 4046 4779; x_wconf 87' lang='lat' dir='ltr'><strong>Car·</strong></span> 
     </span>
     <span class='ocr_line' id='line_1_96' title="bbox 2478 4803 4043 4889; baseline 0.005 -20"><span class='ocrx_word' id='word_1_553' title='bbox 2478 4804 2764 4876; x_wconf 84' lang='lat' dir='ltr'><strong>dinales,</strong></span> <span class='ocrx_word' id='word_1_554' title='bbox 2805 4823 2965 4886; x_wconf 84' lang='lat' dir='ltr'><strong>quos</strong></span> <span class='ocrx_word' id='word_1_555' title='bbox 3005 4803 3180 4887; x_wconf 83' lang='lat' dir='ltr'><strong>juxta</strong></span> <span class='ocrx_word' id='word_1_556' title='bbox 3227 4806 3531 4889; x_wconf 82' lang='lat' dir='ltr'><strong>cujusque</strong></span> <span class='ocrx_word' id='word_1_557' title='bbox 3580 4810 3739 4873; x_wconf 85' lang='lat' dir='ltr'><strong>sacri</strong></span> <span class='ocrx_word' id='word_1_558' title='bbox 3796 4812 4043 4877; x_wconf 87' lang='lat' dir='ltr'><strong>Ordinis</strong></span> 
     </span>
     <span class='ocr_line' id='line_1_97' title="bbox 2475 4900 4042 4989; baseline 0.004 -24"><span class='ocrx_word' id='word_1_559' title='bbox 2475 4901 2734 4989; x_wconf 89' lang='lat' dir='ltr'><strong>gradum</strong></span> <span class='ocrx_word' id='word_1_560' title='bbox 2781 4900 3059 4982; x_wconf 88' lang='lat' dir='ltr'><strong>speciosa</strong></span> <span class='ocrx_word' id='word_1_561' title='bbox 3101 4901 3291 4966; x_wconf 78' lang='lat' dir='ltr'><strong>vestis</strong></span> <span class='ocrx_word' id='word_1_562' title='bbox 3325 4902 3832 4969; x_wconf 74' lang='lat' dir='ltr'><strong>discriminabatz</strong></span> <span class='ocrx_word' id='word_1_563' title='bbox 3882 4910 4042 4972; x_wconf 75' lang='lat' dir='ltr'><strong>Ade-</strong></span> 
     </span>
     <span class='ocr_line' id='line_1_98' title="bbox 2481 4996 4041 5082; baseline 0.003 -19"><span class='ocrx_word' id='word_1_564' title='bbox 2481 5010 2615 5064; x_wconf 89' lang='lat' dir='ltr'><strong>rant</strong></span> <span class='ocrx_word' id='word_1_565' title='bbox 2647 4996 3063 5072; x_wconf 65' lang='lat' dir='ltr'><strong>patriarchae,</strong></span> <span class='ocrx_word' id='word_1_566' title='bbox 3089 4998 3589 5082; x_wconf 68' lang='lat' dir='ltr'><strong>archiepiscopi,</strong></span> <span class='ocrx_word' id='word_1_567' title='bbox 3619 5004 3900 5070; x_wconf 70' lang='lat' dir='ltr'><strong>Abbates</strong></span> <span class='ocrx_word' id='word_1_568' title='bbox 3921 5025 4041 5069; x_wconf 86' lang='lat' dir='ltr'><strong>nou</strong></span> 
     </span>
     <span class='ocr_line' id='line_1_99' title="bbox 2484 5093 4042 5184; baseline 0.002 -23"><span class='ocrx_word' id='word_1_569' title='bbox 2484 5099 2686 5161; x_wconf 89' lang='lat' dir='ltr'><strong>minus</strong></span> <span class='ocrx_word' id='word_1_570' title='bbox 2731 5093 3029 5178; x_wconf 76' lang='lat' dir='ltr'><strong>dignitate</strong></span> <span class='ocrx_word' id='word_1_571' title='bbox 3061 5140 3081 5170; x_wconf 91' lang='lat'><strong>,</strong></span> <span class='ocrx_word' id='word_1_572' title='bbox 3124 5116 3309 5178; x_wconf 87' lang='lat' dir='ltr'><strong>quam</strong></span> <span class='ocrx_word' id='word_1_573' title='bbox 3353 5097 3630 5162; x_wconf 85' lang='lat' dir='ltr'><strong>doctrina</strong></span> <span class='ocrx_word' id='word_1_574' title='bbox 3682 5102 4042 5184; x_wconf 75' lang='lat' dir='ltr'><strong>conspicui,</strong></span> 
     </span>
     <span class='ocr_line' id='line_1_100' title="bbox 2480 5193 4045 5284; baseline 0.003 -25"><span class='ocrx_word' id='word_1_575' title='bbox 2480 5194 2584 5279; x_wconf 84' lang='lat' dir='ltr'><strong>qui</strong></span> <span class='ocrx_word' id='word_1_576' title='bbox 2613 5194 2872 5257; x_wconf 87' lang='lat' dir='ltr'><strong>rubrum</strong></span> <span class='ocrx_word' id='word_1_577' title='bbox 2915 5211 3136 5258; x_wconf 83' lang='lat' dir='ltr'><strong>omnes</strong></span> <span class='ocrx_word' id='word_1_578' title='bbox 3178 5193 3311 5257; x_wconf 88' lang='lat' dir='ltr'><strong>sine</strong></span> <span class='ocrx_word' id='word_1_579' title='bbox 3342 5194 3698 5263; x_wconf 78' lang='lat' dir='ltr'><strong>discrimine</strong></span> <span class='ocrx_word' id='word_1_580' title='bbox 3745 5200 4045 5284; x_wconf 80' lang='lat' dir='ltr'><strong>gerebant</strong></span> 
     </span>
    </p>
   </div>
  </div>
 </body>
</html>
