4442 6300
999 538 1070 588 78
1986 538 2186 589 Atxra
2232 538 2885 591 CANONtZA'rtONts

817 680 1157 762 respirandi
1210 679 1639 744 difficultatem
1692 680 1988 753 haberet,
2053 690 2376 745 crescente

814 789 1031 860 postea
1064 785 1268 842 aetate
1288 824 1308 853 ‚
1350 777 1457 842 tali
1488 798 1559 843 ac
1587 785 1756 843 tanta
1785 779 2094 843 variorum
2130 781 2375 843 morbo·

815 897 950 941 rum
981 876 1339 940 accessione
1359 884 1607 959 gravata
1638 876 1754 941 fuit
1777 897 1847 940 ac
1873 897 2030 959 pene
2052 898 2375 959 oppressa,

811 985 881 1036 ut
909 973 1121 1037 fractis
1146 973 1384 1037 viribus
1407 975 1701 1039 omnibus
1721 974 2137 1037 miserandum
2157 977 2219 1037 in
2252 996 2378 1038 mo-

815 1073 956 1134 dum
990 1079 1320 1134 extenuata
1343 1071 1677 1148 levissimis
1709 1073 1893 1134 etiam
1926 1072 2254 1135 laboribus
2283 1092 2379 1136 es·

814 1179 907 1234 set
938 1172 1173 1252 impar:
1207 1176 1523 1233 contracto
1551 1170 1804 1250 insuper
1831 1170 2044 1251 gibbo,
2076 1191 2215 1233 cum
2242 1190 2377 1231 san·

812 1270 1061 1350 guinem
1110 1287 1228 1331 una
1285 1287 1421 1330 cum
1475 1288 1631 1349 pure
1680 1268 1994 1349 coepisset
2054 1287 2331 1348 expuere
2355 1312 2374 1339 ,

809 1366 1193 1430 Medicorum
1218 1365 1455 1448 judicio
1484 1364 1562 1428 de
1591 1365 1729 1447 ejus
1748 1362 1942 1428 salute
1971 1363 2370 1446 desperatum

809 1472 940 1526 est:
977 1483 1114 1528 cum
1149 1482 1298 1526 vcro
1328 1461 1438 1525 illa
1475 1462 1758 1526 invocato
1789 1462 1954 1525 beati
1986 1459 2233 1524 Camilli
2269 1482 2375 1525 no·

808 1562 971 1625 mine
1003 1561 1139 1641 ejus
1169 1581 1347 1642 opem
1380 1558 1824 1641 implorasset,
1859 1566 2119 1643 repente
2149 1578 2375 1622 amor·

807 1661 907 1724 bis
939 1659 1229 1723 omnibus
1275 1659 1605 1737 expedita,
1651 1658 1714 1718 in
1759 1656 1869 1721 tali
1913 1678 1983 1721 ac
2015 1663 2185 1718 tanta
2230 1673 2375 1718 ron·

804 1758 1018 1820 stitnta
1051 1767 1144 1819 est
1175 1755 1550 1820 valetudinis
1585 1754 1883 1818 firmitate
1907 1800 1926 1828 ,
1964 1765 2288 1837 tamquam
2321 1753 2373 1814 si

808 1855 988 1917 nullo
1019 1873 1290 1934 unquam
1327 1855 1549 1918 morbo
1579 1853 2011 1917 laboravissei.
2066 1881 2088 1905 ·

946 1981 966 2003 ·
1020 1948 1296 2015 Alterum
1327 1971 1475 2013 vero
1504 1951 1871 2014 miraculum
1918 1948 2184 2031 contigit
2215 1953 2370 2011 Mar-

805 2049 1036 2131 garitae
1052 2048 1307 2112 Castelli
1331 2048 1754 2131 duodeviginti
1775 2067 2069 2111 annorum
2095 2044 2367 2109 Puellae.

802 2153 969 2210 Haec
1011 2145 1323 2228 siquidem
1369 2144 1814 2209 hereditariam
1855 2166 1889 2207 a
1923 2142 2234 2206 Genitrice
2280 2142 2371 2201 in-

801 2243 967 2307 fecta
1016 2242 1347 2325 quamdam
1399 2248 1669 2304 traxerat
1709 2239 2199 2322 aegritudinem,
2248 2257 2367 2318 qua

793 2342 1283 2422 ‘erumpentibus
1331 2340 1393 2399 in
1444 2338 1706 2403 diversis
1754 2338 2037 2417 corporis
2083 2334 2366 2416 partibus

780 2434 1070 2519 'pustulis
1102 2438 1271 2525 sanie
1312 2436 1587 2517 taboque
1618 2433 2013 2496 manantibus
2034 2475 2053 2502 ,
2094 2440 2231 2493 toto
2260 2431 2367 2493 de-

801 2534 947 2596 inde
976 2553 1245 2615 corpore
1277 2552 1393 2613 per
1423 2533 1783 2614 sanguinem
1813 2530 2216 2599 labefactato,
2249 2528 2365 2592 bae

803 2631 890 2694 ita
934 2630 1294 2694 coaluerant
1337 2630 1399 2689 in
1445 2648 1632 2690 unum
1674 2627 1895 2693 ulcus,
1946 2636 2016 2690 ut
2059 2645 2284 2706 corpus
2328 2646 2363 2689 a

802 2728 978 2811 plaga
1012 2728 1269 2790 minime
1295 2727 1799 2809 distingueretur:
1832 2725 2167 2788 accedente
2199 2731 2366 2805 post·

801 2824 1058 2890 modum
1103 2834 1283 2899 acuta
1329 2824 1534 2895 febri,
1578 2843 1720 2887 cum
1764 2822 1977 2884 nullus
2019 2821 2367 2902 pharmacis

781 2910 981 2988 ‘locus
1012 2931 1179 2987 essct
1203 2966 1222 2993 ,
1253 2930 1314 2986 et
1342 2921 1732 2985 Medicorum
1762 2919 2000 3002 judicio
2027 2920 2204 2981 brevi
2234 2939 2366 2983 mo·

803 3016 994 3084 ritura
1026 3022 1422 3091 crederetur,
1455 3018 1595 3103 ejus
1622 3017 1825 3082 funeri
1856 3017 2208 3081 necessaria
2239 3016 2364 3099 jam

799 3120 1214 3203 parabantnre
1251 3118 1501 3182 Interim
1536 3127 1740 3181 tamen
1772 3115 1938 3180 beati
1973 3114 2217 3178 Camilli
2249 3134 2365 3195 ope

804 3242 836 3281 a
868 3226 1062 3283 Matre
1085 3262 1104 3286 ,
1138 3227 1199 3280 et
1229 3238 1263 3279 a
1297 3216 1624 3280 Sororibus
1665 3213 1996 3296 implorata
2021 3257 2040 3284 ,
2071 3213 2245 3277 illico
2274 3221 2365 3274 tu-

803 3334 942 3378 mor
967 3316 1169 3377 omnis
1187 3337 1220 3381 a
1242 3332 1505 3391 corpore
1531 3313 1768 3380 inflato,
1797 3311 2088 3373 tabentes
2118 3316 2366 3373 crustae

804 3432 836 3473 a
872 3412 1170 3474 membris
1212 3410 1502 3472 omnibus
1526 3452 1545 3477 ,
1593 3406 1792 3470 febris
1823 3427 1856 3469 a
1891 3407 2191 3488 sanguine
2223 3427 2363 3469 eva·

802 3515 1088 3571 nuerunt:
1112 3507 1257 3587 quin
1277 3507 1465 3569 etiam
1489 3506 1568 3567 de
1585 3504 1750 3569 lecto
1768 3504 1979 3567 statim
2003 3502 2362 3583 prosiliens,

801 3606 1001 3670 auctis
1056 3605 1317 3686 integris
1365 3604 1611 3665 viribus
1633 3645 1653 3670 ,
1705 3621 1841 3665 eam
1893 3600 2314 3664 valetudinem
2343 3646 2363 3673 ‚

806 3722 991 3784 quam
1024 3687 1337 3781 nunquam
1369 3698 1672 3761 habuerat
1695 3741 1716 3769 ,
1746 3704 2078 3761 consecuta
2112 3705 2227 3760 est.
2282 3726 2305 3752 ·

929 3825 961 3850 τ
1012 3795 1381 3878 Approbatis
1423 3794 1598 3858 bisce
1627 3793 1984 3866 miraculis,
2031 3795 2365 3877 habitaque

806 3897 1010 3958 demto
1041 3914 1246 3956 coram
1282 3892 1615 3956 Sanctitate
1645 3897 1762 3956 Sua
1791 3890 2067 3975 generali
2098 3898 2366 3972 Congre-

803 3992 1053 4073 gatione
1086 3988 1185 4053 die
1219 3990 1398 4052 tertia
1431 3988 1685 4070 Augusti
1720 3988 2001 4070 ejusdem
2027 3988 2191 4054 anni,
2226 4008 2364 4051 cum

805 4087 1078 4150 unanimi
1137 4105 1446 4150 consensu
1507 4093 1640 4149 tuto
1696 4084 1775 4148 ad
1825 4085 2364 4148 canonizationem

805 4184 1057 4266 procedi
1103 4203 1286 4265 posse
1330 4189 1545 4246 Patres
1595 4182 2098 4252 existimassent,
2144 4183 2363 4245 eadem

804 4281 1103 4345 Sanctitas
1136 4287 1252 4343 Sua
1284 4280 1387 4343 die
1418 4282 1551 4361 ipsa
1596 4279 2006 4342 anniversaria
2037 4279 2366 4343 exaltatio-

807 4379 904 4442 nis
931 4399 1080 4443 suae
1110 4377 1186 4441 ad
1226 4377 1387 4441 Petri
1422 4377 1790 4439 cathedram
1817 4419 1836 4449 ,
1884 4395 2040 4455 quae
2073 4384 2170 4440 est
2200 4377 2366 4439 deci-

810 4497 909 4541 ma
942 4476 1204 4558 septima
1239 4473 1523 4557 ejusdem
1568 4473 1804 4537 mensis
1828 4516 1847 4544 ,
1899 4478 2222 4537 Decretum
2254 4494 2365 4558 pro

805 4574 992 4636 beato
1022 4569 1285 4633 Camillo
1325 4569 1746 4635 canonizando
1768 4613 1788 4643 ‚
1824 4576 1887 4631 et
1919 4570 2083 4633 inter
2110 4576 2366 4634 sanctos

804 4667 1133 4732 referendo
1167 4669 1480 4749 publicum
1530 4667 1698 4732 lecit.
1734 4674 1850 4730 Pro
1879 4668 2059 4751 cujus
2103 4667 2365 4731 Sanctis-

808 4765 949 4827 simi
1011 4765 1254 4827 Dec-reti
1316 4765 1684 4828 executione
1741 4773 1805 4828 et
1860 4764 2365 4845 complemento,

807 4869 1056 4943 praeter
1090 4870 1290 4943 Reges
1322 4871 1386 4925 et
1427 4861 1766 4926 catholicos
1796 4860 2111 4942 Principes
2133 4903 2152 4930 ,
2186 4861 2368 4925 enixe

807 4968 866 5021 et
913 4957 1256 5021 humillime
1290 4959 1595 5040 supplicat
1637 4959 1922 5022 universa
1952 4957 2217 5021 lufirmis
2258 4958 2368 5022 Mi-

795 5055 1197 5132 ‚nistrantium
1230 5056 1482 5120 Familia
1511 5103 1524 5118 .
1582 5086 1602 5110 ι

1345 5197 1848 5259 COMPENmmt

805 5347 1018 5419 Vitae,
1067 5339 1421 5419 Virtutum',
1467 5357 1528 5409 et
1580 5344 2024 5430 Miraculorum
2054 5385 2073 5413 ,
2127 5360 2368 5406 necnon

892 5452 1181 5507 Actorum
1235 5446 1293 5507 iu
1340 5451 1527 5510 Causa
1578 5441 2072 5508 Canonizatiouis
2131 5446 2361 5503 BEATl

2576 687 2807 744 PETRI
2838 680 3155 764 Regalati.
3187 681 3541 747 Sacerdotis
3570 679 3843 746 Profecti
3879 682 4060 748 Ordi-

2572 777 2668 840 nis
2694 777 3028 849 Minorum,
3064 777 3385 860 Regularis
3416 778 3865 844 observantiae
3896 781 4061 846 inter

2573 877 2875 956 Hispanos
2911 877 3329 940 Restitutoris.

2533 1075 2639 1134 Ex
2675 1075 2988 1133 Relatione
3018 1077 3257 1146 Rotali,
3302 1076 3566 1135 Decretis
3612 1077 3748 1137 Sac.
3806 1080 4055 1139 Binum

2618 1174 3151 1246 Conyrcyationis,
3184 1181 3242 1232 et
3273 1173 3649 1232 Summarum
3695 1175 4055 1252 Pontificum

2617 1267 3139 1330 1NNOCENT11
3161 1272 3274 1329 XI.
3298 1280 3355 1330 ct
3376 1272 3850 1332 BENEDICT!
3878 1275 4046 1336 XIV.

2623 1489 2644 1516 ο
2697 1466 2763 1525 ln
2795 1463 2960 1526 Urbe
2991 1463 3271 1544 sixtiqua,
3307 1483 3377 1526 ac
3407 1462 3823 1527 celeberrima
3855 1464 4051 1529 Valli-

2490 1556 2673 1621 soleti
2720 1558 2783 1619 in
2834 1567 3045 1642 Regno
3093 1559 3402 1625 castellae
3452 1569 3632 1626 uatus
3677 1574 3777 1626 est
3831 1570 4046 1630 Petrus

2488 1654 2822 1738 Regalatus
2851 1676 3010 1720 anno
3033 1658 3253 1721 salutis
3285 1667 3536 1722 nostrae
3559 1659 3900 1724 millesimo
3929 1669 4053 1725 ter-

2484 1753 2832 1817 centesimo
2849 1756 3254 1836 nonagesimo
3277 1776 3357 1818 ex
3378 1758 3745 1823 Parentibus
3762 1760 4045 1839 optimis,

2483 1868 2598 1912 nec
2628 1851 2826 1913 minus
2846 1852 3089 1932 generis
3107 1852 3433 1917 nobilitate
3452 1854 3831 1936 conspicuis,
3856 1876 4049 1937 quam

2486 1945 2811 2010 christiana
2844 1948 3072 2012 virtute
3095 1949 3484 2013 clarissimis.
3519 1958 3605 2014 De
3634 1952 3713 2015 iis
3736 1952 4047 2035 siquidem

2485 2044 2826 2106 memoriae
2858 2046 3171 2124 proditum
3206 2055 3304 2109 est
3330 2091 3348 2118 ,
3379 2047 3549 2129 quod
3580 2050 3749 2112 inter
3775 2060 4043 2122 ceteras,

2481 2141 2711 2220 quibus
2737 2141 3166 2215 excellebant,
3196 2144 3546 2224 praeclaras
3576 2140 4043 2228 christianoque

2481 2235 2729 2300 bomine
2766 2239 2977 2322 dignas
3023 2240 3208 2302 animi
3242 2240 3457 2313 dotes,
3505 2243 3664 2306 adeo
3693 2264 3805 2306 eos
3845 2245 4047 2309 effusa

2478 2332 2542 2393 in
2572 2353 2877 2415 pauperes
2901 2335 3248 2400 liberalitas
3278 2339 3783 2413 commendaret,
3815 2349 3881 2402 ut
3913 2360 4041 2404 rem

2477 2430 2888 2494 domesticam
2923 2452 3043 2495 non
3074 2454 3412 2515 procurare
3442 2437 3518 2498 ad
3549 2456 3697 2500 usus
3726 2458 3897 2506 suos,
3929 2439 4044 2503 sed

2477 2528 2912 2592 administrare
2947 2532 3023 2594 ad
3058 2530 3481 2596 sublevandos
3513 2533 3732 2613 inopes
3761 2534 4043 2598 videren-

2479 2631 2599 2685 tur.
2631 2626 2747 2698 Qui
2776 2626 2970 2709 igitur
2997 2629 3424 2711 hujuscemodi
3453 2630 4047 2697 beneticentiae-bo·

2477 2722 2615 2784 stiis
2669 2726 2936 2788 maxime
2983 2734 3378 2806 promeretur
3424 2722 3642 2799 Ἠοῦς,
3703 2739 4040 2812 antequam

2476 2818 2635 2882 adeo
2668 2819 3105 2884 misericordes
3133 2823 3372 2885 animae
3414 2824 3773 2906 centuplum
3805 2826 3870 2887 in
3892 2831 4042 2892 Cae·

2475 2915 2552 2978 lis
2595 2916 2991 2999 acciperent,
3038 2919 3225 2981 talem
3279 2921 3361 2984 iis
3403 2920 3759 3002 impertitus
3807 2933 3905 2989 est
3947 2925 4041 2987 ffi-

2476 3012 2631 3076 lium
2655 3058 2674 3085 ,
2708 3015 2782 3077 ,iu
2815 3036 2937 3096 quo
2971 3037 3097 3080 uno
3126 3017 3226 3080 bic
3270 3018 3461 3081 etiam
3508 3019 3571 3079 in
3606 3022 3794 3085 terris
3838 3021 4044 3104 dupli·

2478 3113 2566 3175 cia
2602 3120 2992 3195 reportarent
3035 3115 3116 3178 de
3148 3135 3328 3178 manu
3363 3136 3504 3185 sua,
3549 3118 3784 3200 quique
3814 3118 4044 3201 plenis-

2480 3209 2703 3272 simum
2737 3212 3015 3292 ipsorum
3049 3212 3338 3294 gaudium
3377 3224 3539 3277 esset
3573 3224 3757 3296 atque
3788 3238 4039 3282 corona.

2478 3307 2744 3372 Ablutus
2793 3311 2958 3372 enim
3020 3311 3453 3374 sacramentali
3514 3312 3686 3376 fonte
3736 3317 4037 3397 Baptismi

2474 3405 2745 3465 nondum
2795 3413 3012 3469 Petrus
3056 3416 3402 3469 emerserat
3445 3409 3525 3470 ab
3569 3409 3858 3486 infantia,
3901 3431 4041 3477 cum

2475 3501 2707 3582 pietate
2741 3522 2891 3582 erga
2936 3493 3130 3564 Deum
3154 3546 3174 3574 ,
3210 3505 3601 3567 observantia
3647 3528 3791 3590 erga
3822 3515 4043 3573 Paren-

2477 3605 2572 3660 tes
2594 3641 2613 3668 ,
2648 3619 2890 3661 morum
2924 3601 3282 3664 innocentia
3323 3610 3507 3683 atque
3538 3606 3812 3668 candore
3846 3624 4037 3687 quam

2481 3697 2702 3758 bonam
2755 3695 2980 3759 fuisset
3023 3719 3056 3761 a
3103 3700 3372 3763 Domino
3422 3701 3679 3765 sortitus
3723 3703 4034 3778 animam,

2481 3812 2598 3880 non
2633 3794 2902 3856 obscure
2934 3794 3300 3874 significavit
3327 3842 3341 3856 .
3376 3804 3525 3860 Tam
3561 3799 3913 3876 praeclarae
3945 3801 4039 3864 in-

2480 3888 2640 3949 dolis
2686 3886 2968 3952 facilitati
3017 3892 3262 3972 egregia
3293 3893 3504 3955 Matris
3545 3894 3856 3960 institutio
3898 3915 4039 3961 cum

2477 3985 2844 4047 accessisset
2870 3984 2986 4068 (ea
3019 3987 3212 4056 enim,
3245 3995 3426 4051 Patre
3456 3990 3641 4069 paulo
3669 4000 3811 4072 post
3838 4002 4042 4059 morte

2479 4080 2728 4144 sublato
2753 4127 2770 4152 ,
2804 4082 3022 4144 Filium
3056 4092 3417 4164 susceperat
3448 4085 3801 4150 christianis
3843 4090 4040 4152 virtu·

2480 4177 3163 4261 tibusint'ormandnm)
3197 4179 3369 4242 brevi
3387 4179 3616 4244 factum
3653 4191 3769 4256 est,
3791 4194 3856 4247 ut
3887 4191 4043 4250 Coe·

2479 4275 2626 4337 lites
2670 4295 2929 4348 omnes,
2959 4276 3296 4356 praecipue
3339 4297 3491 4342 vero
3537 4279 3860 4362 Deiparam
3906 4285 4043 4345 Vir·

2477 4372 2678 4453 ginem
2711 4371 2877 4435 cultu
2925 4372 3220 4454 singulari
3255 4387 3785 4456 prosequeretur,
3829 4386 3893 4442 et
3919 4400 4039 4455 eo,

2478 4469 2582 4550 qui
2610 4479 2708 4531 est
2734 4470 2975 4533 initium
3007 4470 3352 4551 sapientiae
3374 4515 3393 4543 ,
3428 4481 3641 4538 sancto
3670 4475 3894 4540 timore
3924 4482 4043 4542 Do·

2478 4565 2628 4626 mini
2661 4587 2843 4647 supra
2877 4588 3049 4630 suam
3083 4577 3354 4632 aetatem
3403 4570 3786 4635 mirabiliter
3812 4574 4046 4640 emine·

2478 4670 2608 4724 ret:
2654 4663 2810 4737 Quin
2840 4664 3023 4727 etiam
3073 4664 3482 4747 Evangelicae
3505 4666 3633 4749 jam
3666 4676 3794 4733 tum
3840 4669 4043 4751 perfe-

2478 4759 2697 4823 ctionis
2729 4760 2850 4824 iter
2879 4762 3204 4841 arripiens,
3238 4781 3363 4826 non
3394 4765 3578 4827 modo
3603 4766 4043 4847 corpusculum

2478 4857 2797 4920 continere
2829 4858 2889 4918 in
2922 4859 3176 4938 spiritus
3208 4860 3528 4932 servitute,
3558 4863 3783 4927 crebra
3814 4866 4042 4929 oratio·

2480 4972 2558 5016 ne
2592 4960 2785 5018 Deum
2818 4954 3238 5033 interpellare,
3263 4956 3740 5037 juvenculorum
3777 4961 4049 5028 declina·

2483 5069 2547 5112 re
2578 5051 2886 5115 consortia
2919 5051 3396 5134 diligentissime
3427 5057 3745 5138 satagebat
3771 5082 3791 5131 3
3822 5078 4043 5123 verum

2486 5147 2672 5209 etiam
2701 5149 2752 5211 si
2784 5150 2931 5230 quid
2966 5149 3236 5231 puerile,
3258 5151 3547 5233 quodque
3575 5162 3845 5217 aetatem
3871 5175 4045 5220 suam

2486 5254 2770 5325 saperet,
2816 5246 2914 5311 vel
2969 5256 3275 5327 patrasset
3321 5248 3389 5309 in
3447 5270 3675 5331 opere,
3732 5253 3831 5315 vel
3889 5253 4046 5318 deli·

2481 5342 2719 5422 quisset
2750 5343 2811 5403 in
2845 5363 3172 5417 sermone,
3212 5344 3368 5408 adeo
3400 5346 3604 5409 statim
3637 5350 4046 5414 contristaba-

2473 5444 2581 5517 tur
2610 5438 2685 5501 ad
2715 5442 3183 5521 poenitentiam,
3209 5453 3270 5504 ut
3293 5443 3387 5506 sui
3415 5443 3611 5524 ipsius
3636 5446 4047 5525 rigidissimus
