4442 6300
1527 540 1874 610 QtJtttQtJB
1916 538 2382 619 unc-runnu
2421 534 2588 594 erc.

465 686 782 754 Pluvialex
835 686 1105 755 Aderant
1149 686 1409 753 Praelati
1457 692 1761 751 Romanae
1803 686 2022 751 cnriae

468 792 535 850 et
577 806 804 870 genere
844 794 907 851 et
951 785 1312 850 muneribus
1342 784 1666 857 illustres,
1709 783 1874 848 inter
1914 804 2025 848 eos

465 905 615 950 vero
664 885 854 967 aliqui
894 890 1205 970 Cappam..
1256 883 1444 967 aliqui
1494 882 2024 967 Superpelliceum

467 1002 649 1063 supra
701 983 1104 1048 ltoccbettum
1151 982 1524 1048 indueraut=
1571 982 1775 1046 ceteri
1821 987 2025 1045 autem

467 1080 548 1142 de
578 1101 755 1144 more
784 1076 1147 1146 Pontificiae
1176 1080 1509 1163 cappellae
1544 1088 1848 1145 consueto
1875 1079 2028 1144 ami-

463 1178 786 1243 ciebantur
815 1178 1049 1241 babitu.
1078 1184 1147 1240 Iu
1179 1197 1397 1241 eorum
1442 1183 1842 1259 conspectum
1882 1197 2023 1241 cum

468 1296 537 1340 se
568 1275 844 1341 dedisset
874 1274 1199 1346 Pontifex,
1242 1282 1723 1339 assurrexerunt
1765 1293 2025 1338 omnesz

463 1381 628 1456 Papa
656 1381 863 1438 autem
891 1373 1195 1453 producto
1238 1391 1427 1454 super
1450 1392 1561 1436 eos
1591 1370 1805 1437 Crucis
1848 1372 2028 1456 signo

465 1472 637 1538 venit
677 1471 754 1533 ad
785 1471 1217 1534 Paldistorium
1264 1480 1541 1551 paratum
1584 1477 1727 1534 ante
1768 1468 1978 1533 Altare
2004 1511 2025 1543 ‚

465 1571 575 1634 ubi
603 1569 891 1651 deposito
921 1576 1132 1652 Regno
1162 1567 1493 1649 procubuit
1513 1610 1534 1639 ‚
1579 1575 1642 1630 et
1668 1565 2029 1650 aliquantis-

461 1687 576 1750 per
602 1669 827 1741 oravit;
859 1686 1007 1730 mox
1036 1684 1320 1749 surgens,
1339 1684 1417 1730 ex
1438 1663 1603 1730 libro
1630 1683 1814 1749 quem
1842 1662 2029 1731 coad-

461 1762 824 1849 juvantibus
866 1762 1119 1827 duobns
1169 1782 1249 1827 ex
1282 1762 1733 1828 Assisteutibus
1769 1768 2032 1827 Praesu-

462 1859 637 1925 libus
667 1860 1019 1925 sustinebat
1039 1852 1581 1923 Eminentissimus
1597 1859 1836 1930 Carasa,
1857 1879 2032 1941 prae·

462 1956 657 2022 cinuit
692 1963 1001 2042 ”ymnum
1026 1981 1047 2020 ε
1091 1953 1206 2020 Ave
1238 1960 1427 2021 Ueris
1471 1957 1702 2028 Stellae
1747 1955 1824 2021 ad
1851 1956 2032 2041 cujus

461 2060 590 2118 tres
626 2054 1094 2134 subsequentes
1118 2051 1479 2119 'vers²cnles
1501 2098 1520 2125 ‚
1549 2073 1706 2135 quos
1733 2056 2031 2117 cantores

467 2149 801 2233 cappellae
844 2151 1206 2232 prosequuti
1251 2160 1435 2223 sunt,
1480 2150 1710 2215 iterum
1758 2151 2031 2232 geunne-

459 2269 577 2313 xus
599 2248 955 2331 permansit.
986 2254 1203 2312 neuun
1222 2267 1483 2327 surgens
1500 2247 1740 2329 accepit
1758 2249 2029 2320 mtrem,

459 2354 520 2409 et
571 2347 632 2406 iu
676 2344 835 2409 sella
879 2345 1211 2428 gestatoria
1243 2363 1310 2409 se
1353 2344 1754 2425 composuit,
1800 2345 1862 2406 iu
1908 2366 2028 2426 qna

461 2443 690 2508 sedens
723 2444 882 2506 duos
914 2462 1176 2525 magnos
1202 2462 1455 2514 cereos,
1486 2441 1803 2525 aliumque
1834 2441 2031 2527 mino·

463 2562 595 2606 rem
629 2539 878 2605 arabice
909 2538 1111 2619 pictos
1151 2539 1387 2622 recepit
1419 2539 1499 2603 ab
1533 2540 2029 2604 Eminentissimo

463 2643 536 2702 Ι).
568 2635 876 2700 Cardinali
911 2640 1372 2707 Portocarrerm
1398 2655 1585 2717 quem
1617 2655 1801 2719 supra
1828 2635 2029 2701 innui·

462 2755 605 2798 mus
645 2733 725 2799 ad
749 2731 1181 2817 postulandam
1212 2733 1759 2797 canonizationem
1804 2740 2023 2799 Procu-

460 2838 733 2895 ratorem
778 2828 1089 2903 electum,
1131 2828 1310 2894 cerei
1353 2829 1661 2913 grandes,
1698 2827 1880 2895 nullo
1925 2831 2034 2893 ad·

459 2936 658 2992 stante
676 2947 755 2991 ex
771 2927 1158 3008 Principibus
1177 2924 1352 2998 Solii,
1375 2946 1638 3006 quorum
1657 2924 1842 2992 alicui
1863 2932 2034 2991 Sum·

462 3043 604 3086 mus
631 3020 914 3087 Pontifex
933 3021 1256 3093 bonorem,
1281 3031 1351 3086 ut
1379 3021 1529 3086 illos
1551 3030 1695 3086 ante
1718 3044 1787 3086 se
1807 3042 2026 3089 accen-

460 3140 567 3185 sos
609 3119 878 3191 deferat,
906 3117 1067 3184 solet
1112 3116 1501 3192 concedere,
1532 3119 1770 3184 nemini
1810 3120 2028 3185 traditi

460 3227 647 3291 sunt3
693 3236 921 3300 parvus
963 3226 1174 3281 autem
1219 3215 1365 3280 velo
1395 3216 1473 3280 ad
1516 3216 1916 3298 excipiendas
1956 3217 2030 3281 li-

459 3315 712 3397 quantis
750 3333 938 3379 cerae
969 3321 1219 3398 guttas,
1259 3331 1344 3378 ue
1372 3332 1556 3395 supra
1587 3333 1836 3379 manum
1878 3316 2030 3382 flue·

459 3419 620 3484 rent,
651 3418 793 3492 apte
822 3409 1177 3491 composito
1198 3408 1778 3492 circumligatoque‚
1804 3412 2032 3478 ardeus

457 3529 494 3573 a
526 3508 859 3573 Sanctitate
901 3513 1018 3571 Sua
1044 3506 1290 3572 delatus
1317 3513 1417 3572 est
1457 3507 1520 3568 in
1559 3506 1673 3571 bac
1715 3510 2033 3592 supplica·

458 3605 630 3669 tione
649 3647 675 3680 ‚
705 3627 866 3687 quae
898 3605 1097 3669 multo
1127 3604 1397 3670 breviori
1430 3604 1694 3677 itinere,
1726 3627 1910 3687 quam
1941 3607 2029 3671 al·

457 3708 593 3766 tera
624 3701 732 3765 illa
774 3702 1023 3783 prima,
1066 3700 1378 3782 completa
1423 3708 1561 3765 est:
1610 3701 1764 3764 itum
1797 3705 2028 3787 quippe

457 3796 578 3862 tuit
619 3820 654 3864 a
702 3799 890 3882 Regia
933 3798 1089 3863 Aula
1127 3818 1239 3881 per
1263 3799 1492 3882 gradus
1536 3817 1798 3882 magnae
1826 3801 2029 3866 scalae

458 3916 658 3977 usque
713 3896 793 3958 ad
845 3911 1261 3958 marmoreum
1319 3895 1708 3959 constantini
1768 3896 2029 3961 Simula-

456 4011 632 4057 crum
656 4015 674 4052 ε
720 3991 865 4055 binc
895 3990 1204 4055 flectendo
1248 3989 1418 4056 illico
1446 3992 1509 4054 in
1540 3992 1863 4057 dexteram
1907 3996 2027 4059 sub

456 4087 731 4170 amplum
756 4089 1120 4153 Vaticanum
1145 4093 1435 4173 Xystum3
1459 4109 1540 4154 ex
1560 4111 1641 4155 eo
1667 4090 1828 4155 intra
1849 4098 2030 4155 Tem·

458 4183 632 4268 plum
680 4187 1003 4272 ingressus
1045 4194 1143 4249 est
1186 4184 1421 4251 t'actus.
1462 4188 1798 4270 Utriusque
1840 4187 2028 4272 hujus

462 4282 913 4366 snpplicationi
956 4281 1481 4347 delineameutum
1514 4284 1679 4348 inter
1715 4291 1923 4349 cetera
1963 4287 2028 4349 in

454 4378 627 4444 calce
679 4377 864 4462 hujus
911 4378 1136 4460 operis
1179 4380 1297 4443 sub
1345 4398 1593 4444 numero
1642 4387 1821 4446 tortio
1864 4382 2032 4466 posi·

463 4483 593 4538 tum
636 4475 1010 4557 conspicere
1047 4473 1292 4539 licebit.
1339 4478 1764 4541 Prot-edebant
1812 4491 2026 4547 autem

464 4572 643 4644 bini,
685 4591 761 4635 ac
793 4572 922 4635 bini
949 4591 1245 4637 accensos
1272 4592 1493 4638 cereos
1521 4581 1838 4656 portantes
1861 4620 1879 4649 ,
1909 4577 2030 4659 pri·

333 4707 343 4716 ·
460 4690 567 4734 mo
608 4668 902 4734 scutiferi
946 4676 1146 4751 Papae
1176 4668 1352 4734 lanea
1396 4676 1538 4753 toga
1582 4673 1756 4736 rubri
1796 4672 2027 4741 coloris

455 4787 599 4833 cum
643 4768 883 4848 capitio
936 4767 1087 4830 item
1134 4766 1364 4839 laneo,
1413 4787 1535 4832 non
1584 4769 1747 4835 circa
1790 4770 2023 4835 collum

456 4871 713 4947 aptato,
758 4863 871 4928 sed
914 4862 1163 4928 inverso
1213 4882 1407 4943 snper
1456 4863 1744 4946 scapulas
1773 4908 1795 4938 ,
1837 4875 2024 4948 atque

460 4959 758 5026 nuciuulo
786 4971 933 5025 aute
961 4967 1177 5042 pectus
1206 4960 1504 5044 colligato
1524 4962 2025 5028 caudatariorum

462 5078 637 5123 more
690 5057 932 5129 induti,
977 5055 1154 5141 juxta
1198 5057 1594 5121 novissimam
1640 5060 2024 5125 sanctissimi

459 5155 705 5221 Domini
739 5153 950 5219 Nostri
984 5162 1183 5236 Papae
1209 5133 1708 5222 consessionem:
1734 5164 2028 5223 Procura-

465 5264 640 5318 tores
685 5250 1029 5319 cenerales
1068 5250 1369 5315 ordinum
1414 5252 1620 5316 locum
1662 5252 2023 5318 habentium

461 5350 527 5413 in
560 5348 858 5432 cappella
888 5346 1110 5430 singuli
1142 5347 1354 5411 habitu
1402 5348 1728 5432 Regularis
1757 5349 2027 5416 instituti

458 5449 597 5513 suia
640 5445 1016 5511 cubicularii
1045 5452 1223 5508 extra
1264 5450 1624 5518 cameram,
1668 5451 1777 5531 qul
1822 5448 2024 5516 laxam

3399 542 3512 595 aa?

2136 692 2203 748 et
2232 682 2350 767 ipsi
2376 694 2584 767 togam
2618 672 3058 748 scutiferorum
3088 668 3270 770 togae
3293 704 3414 751 non
3445 674 3703 749 absimi-

2135 780 2261 845 lem
2295 770 2633 865 gerebant3
2676 781 2980 863 capitium
3012 804 3163 847 vero
3195 803 3315 847 non
3359 784 3652 847 inflexum
3678 825 3698 855 ‚

2138 880 2248 944 sed
2269 879 2432 943 circa
2459 878 2692 942 collum
2727 888 2999 962 aptatum
3032 889 3094 944 et
3126 902 3327 967 aeque
3357 902 3469 963 per
3486 881 3701 944 bume-

2138 998 2243 1040 ros
2269 977 2465 1039 fluens
2484 976 2546 1037 in
2577 985 2754 1058 parte
2777 978 3083 1067 superiori
3107 978 3477 1043 tenuissimo
3498 977 3702 1042 serico

2138 1076 2331 1138 rubro
2359 1083 2722 1154 coopertum
2741 1074 2819 1139 ad
2854 1094 3135 1141 normam
3161 1075 3475 1144 enunciati
3496 1075 3702 1141 Indul-

2136 1172 2187 1239 ti
2209 1170 2535 1237 Pontificii.

2269 1271 2502 1334 Eodem
2533 1288 2787 1351 prorsus
2819 1269 3007 1335 modo
3037 1270 3248 1334 amicti
3309 1278 3487 1336 eratut
3547 1274 3701 1351 cap·

2137 1365 2370 1449 pellani
2399 1386 2764 1431 communes
2780 1373 2845 1430 et
2864 1367 3101 1442 intimi,
3135 1386 3401 1449 quorum
3436 1387 3546 1433 sex
3571 1367 3701 1451 pri·

2139 1462 2222 1529 mi
2251 1461 2601 1526 Pontificias
2649 1462 2862 1528 Mitras
2915 1470 3104 1545 atque
3159 1465 3376 1529 Tiaras
3432 1462 3704 1548 gemmis

2140 1556 2622 1642 margaritisque
2659 1559 3131 1642 pretiosissimis
3187 1570 3437 1627 ornatas
3501 1568 3704 1646 gesta·

2142 1657 2298 1720 bant
2317 1700 2339 1731 ‚
2368 1667 2433 1721 et
2463 1658 2569 1738 qui
2598 1658 3015 1723 succedebant
3050 1666 3191 1740 post
3221 1666 3696 1725 Procuratorem

2140 1752 2450 1819 fiscalem
2485 1759 2820 1817 Gamerae:
2851 1757 3335 1820 commissarius
3364 1757 3530 1819 enim
3572 1764 3705 1819 tan·

2141 1871 2330 1934 quam
2358 1842 2840 1915 Referendarius
2870 1850 3075 1916 locum
3108 1853 3277 1917 inter
3299 1854 3472 1936 ipsos
3527 1874 3703 1918 acre-

2136 1955 2361 2031 peratz
2393 1949 2831 2029 sequebantur
2862 1948 3158 2014 Advocati
3218 1950 3704 2016 consistoriales

2144 2043 2324 2109 lanea
2353 2055 2530 2111 veste
2558 2045 2817 2111 violacei
2848 2044 3078 2110 coloris
3102 2094 3123 2124 ‚
3177 2068 3367 2130 quam
3428 2050 3487 2111 iu
3552 2046 3702 2112 aliis

2136 2141 2412 2225 publicis
2439 2141 2792 2207 actionibus
2821 2142 3122 2208 adbibere
3155 2143 3399 2217 solent,
3420 2165 3559 2208 cum
3592 2166 3705 2209 suo

2139 2239 2406 2321 capitio:
2437 2240 2871 2305 succedebant
2900 2240 3275 2307 cubicularii
3324 2243 3581 2308 honoris
3644 2252 3709 2307 et

2142 2335 2347 2399 intimi
2376 2345 2577 2419 Papae
2606 2346 2904 2402 consueta
2953 2347 3098 2424 toga
3118 2383 3139 2413 ‚
3199 2347 3264 2407 et
3318 2342 3515 2404 rubro
3573 2340 3707 2405 sine

2142 2434 2418 2516 pellibus
2446 2434 2676 2517 capitio
2707 2436 2906 2499 ornati
2936 2461 2951 2495 ε
2982 2434 3135 2501 Post
3162 2436 3276 2502 bos
3323 2438 3561 2502 Chorus
3593 2459 3707 2503 seu

2141 2530 2364 2594 Schola
2389 2530 2906 2613 cappellanorum
2956 2537 3289 2598 cantorum
3349 2533 3708 2600 Pontificio-

2137 2646 2280 2691 rnm
2305 2647 2445 2692 cum
2465 2622 2943 2711 superpelliceis
2962 2630 3236 2713 psallens
3260 2632 3519 2716 Virgini,
3543 2652 3707 2714 quae

2141 2724 2384 2808 Regina
2443 2729 2812 2789 Sanctorum
2866 2736 3009 2800 est,
3065 2727 3380 2811 reliquum
3441 2729 3703 2816 Hymni:

2140 2824 2255 2885 Δνο
2288 2825 2483 2886 Maris
2514 2818 2746 2897 Stella,
2776 2843 2964 2906 quem
3025 2831 3185 2910 Papa
3246 2827 3455 2913 praeci
3468 2837 3704 2892 nuerat.

2143 2919 2412 2983 Proximi
2443 2930 2624 2985 erant
2651 2920 2750 2985 bis
2779 2921 3148 2994 Roccbetto‚
3204 2932 3271 2987 et
3331 2924 3705 3006 superpelli-

2139 3035 2258 3080 ceo
2285 3016 2482 3080 induti
2512 3014 2633 3081 un.
2664 3024 2776 3083 PP.
2808 3025 2931 3082 BD.
2960 3019 3024 3083 iu
3055 3030 3325 3103 utraque
3382 3021 3707 3104 signatura

2139 3111 2572 3180 Refereudarii
2597 3139 2619 3191 ς
2649 3117 2941 3182 canonici
2978 3117 3024 3180 ii
3079 3119 3266 3182 trium
3325 3121 3704 3186 Patriarcba·

2139 3208 2293 3275 lium
2319 3256 2341 3285 ,
2371 3211 2525 3294 qui,
2557 3213 2975 3289 subdiaconi,
3005 3217 3258 3282 Diaconi
3281 3260 3301 3289 ‚
3329 3225 3394 3282 et
3441 3218 3707 3304 Presby-

2142 3309 2265 3375 teri
2298 3310 2666 3375 Assistentis
2697 3311 2906 3375 munia
2935 3313 3243 3378 obeuntes
3273 3315 3336 3377 in
3388 3315 3703 3398 cappellis

2140 3406 2522 3482 Pontificiis,
2551 3406 2630 3470 ad
2678 3408 3127 3490 praescriptum
3186 3410 3509 3475 literarum
3543 3417 3705 3493 Apo-

2143 3501 2511 3567 stolicarum
2566 3503 2903 3568 Alexandri
2964 3512 3164 3588 Papae
3227 3516 3356 3572 Vll.
3421 3511 3539 3572 sub
3597 3529 3706 3574 an·

2146 3596 2297 3664 nulo
2360 3599 2695 3664 Piscatoris
2735 3600 2842 3665 die
2889 3606 2966 3664 X.
3019 3604 3183 3667 Juuii
3239 3607 3551 3669 MDCLth
3605 3627 3710 3670 ex·

2141 3697 2493 3779 peditarum
2530 3691 2698 3760 inter
2747 3697 3064 3781 praefatae
3109 3701 3468 3785 Signaturae
3523 3699 3705 3767 Refe-

2141 3792 2471 3858 rendarios
2499 3802 3037 3861 connumerantur
3059 3840 3080 3872 ‚
3109 3797 3233 3861 nisi
3262 3798 3521 3863 alterius
3569 3820 3706 3864 mu-

2140 3890 2310 3954 neris
2338 3908 2553 3964 causa,
2579 3889 2678 3955 vel
2711 3890 3003 3975 specialis
3022 3895 3490 3981 praerogativae
3520 3896 3705 3961 altio·

2141 4007 2277 4052 rem
2305 3986 2777 4071 dignioremque
2807 3987 3014 4054 locum
3050 4001 3355 4076 occupent
3379 4037 3399 4068 ,
3447 4001 3515 4057 ut
3571 4013 3707 4056 mo·

2138 4084 2222 4148 do
2252 4085 2512 4170 contigit
2547 4094 2611 4149 n.
2643 4093 2708 4151 P.
2741 4092 2810 4150 D.
2853 4087 3190 4153 Theodoro
3247 4090 3706 4176 Boccapadulio

2137 4181 2449 4249 canonico
2504 4183 2835 4249 tiberiano
2855 4228 2877 4259 ,
2936 4183 3431 4254 Subdiaconatus
3490 4185 3705 4255 officio

2137 4278 2466 4365 fungenti,
2498 4295 2694 4364 quem·
2718 4277 2920 4366 dignis
2972 4282 3297 4349 favoribus
3359 4305 3705 4370 prosequu-

2139 4384 2241 4443 tus
2269 4375 2704 4442 Sauctissimus
2731 4384 2919 4443 Pater
2966 4381 3331 4463 quotidiano
3389 4381 3707 4449 Roccbetti

2138 4493 2260 4539 usu
2284 4482 2350 4540 et
2378 4474 2521 4540 loco
2563 4475 2630 4538 in
2672 4478 3237 4542 Protouotariorum
3283 4498 3542 4547 scamno
3596 4480 3705 4545 de-

2135 4573 2420 4646 curavit,
2450 4574 2586 4638 siue
2617 4574 3006 4656 praejudicio
3030 4575 3162 4658 jam
3193 4577 3439 4643 eisdem
3473 4578 3704 4663 Adiun-

2139 4677 2385 4737 ctorum
2409 4695 2429 4733 ε
2458 4661 2929 4737 Tum'subibant
2951 4674 3440 4741 Abbreviatores
3468 4677 3546 4739 de
3561 4681 3704 4739 Par-

2133 4788 2211 4833 ω
2242 4768 2501 4851 majori;
2531 4768 2595 4831 iu
2626 4768 2949 4851 signatura
2974 4771 3273 4837 Justitiae
3302 4776 3602 4858 Votantes
3621 4773 3702 4836 ab

2135 4863 2749 4930 eodemAlexandro
2777 4867 3070 4954 Acolytbi
3096 4870 3419 4936 constituti
3441 4896 3463 4945 ,-
3510 4868 3704 4935 cleri-

2136 4963 2195 5027 ci
2222 4966 2521 5027 Gamerae
2538 5005 2559 5037 ‚
2588 4970 2651 5026 et
2678 4967 2903 5028 Sacrae
2936 4973 3248 5031 Romanae
3291 4975 3485 5032 Rotae
3510 4967 3703 5031 Audi·

2136 5068 2353 5135 tores,
2399 5080 2668 5142 quorum
2724 5061 2938 5143 junior
2994 5064 3072 5126 ad
3133 5062 3368 5128 laevam
3427 5064 3705 5131 babebat

2138 5166 2431 5240 tauquam
2461 5156 2756 5221 comitem
2784 5164 2851 5221 lt.
2884 5164 2948 5222 P.
2975 5159 3342 5244 Magistrum
3368 5160 3696 5247 Aloysium

2137 5251 2458 5319 Nicolaum
2515 5252 2812 5336 Ridolpbi
2869 5254 3123 5319 Ordinis
3184 5257 3696 5326 Praedicatorum

2138 5349 2376 5435 proprii
2410 5349 2683 5415 Instituti
2712 5352 2995 5416 vestibus
3023 5347 3314 5417 amictum
3368 5358 3534 5420 Sacri
3591 5362 3701 5423 Pa·

2136 5447 2274 5517 latii
2300 5447 2696 5532 Hagistrum.
2728 5449 3163 5531 sequebantur
3190 5453 3542 5527 Auditores‚
3574 5457 3700 5521 duo
