4442 6300
1476 510 1825 578 Qumoun
1867 508 2341 565 sannionum
2383 508 2550 560 mc.
3373 502 3445 557 u

389 677 521 722 rum
540 655 855 740 particeps
870 653 1011 718 fieri
1034 653 1294 736 cupiens
1315 657 1600 718 membra
1621 673 1956 737 compone-
2003 681 2013 716 ι
2066 654 2177 717 Dei
2213 654 2275 715 in
2299 674 2363 717 re
2391 657 2801 734 cognoverat,
2833 659 3142 714 annuente
3165 649 3356 711 rediit
3386 647 3460 710 ad
3495 653 3634 709 Pra-

389 765 482 819 ret
510 776 621 820 sua
643 774 724 815 eo
753 751 953 815 ferme
983 752 1168 816 modo
1189 795 1209 823 ‚
1239 773 1364 833 quo
1394 752 1706 816 christu-m
1743 753 1805 813 in
1836 752 1961 832 spi-

395 850 514 913 ritu
547 848 932 917 intuebatur,
964 866 1122 909 nunc
1155 867 1370 910 manus
1387 848 1463 911 ad
1496 848 1753 912 Caelum
1785 849 1961 911 attol-

388 946 568 1020 lens,
614 965 773 1007 nunc
801 953 985 1024 caput
1028 949 1281 1015 tenens,
1313 963 1470 1008 nunc
1517 945 1770 1008 brachia
1816 953 1958 1026 post

389 1053 560 1126 terga
589 1050 965 1123 retorquens
988 1083 1007 1111 ,
1038 1060 1233 1121 seque
1263 1041 1348 1103 ita
1378 1049 1593 1123 aptans
1614 1085 1635 1113 ,
1663 1049 1730 1103 ut
1772 1039 1954 1104 Illum

389 1149 453 1204 et
479 1147 759 1203 orantem
792 1137 854 1198 in
898 1137 1081 1199 horto
1107 1182 1125 1210 ,
1158 1144 1222 1200 et
1249 1138 1471 1219 Spinea
1517 1144 1754 1201 Corona
1798 1138 1960 1201 redi·

391 1238 609 1301 mitum
634 1280 654 1306 ,
689 1244 751 1298 et
781 1234 1118 1298 Columnae
1148 1233 1470 1318 alligatum
1497 1279 1517 1307 ‚
1547 1243 1612 1296 et
1642 1236 1819 1299 Cruci
1853 1235 1959 1298 de·

391 1335 576 1417 nique
604 1333 850 1401 affixum
882 1340 947 1395 et
976 1331 1164 1395 animi
1198 1341 1261 1396 et
1302 1332 1579 1410 corporis
1609 1331 1959 1396 conforma·

390 1434 557 1497 tione
586 1438 1091 1513 prosequeretur.
1115 1430 1270 1494 Hinc
1297 1428 1573 1513 Angelus
1602 1430 1847 1493 Domini
1872 1429 1960 1492 fa-

390 1530 721 1594 miliariter
758 1529 879 1609 ipsi
922 1549 991 1591 se
1020 1527 1345 1590 visendum
1394 1526 1723 1608 praebuit,
1769 1528 1959 1589 viam-

393 1642 513 1707 que
555 1625 771 1689 docuit
812 1622 1187 1687 tutissimam
1214 1666 1235 1697 ,
1275 1643 1355 1687 ne
1384 1643 1417 1686 a
1462 1631 1752 1706 suscepta
1796 1623 1958 1689 vitae

390 1723 625 1792 ratione
656 1722 1142 1785 abstraheretur.
1173 1742 1197 1773 ι

518 1847 543 1876 0
572 1827 787 1901 ltaque
818 1838 957 1880 cum
993 1815 1365 1880 Monialibus
1399 1818 1742 1881 suburbani
1778 1824 1962 1882 Asco-

390 1916 530 1979 terii
564 1916 760 1979 sancti
792 1913 957 1977 Petri
986 1934 1022 1977 e
1050 1911 1406 1977 nuntiantis
1434 1914 1766 1995 nuncupati
1795 1934 1962 1978 com-

393 2013 585 2077 missa
618 2013 781 2076 foret
824 2012 941 2075 sub
1005 2010 1246 2073 Amitae
1305 2008 1629 2090 disciplina
1650 2054 1670 2082 ,
1718 2019 1959 2077 tantum

386 2112 610 2175 virtute
638 2108 927 2191 profecit,
959 2114 1249 2190 quantum
1281 2114 1454 2171 aetas
1484 2108 1740 2171 minime
1773 2109 1962 2190 patie-

390 2210 593 2279 batur,
623 2208 851 2289 quippe
888 2206 1257 2287 parcissime
1288 2215 1478 2287 atque
1510 2206 1851 2271 durissime
1872 2206 1959 2267 vi·

390 2315 514 2368 tam
547 2314 902 2370 sustentans
930 2303 1034 2366 vix
1055 2323 1275 2366 somno
1320 2302 1634 2384 paulisper
1678 2305 1957 2367 membra

394 2403 776 2467 concedebat
799 2444 820 2469 ,
852 2420 994 2463 cum
1016 2399 1316 2475 sensibus
1356 2407 1610 2463 evocata
1642 2407 1706 2462 et
1735 2398 1869 2462 dies
1894 2408 1957 2462 et

390 2509 606 2563 noctes
624 2496 910 2562 crucifixi
936 2497 1335 2577 Reparatoris
1360 2496 1556 2560 nostri
1590 2516 1820 2579 poenas
1849 2496 1958 2559 do·

392 2596 684 2678 loresque
730 2594 1174 2658 acerbissimos
1217 2593 1648 2656 meditaretur.
1677 2593 1835 2655 Hinc
1877 2593 1957 2654 de

392 2694 611 2757 eodem
645 2712 830 2776 quem
860 2691 1213 2774 deperibat,
1243 2710 1402 2754 unus
1433 2698 1564 2752 erat
1596 2689 1714 2770 ipsi
1749 2709 1959 2753 sermo

389 2791 684 2873 idemque
729 2788 1026 2870 frequens
1055 2790 1353 2870 idemque
1397 2786 1724 2851 sollicitus.
1767 2786 1958 2868 Cujus

392 2887 641 2969 quidem
672 2886 765 2951 rei
806 2886 1227 2951 testimonium
1257 2884 1527 2948 occurrit
1569 2883 1958 2947 sanctissima

389 2986 685 3068 Ejusdem
717 2984 949 3067 image,
979 3004 1139 3066 quae
1163 2982 1361 3063 ipsam
1393 2999 1846 3062 saepenumero
1871 2982 1958 3044 al·

387 3082 644 3165 loquuta
673 3080 895 3155 fertur,
916 3100 1204 3165 quaeque
1223 3081 1375 3143 tanti
1406 3079 1678 3162 prodigii
1713 3098 1960 3143 memor

393 3189 672 3245 servatur
725 3180 923 3245 adhuc
962 3179 1202 3243 ibidem
1246 3176 1695 3244 immortalitati
1739 3196 1960 3242 conse·

392 3286 583 3342 crata.
615 3303 638 3332 ·

521 3405 545 3432 ι
572 3382 652 3437 At
681 3375 866 3459 Virgo
888 3417 907 3447 ,
940 3396 1124 3458 quam
1157 3373 1665 3438 commendamus
1687 3415 1709 3445 ‚
1737 3367 1960 3437 arctio·

391 3475 476 3538 ris
517 3473 895 3555 disciplinae
938 3471 1281 3536 studiosior
1321 3471 1467 3535 inde
1493 3470 1804 3542 discedit,
1849 3475 1954 3532 So-

392 3571 763 3654 roribusque
796 3571 1087 3634 o‘mnibus
1115 3569 1408 3634 valedicit
1427 3568 1664 3652 ingenti
1685 3566 1861 3631 luctu
1891 3573 1957 3630 et

390 3685 673 3733 moerore
692 3667 1018 3732 confectis.
1034 3667 1475 3732 Monasterium
1500 3671 1789 3730 Pratense
1821 3684 1957 3727 san·

390 3765 473 3829 cti
504 3765 809 3829 vincentii
842 3764 1036 3829 Tertii
1056 3765 1305 3829 Ordinis
1334 3765 1842 3827 praedicatorum
1876 3760 1956 3825 si·

391 3865 452 3926 hi
482 3863 761 3947 delegit,
788 3861 1009 3945 ibique
1039 3864 1256 3926 statuit
1300 3862 1423 3927 sibi
1446 3869 1749 3943 perpetuo
1788 3880 1957 3923 com-

392 3962 783 4025 morandum.
811 3961 879 4025 ld
909 3981 1057 4025 vero
1087 3968 1306 4035 Pater,
1336 3960 1444 4043 qui
1474 3980 1612 4023 eam
1645 3956 1843 4021 nobili
1868 3957 1957 4020 vi·

393 4080 461 4122 ro
482 4059 859 4142 jungendam
882 4059 1265 4130 decreverat,
1286 4078 1471 4141 aegre
1489 4056 1829 4120 admodum
1863 4063 1960 4118 tu-

391 4157 464 4221 lit
490 4163 678 4241 atque
708 4158 959 4222 acerbe.
988 4159 1144 4222 Hinc
1175 4176 1380 4238 neque
1414 4157 1706 4238 precibus
1750 4172 1955 4235 neque

391 4255 580 4320 minis
607 4255 928 4337 pepercit,
957 4256 1159 4319 donec
1189 4255 1438 4319 tandem
1472 4253 1846 4335 interposito
1875 4251 1953 4314 de

392 4352 584 4416 celeri
632 4351 838 4415 reditu
882 4350 1029 4415 fidei
1073 4359 1455 4416 sacramento
1497 4351 1646 4416 inde
1691 4351 1950 4413 domum

389 4449 647 4513 abduxit
666 4448 874 4512 omnia
905 4458 1224 4532 expertus,
1253 4457 1322 4512 ut
1351 4448 1635 4512 eamdem
1661 4467 1695 4511 a
1728 4466 1955 4528 propo·

398 4549 514 4611 sito
546 4549 918 4611 dimoveret.
964 4552 1116 4609 Cum
1145 4567 1295 4609 vero
1341 4545 1452 4609 ille
1480 4554 1618 4627 post
1645 4545 1779 4608 dies
1812 4564 1956 4607 con-

391 4656 610 4710 ventos
640 4645 828 4709 fidem
860 4644 1147 4717 falleret,
1181 4644 1493 4726 squalere,
1524 4663 1833 4714 moerere,
1865 4640 1954 4704 af·

389 4744 610 4808 flictari
657 4743 786 4808 visa
830 4750 928 4808 est
959 4744 1222 4824 decepta
1264 4744 1493 4826 Virgo,
1540 4742 1949 4822 quamobrem

388 4859 533 4920 prae
565 4839 750 4902 nimia
781 4839 968 4904 animi
1014 4839 1405 4923 aegritudine
1438 4839 1500 4901 in
1532 4837 1760 4901 febrim
1807 4835 1958 4900 inci·

392 4936 481 4999 dit
507 4979 527 5005 ,
554 4937 653 4998 cui
680 4946 890 5000 tamen
921 4936 1097 5001 affuit
1127 4937 1360 5001 visibili
1391 4935 1599 5018 specie
1630 4934 1914 4998 Christus
1935 4978 1956 5007 ,

390 5034 655 5116 Deipara
700 5039 936 5105 Matre,
967 5034 1275 5109 Caecilia,
1306 5042 1367 5099 et
1408 5033 1635 5098 Thecla
1658 5076 1681 5106 ,
1722 5034 1959 5116 praeci-

396 5132 533 5211 puis
577 5151 803 5213 aegrae
832 5132 1078 5212 puellae
1119 5132 1430 5203 Patronis,
1472 5131 1958 5205 comitantibus,

2070 759 2247 816 tense
2273 749 2719 815 Monasterium
2745 793 2765 821 ,
2796 749 2898 812 ubi
2921 769 3114 813 annos
3144 747 3445 811 tredecim
3494 752 3637 807 nata

2073 848 2402 929 religiosae
2446 847 2608 910 vitae
2667 848 2949 930 ingressa
2993 854 3093 908 est
3135 842 3529 912 tirocinium,
3573 846 3636 902 et

2069 946 2477 1029 perfectionis
2502 946 2623 1008 iter
2651 945 2934 1007 arduum.
2965 949 3200 1018 Quanta
3223 950 3365 1005 tunc
3396 948 3637 1019 tempo-

2069 1042 2191 1112 ris,
2219 1063 2346 1122 quo
2378 1062 2591 1105 aumm
2622 1041 2684 1103 in
2715 1040 2964 1104 fomace
3005 1040 3306 1121 probatur
3331 1083 3350 1109 ,
3382 1053 3637 1117 praeco·

2067 1140 2187 1203 uiis
2230 1139 2418 1221 digna
2462 1136 2881 1219 praestiterit,
2926 1136 3123 1200 satius
3167 1133 3300 1198 fore
3344 1131 3639 1196 existimo

2069 1236 2122 1300 si
2153 1236 2541 1318 praeteriero
2563 1278 2584 1309 ,
2617 1256 2693 1299 ne
2725 1235 2951 1305 flores,
2981 1252 3119 1296 cum
3153 1236 3485 1313 suppetant
3514 1226 3640 1290 fru-

2068 1342 2204 1399 ctus
2231 1335 2579 1405 uberrimi,
2611 1332 2916 1414 colligere
2960 1330 3185 1394 videar.
3219 1328 3380 1392 Illud
3425 1334 3635 1389 tamen

2070 1432 2319 1496 silentio
2348 1431 2679 1495 obvolvere
2710 1429 2965 1493 minime
2994 1447 3272 1509 possum,
3303 1425 3470 1507 quod
3503 1422 3638 1504 ipsa

2071 1530 2149 1592 de
2180 1550 2248 1593 se
2291 1528 2641 1591 humillime
2674 1528 2988 1595 sentiens,
3022 1535 3092 1588 ut
3135 1522 3486 1588 Monialium
3533 1540 3646 1584 nu·

2071 1646 2249 1689 mero
2280 1622 2778 1692 adscriberetur,
2814 1623 3086 1687 maxime
3113 1621 3466 1684 verebatur.
3510 1622 3641 1691 Qua

2070 1723 2150 1787 de
2192 1743 2260 1785 re
2294 1722 2567 1786 sollicita
2612 1720 2946 1784 admodum
2995 1717 3275 1802 singulas
3317 1716 3635 1799 flagitare,

2072 1820 2453 1903 singularum
2487 1821 2754 1901 pedibus
2785 1840 2852 1883 se
2887 1817 3234 1900 supplicem
3260 1814 3534 1897 abjicere
3562 1832 3639 1876 ne

2073 1918 2513 1999 repudiaretur
2536 1961 2555 1989 ,
2581 1918 2713 1979 visa
2746 1922 2882 1986 est,
2913 1915 3309 1998 singulisque
3353 1910 3640 1994 polliceri

2073 2016 2195 2081 sibi
2227 2015 2499 2096 precanti
2534 2035 2652 2078 non
2682 2011 3040 2076 defuturum
3073 2029 3107 2072 a
3136 2017 3269 2074 Deo
3298 2008 3594 2073 auxilium
3620 2052 3640 2082 ,

2068 2135 2193 2195 qno
2214 2115 2482 2176 sancitas
2503 2132 2536 2191 a
2560 2111 2882 2174 Dominico
2900 2109 3073 2192 leges
3094 2107 3448 2172 executioni
3473 2122 3642 2171 man-

2068 2214 2263 2276 daret.
2297 2239 2319 2264 υ

2207 2338 2229 2364 .
2268 2317 2504 2371 Verum
2538 2306 2612 2369 ad
2645 2325 2717 2367 ea
2745 2305 2877 2389 jam
2909 2303 3164 2368 festinat
3196 2303 3448 2375 Oratio,
3480 2320 3640 2384 quae

2068 2405 2457 2472 solemnibus
2514 2406 2677 2469 votis
2718 2404 2970 2469 emissis
3012 2403 3208 2467 edidit
3267 2402 3645 2466 documenta

2067 2506 2365 2568 virtutum
2400 2524 2549 2568 sane
2595 2503 2916 2574 inaudita,
2966 2503 3046 2566 de
3089 2501 3324 2583 quibus
3365 2499 3643 2581 cogitans

2065 2600 2279 2667 facere
2322 2621 2446 2669 non
2476 2622 2770 2683 possum,
2815 2600 2963 2683 quin
2997 2618 3298 2663 summam
3329 2596 3540 2680 rapiar
3576 2595 3641 2657 in

2066 2699 2568 2764 admirationem.
2613 2705 2782 2773 Quae
2814 2707 3022 2761 tamen
3052 2717 3130 2760 ne
3176 2695 3297 2759 huc
3341 2694 3494 2757 illuc
3536 2713 3639 2757 va·

2068 2795 2237 2879 ganti
2295 2816 2585 2860 sermone
2631 2797 2957 2866 afferram,
3005 2793 3357 2875 bipartibor
3400 2790 3641 2855 Oratio·

2065 2913 2211 2955 nem
2262 2913 2462 2957 meam
2485 2936 2505 2965 ,
2568 2902 2633 2956 et
2680 2892 3058 2974 quibusdam
3111 2891 3288 2970 quasi
3347 2889 3641 2954 cancellis

2065 2989 2647 3072 constringam.‚Et
2688 2989 2981 3071 quoniam
3028 2989 3227 3050 virtus
3281 2986 3522 3058 omnis,
3566 3007 3640 3051 ae

2070 3087 2424 3151 sanctitatis
2452 3087 2767 3170 perfectio
2798 3087 3045 3151 duobus
3072 3084 3136 3146 in
3170 3084 3475 3149 mandatis
3501 3083 3638 3149 fere

2064 3187 2371 3256 vertitur,
2419 3207 2454 3251 a
2498 3187 2731 3267 quibus
2771 3183 2874 3249 lex
2921 3184 3154 3265 pendet
3195 3184 3516 3254 universa,
3573 3183 3639 3244 in

2065 3303 2278 3348 amore
2310 3284 2555 3349 scilicet
2595 3284 2895 3346 adversus
2938 3288 3140 3345 Deum
3165 3324 3187 3356 ,
3231 3289 3294 3343 et
3334 3279 3639 3345 charitate

2065 3402 2213 3464 erga
2250 3382 2602 3445 Proximum
2629 3423 2649 3451 ,
2679 3379 2843 3443 adeo
2871 3379 2934 3440 in
2965 3387 3234 3459 utroque
3264 3384 3330 3439 B.
3360 3377 3638 3441 Catbari·

2068 3498 2208 3542 nam
2241 3480 2319 3544 de
2352 3478 2578 3542 Ricciis
2608 3475 2988 3541 excelluisse
3019 3475 3368 3544 ostendam,
3396 3482 3467 3536 ut
3495 3494 3637 3540 cnm

2066 3577 2271 3641 omnia
2304 3583 2672 3660 argumenta
2702 3573 3028 3654 protulero
3047 3617 3066 3645 ,
3096 3593 3296 3654 aequa
3336 3577 3638 3636 SANCTI-

2066 3681 2250 3738 TATI
2279 3681 2447 3740 TUAE
2478 3671 2819 3756 postulatio
2860 3677 3071 3744 nostra
3099 3669 3387 3753 profecto
3427 3670 3647 3735 videa-.

2066 3780 2185 3834 tur.
2223 3795 2246 3826 ι

2200 3893 2222 3924 ι
2260 3867 2319 3931 Si
2348 3887 2462 3949 per
2489 3865 2754 3952 singula,
2785 3887 2946 3950 qnae
2974 3873 3046 3931 B.
3077 3866 3401 3931 catharina
3433 3866 3635 3940 dedit,

2064 3966 2270 4030 Divini
2314 3967 2546 4030 amoris
2574 3966 2937 4032 testimonia
2980 3987 3347 4047 percurrere
3390 3965 3637 4030 statuis-

2066 4085 2227 4136 sem,
2248 4063 2385 4128 dies
2414 4084 2600 4144 porro
2630 4084 2732 4128 me
2761 4070 2906 4126 aute
2937 4063 3259 4136 deficeret,
3278 4083 3464 4146 quam
3498 4082 3637 4128 ora-

2067 4164 2179 4227 tio.
2221 4169 2440 4243 Itaque
2469 4161 2695 4227 faciam
2739 4179 2917 4227 more
2963 4162 3268 4240 pictorum
3293 4205 3314 4234 ‚
3356 4160 3463 4241 qui
3510 4180 3637 4226 ma·

2075 4278 2262 4344 gnam
2307 4257 2632 4324 bominum
2679 4258 3142 4323 multitudinem
3190 4259 3254 4320 in
3287 4258 3513 4340 exigua
3542 4266 3638 4322 ta·

2067 4355 2239 4421 bella
2292 4356 2666 4421 concludere
2713 4355 2957 4426 coacti,
3000 4355 3413 4436 quorumdam
3459 4353 3636 4417 dimi·

2067 4453 2235 4517 diam
2267 4453 2550 4535 corporis
2581 4461 2817 4535 partem
2843 4497 2863 4523 ,
2896 4452 3159 4517 aliorum
3193 4472 3440 4516 summa
3471 4452 3637 4535 capi-

2067 4559 2154 4628 ta,
2175 4551 2615 4620 nonnullorum
2649 4573 2720 4616 os
2747 4551 3117 4630 vultumque
3147 4550 3507 4623 ostendunt,
3538 4571 3636 4617 re·

2064 4651 2235 4732 liqua
2257 4670 2408 4715 vero
2439 4650 2771 4714 occultant.
2802 4650 2939 4713 Alia
2973 4648 3166 4731 igitur
3193 4648 3516 4723 delibabo,
3544 4648 3637 4712 le·

2062 4747 2347 4827 viterque
2378 4746 2747 4815 ostendam,
2791 4744 2914 4811 alia
2959 4749 3166 4810 autem
3211 4745 3289 4810 de
3330 4745 3636 4811 industria

2067 4842 2451 4926 praeteribo.
2496 4845 2673 4919 Quod
2719 4843 2908 4908 aliter
2946 4856 3266 4925 praestare
3322 4863 3648 4924 nequeam-

2068 4949 2329 5024 propter
2366 4960 2576 5005 rerum
2610 4940 3012 5005 dicendarum
3057 4939 3297 5019 copiam
3323 4981 3345 5011 ,
3388 4959 3468 5003 ex
3509 4939 3633 5013 iis,

2069 5055 2230 5118 quae
2262 5057 2460 5116 nuper
2488 5036 2705 5118 attigi,
2747 5036 2997 5100 futurae
3025 5035 3275 5099 virtutis
3315 5011 3636 5098 rudimen·

2066 5134 2171 5204 tis,
2193 5133 2380 5198 facile
2411 5140 2620 5215 potest
2647 5134 3026 5219 cogitatione
3056 5131 3413 5215 complecti.
3443 5133 3638 5198 Jactis

398 5228 792 5309 salutemque
820 5227 1130 5308 pollicitus
1173 5228 1478 5292 recreavit
1509 5226 1806 5293 afflictam
1848 5246 1961 5309 spe
2072 5232 2237 5297 euim
2265 5232 2689 5296 fundamentis
2710 5231 2973 5296 mirifice
3000 5237 3130 5295 tota
3154 5228 3356 5292 moles
3380 5229 3514 5294 visa
3541 5240 3644 5295 est

399 5333 568 5390 certa
615 5345 759 5389 mox
792 5345 930 5388 eam
973 5325 1191 5389 relicta
1218 5325 1491 5390 claustra
1536 5325 1962 5407 repetituram.

2071 5329 2482 5409 respondere,
2516 5348 2700 5410 quam
2731 5336 3015 5410 coeptam
3042 5325 3326 5408 perfecit,
3354 5345 3644 5392 consum-
3711 5327 3732 5346 ⁸

405 5422 727 5492 Convaluit
768 5424 1015 5505 itaque,
1063 5431 1127 5488 et
1170 5423 1505 5497 Genitore,
1549 5422 1675 5506 qui·
1699 5421 1964 5507 digitum
2076 5426 2291 5491 mavit.
2327 5433 2556 5492 Revera
2583 5434 2712 5492 tota
2742 5426 2852 5490 illa
2881 5426 3083 5491 dicata
3113 5422 3278 5498 Deo,
3310 5425 3409 5490 cui
3441 5442 3510 5491 se
3536 5446 3643 5490 vo-
