4442 6300
1620 508 1965 575 QquUt
2009 506 2477 571 ,sanctourm
2522 512 2686 563 xre.
3540 515 3578 564 τ

636 652 967 721 Providam
994 653 1150 717 bane
1176 649 1407 717 vicarii
1436 650 1533 716 sui
1586 670 1801 716 curam
1856 649 1921 713 in
1978 670 2073 713 re-

2184 650 2301 715 t'nit
2329 653 2738 738 congregatio
2762 651 3089 717 Generalis
3108 659 3444 717 Sacrorum
3471 654 3749 728 Rituum,

512 753 869 825 stauratidis
895 751 1279 816 Christianae
1313 738 1665 836 Religionis
1705 769 2078 813 monumen·
2186 750 2249 812 in
2281 771 2404 832 qua
2434 750 2830 832 propositum
2861 747 2985 813 snit
3019 749 3290 813 Dubium
3318 793 3341 823 ,
3367 752 3539 832 quod
3567 759 3749 817 antea

507 852 588 914 tis
609 892 631 922 ,
660 851 724 911 in
756 848 1114 913 reficiendis
1141 848 1567 930 ornandisque
1597 846 1884 911 Basilicis
1941 867 2076 912 sac-

488 947 795 1013 -cnlorum
826 946 1055 1029 injuria
1085 945 1576 1019 collabentibus,
1605 943 1667 1007 in
1700 964 2071 1027 promoven-

510 1045 587 1108 da
618 1044 1203 1111 Ecclesiasticorum
1233 1041 1599 1124 disciplina,
1656 1048 1832 1105 tanto
1883 1042 2068 1120 animi

509 1142 718 1206 studio
749 1147 1104 1220 susceptam
1135 1138 1278 1223 (a),
1309 1139 1417 1220 qui
1449 1146 1766 1203 scrutatur
1792 1139 1977 1203 corda
2006 1144 2069 1203 et

513 1239 632 1302 scit
660 1239 809 1319 quid
839 1237 1103 1320 Spiritus
1136 1236 1495 1310 desiderat,
1544 1235 1825 1303 cbristus
1883 1242 2068 1303 lesus

506 1335 780 1420 benigno
810 1334 1019 1400 statim
1049 1333 1265 1399 favore
1294 1344 1396 1399 est
1424 1343 1867 1417 prosequutus.
1908 1338 2066 1398 Nam

502 1453 646 1502 cum
678 1442 839 1517 Papa
868 1454 948 1496 eo
980 1434 1119 1515 ipso
1148 1432 1252 1496 die
1282 1432 1487 1514 primo
1513 1432 1655 1516 Maii
1687 1452 1770 1495 ex
1826 1431 2070 1495 Latera-

503 1551 588 1595 no
621 1532 817 1595 redux
846 1531 910 1593 in
941 1530 1359 1594 domesticum
1392 1550 1460 1593 se
1491 1529 1842 1611 recepisset
1895 1528 2070 1593 cubi-

501 1628 737 1701 culum,
765 1627 1095 1693 advenisse
1128 1637 1381 1708 tempus
1408 1625 1745 1693 intellexit,
1773 1626 2068 1707 quemad-

503 1727 761 1797 modum
788 1726 893 1789 diu
926 1726 1218 1807 precibus
1253 1724 1707 1808 efflagitaverat
1740 1724 1847 1809 (b)
1868 1766 1890 1794 ,
1938 1743 2064 1804 quo

498 1823 751 1891 divitias
778 1822 1015 1907 gloriae
1044 1823 1256 1907 magni
1283 1823 1393 1887 Dei
1422 1821 1736 1886 mirabilia
1780 1821 2066 1887 facientis

492 1919 564 1982 in
592 1920 802 1986 Servis
835 1920 1004 1993 suis,
1036 1942 1202 2002 quos
1234 1919 1621 2005 praeparavit
1652 1921 1715 1983 in
1747 1919 2014 2004 gloriam
2040 1962 2062 1993 ,

496 2019 703 2101 palam
731 2020 1100 2083 ostenderet
1123 2044 1139 2081 ε
1173 2025 1567 2103 Quapropter
1591 2019 1918 2083 accersitis
1940 2026 2063 2082 nn.

496 2124 610 2183 PP.
646 2116 1157 2201 congregationis
1185 2123 1514 2182 Sacrorum
1577 2116 1831 2180 Rituum
1863 2133 1900 2177 a
1960 2121 2065 2178 Se-

498 2215 711 2289 cretis,
736 2234 809 2280 ao
840 2214 1006 2278 Fidei
1040 2221 1408 2278 Promotore
1438 2213 1765 2295 sequentia
1797 2213 1924 2275 duo
1949 2216 2063 2275 De·

495 2319 666 2377 creta
689 2331 879 2393 super
896 2311 1344 2394 approbatione
1359 2310 1800 2375 Biraculorum
1822 2309 1886 2371 in
1909 2315 2062 2373 Can-

496 2408 584 2475 sis
611 2409 1106 2473 canonizationis
1137 2413 1255 2473 ΒΒ.
1286 2406 1530 2472 Camilli
1579 2408 1660 2470 de
1715 2406 1908 2473 Lollia
1930 2450 1952 2482 ,
1993 2416 2062 2472 et

496 2506 753 2589 losepbi
783 2528 822 2571 a
849 2505 1145 2571 Leonissa
1173 2503 1482 2589 vulganda
1510 2503 1788 2568 tradidit.

761 2700 1097 2763 ROMANA
1124 2743 1146 2774 ,
1178 2703 1337 2764 SEU
1370 2700 1787 2763 ΤΗΕΔΤΙΝΔ

505 2898 1011 2958 canonizationis
1039 2899 1276 2957 ΒΕΑΤΙ
1302 2899 1613 2957 cautu!
1669 2900 1769 2957 DE
1799 2898 2056 2959 LELLlS

578 2996 954 3055 fundatoris
984 2996 1348 3054 elericorum
1414 2997 1807 3070 seauton-ium
1867 2996 2055 3055 Hine·-

573 3095 898 3155 ursacium
928 3092 1221 3169 Infimis.

614 3293 955 3368 Postquam
981 3281 1249 3350 solemni
1280 3283 1422 3348 Ritu
1455 3283 1621 3349 iuter
1664 3289 1894 3349 Beatos
1953 3304 2053 3348 re·

490 3381 656 3448 latus
688 3383 800 3445 l‘uit
834 3381 1229 3463 Venerabilis
1265 3380 1379 3445 Dei
1445 3380 1737 3445 Famulus
1789 3385 2051 3446 cauta·

491 3485 628 3545 ms
661 3486 757 3546 DE
787 3484 1044 3543 LELLlS
1071 3478 1385 3544 Fundator
1414 3478 1800 3544 clericorum
1857 3487 2054 3563 Regu·

487 3576 711 3640 larium
740 3575 1220 3639 ninistrantium
1255 3575 1541 3649 infirmis,
1567 3574 1944 3639 instantibus
1972 3576 2052 3640 de

494 3692 670 3735 more
691 3671 1193 3738 postulatoribus
1216 3690 1333 3751 pro
1351 3669 1749 3752 impetranda
1765 3670 2051 3755 ejusdem

490 3775 728 3834 &usae
757 3767 1295 3849 Reassumptione,
1328 3778 1395 3832 ut
1425 3769 1504 3832 ad
1526 3767 1715 3831 finem
1747 3776 2050 3850 optatum,

482 3885 712 3946 nempe
743 3863 1293 3934 canonizationem
1317 3908 1339 3936 ,
1369 3865 1502 3950 ipsa
1533 3865 1937 3946 perducatur,
1971 3865 2052 3930 si·

489 3972 670 4048 gnata
702 3960 823 4025 fuit
864 3960 1247 4027 commissio
1301 3962 1844 4046 Reassumptionis
1902 3968 2052 4027 Cau·

488 4081 597 4126 sae
617 4104 639 4132 ,
669 4069 736 4125 et
765 4059 1117 4141 apostolici
1147 4068 1486 4136 processus
1515 4060 1784 4125 contecti
1847 4061 2049 4146 (quo-

484 4179 625 4223 rum
656 4158 942 4226 validitas
972 4156 1313 4240 diligenter
1337 4158 1522 4224 etiam
1551 4159 1930 4231 examinata,
1963 4167 2052 4222 at·

484 4277 609 4340 que
637 4257 782 4321 inde
810 4257 1070 4339 probata
1104 4254 1221 4319 ruit
1235 4258 1275 4337 )
1329 4255 1408 4318 de
1461 4255 1822 4328 Miraculis,
1883 4276 2044 4338 quae

484 4355 568 4419 ob
594 4352 1110 4418 intercessionem
1144 4354 1320 4418 Beati
1354 4358 1661 4419 caum!
1691 4374 1728 4418 a
1786 4360 1917 4418 Deo
1945 4374 2050 4435 pa·

483 4459 643 4516 trata
671 4451 1058 4524 ferebantur,
1090 4459 1417 4533 postquam
1442 4450 1557 4516 ille
1585 4457 1923 4515 Beatorum
1937 4472 2047 4516 nu-

484 4570 662 4614 mero
692 4549 1048 4629 adscriptus
1074 4555 1209 4616 est:
1245 4554 1397 4612 Cum
1431 4550 1659 4614 deinde
1689 4549 1909 4614 eadem
1932 4550 2046 4613 ui-

485 4645 696 4712 racula
727 4647 791 4709 in
824 4667 1086 4712 examen
1118 4648 1395 4713 revocari
1426 4649 1821 4730 coepissent,
1850 4656 1915 4710 et
1947 4669 2047 4712 ac-

483 4743 875 4808 curatissima
902 4743 1265 4825 disquisitio
1294 4742 1375 4807 de
1410 4745 1564 4826 ipsis
1615 4744 1777 4809 faeta
1831 4753 2044 4818 esset,

482 4841 571 4904 uti
604 4861 740 4906 mos
768 4850 890 4912 est,
922 4841 986 4901 in
1019 4841 1269 4904 duabus
1292 4841 1899 4924 congregationibus
1923 4846 2041 4903 An·

483 4938 1051 5019 tepraeparatoria‚
1090 4958 1166 5002 ac
1218 4940 1723 5020 Praeparatoria,
1781 4938 2039 5001 demum

481 5055 689 5099 coram
719 5035 1123 5100 Sanctissimo
1156 5035 1418 5100 Domino
1450 5040 1675 5100 Nostro
1726 5040 2043 5100 BENEm-

2184 848 2311 931 jam
2344 847 2546 914 fuerat
2577 847 2963 930 propositum
2995 847 3057 909 in
3101 847 3351 913 duabus
3402 852 3750 933 congrega·

2185 948 2468 1011 tionibus
2496 945 3167 1028 antepraeparatoria,
3214 965 3289 1010 ae
3345 952 3748 1029 praeparato·

2178 1043 2270 1107 ria
2293 1086 2316 1116 ,
2345 1065 2501 1126 quas
2523 1044 2810 1127 superius
2840 1042 3291 1107 nominavimus
3320 1078 3398 1093 —·
3432 1044 3558 1118 An,
3587 1057 3644 1107 et
3671 1053 3744 1109 ds

2184 1149 2405 1220 quibus
2433 1146 2761 1205 uin-aculis
2790 1152 3024 1207 constet
3053 1152 3193 1218 post
3221 1147 3527 1205 iad-team
3555 1146 3746 1207 sidens

2186 1241 2466 1304 ΒΕΔΤΟ
2503 1243 2956 1307 naen-ationem
2986 1245 3056 1301 in
3108 1258 3258 1302 cusu
3279 1280 3301 1312 ,
3358 1251 3420 1302 st
3474 1245 3556 1304 ud
3609 1245 3741 1322 effe-

2185 1351 2350 1402 ctum
2374 1375 2453 1389 —
2486 1340 2791 1403 Sanctitas
2819 1344 2940 1401 Sua
2958 1380 2978 1410 ,
3008 1337 3365 1420 priusquam
3416 1338 3748 1404 accederet

2180 1435 2259 1499 ad
2289 1437 2840 1520 congregationem
2861 1478 2881 1501 .
2915 1435 3123 1499 omnia
3145 1432 3590 1500 consultorum
3614 1435 3742 1500 suf-

2179 1532 2379 1619 fragia
2415 1532 2740 1617 perlegere
2771 1531 3012 1606 voluit,
3064 1531 3594 1614 quemadmodum
3653 1532 3744 1596 fa-

2188 1652 2336 1696 cere
2362 1631 2682 1697 consuevit
2704 1675 2726 1704 ,
2756 1641 2942 1712 atque
2974 1629 3086 1693 illa
3113 1629 3341 1694 deinde
3369 1649 3583 1695 coram
3611 1630 3742 1694 uni·

2186 1748 2374 1792 verso
2403 1732 2598 1793 Coetu
2626 1726 2896 1792 dilucide
2924 1726 3249 1808 expossitz
3282 1731 3426 1790 Post
3455 1725 3608 1791 baec
3635 1747 3742 1791 au·

2187 1823 2334 1887 ditis
2361 1823 2777 1888 Cardinalium
2808 1823 3126 1906 suffragiis
3152 1820 3302 1884 nibil
3333 1824 3473 1885 novi
3513 1823 3744 1887 consti-

2177 1923 2339 1992 tuit,
2375 1940 2496 1985 nou
2528 1921 2732 1987 solum
2754 1963 2776 1991 ,
2813 1931 2884 1984 ut
2909 1925 3170 1983 Causam
3196 1918 3546 1983 accuratius
3598 1940 3742 2004 per·

2180 2020 2529 2100 penderet,
2559 2019 2668 2085 sed
2697 2020 2887 2083 etiam
2908 2061 2929 2087 ,
2968 2025 3037 2081 ut
3092 2016 3372 2081 Divinam
3427 2038 3615 2100 opem
3673 2018 3740 2081 in

2176 2124 2304 2180 tam
2337 2115 2551 2201 gravi,
2580 2114 2957 2196 difficilique
2980 2114 3235 2197 negotio
3264 2113 3579 2179 diuturnis
3601 2134 3741 2195 pre-

2175 2213 2355 2279 cibus
2384 2212 2783 2296 imploraret=
2808 2213 2925 2276 {Iis
2953 2212 3250 2277 omnibus
3288 2212 3558 2292 peractis
3613 2211 3738 2278 duo

2182 2332 2262 2377 ex
2295 2311 2637 2395 propositis
2665 2309 2984 2375 Miraculis
3013 2308 3378 2391 adprobavit
3398 2334 3417 2371 ε
3466 2308 3739 2374 Primum

2175 2408 2334 2472 illud
2365 2418 2506 2482 est,
2533 2408 2704 2491 quod
2734 2408 2796 2470 in
2826 2407 3060 2472 Ordine
3104 2406 3382 2472 secundo
3435 2406 3578 2472 loco
3630 2407 3738 2472 de·

2180 2505 2511 2578 scribitur,
2542 2515 2608 2569 et
2633 2505 2856 2570 Luciae
2884 2503 3182 2569 Teresiae
3209 2504 3369 2568 Petti
3430 2504 3736 2588 contigit,

2178 2624 2342 2686 quae
2373 2603 2455 2667 ab
2489 2603 2621 2685 ipsa
2650 2601 2983 2667 Nativitate
3024 2602 3331 2666 asthmate
3389 2622 3686 2685 oppressa
3710 2646 3733 2676 ,

2177 2700 2546 2783 gravissima
2574 2698 2917 2782 respirandi
2949 2696 3316 2763 difficultate
3355 2698 3689 2766 laborabat
3709 2743 3732 2771 ,

2168 2806 2235 2861 et
2263 2819 2407 2862 cum
2441 2798 2644 2882 magis
2671 2804 2880 2861 aetate
2909 2795 3321 2880 procederet,
3377 2804 3552 2861 tanta
3606 2817 3734 2861 ma-

2171 2894 2373 2959 lorum
2407 2896 2685 2960 accessio
2711 2893 2872 2960 facta
2912 2900 3055 2965 est,
3084 2901 3153 2956 ut
3184 2914 3306 2958 non
3338 2895 3532 2958 modo
3557 2894 3731 2977 inep-

2168 3001 2294 3057 tam
2324 3012 2578 3073 prorsus
2607 2991 2937 3057 efficerent
2965 2991 3047 3057 ad
3107 3010 3569 3074 quemcumque
3625 2989 3729 3055 vel

2162 3084 2548 3156 levissimum
2600 3089 2878 3154 laborem
2906 3132 2927 3163 ,
2981 3089 3093 3154 sed
3151 3089 3343 3154 etiam
3392 3087 3728 3154 macilento

2164 3185 2338 3250 vultu
2363 3229 2384 3260 ,
2430 3186 2771 3270 fractisque
2829 3187 3071 3252 viribus
3128 3188 3432 3273 Corporis
3481 3187 3738 3271 penitus,

2167 3293 2575 3350 extenuarent
2594 3310 2612 3347 ε
2641 3285 2799 3358 Quin
2827 3285 3022 3350 etiam
3055 3285 3318 3368 gibbum
3374 3287 3686 3350 contraxit
3705 3327 3727 3358 ,

2164 3388 2231 3446 et
2262 3382 2629 3466 sanguinem
2662 3382 3016 3447 immixtum
3048 3382 3216 3447 sanie
3247 3382 3566 3465 despuere
3586 3402 3728 3446 coe·

2140 3479 2280 3563 -pit,
2309 3483 2466 3545 itaut
2495 3482 2573 3545 de
2604 3479 2744 3564 ejus
2769 3480 2894 3545 vita
2924 3491 3134 3546 actum
3163 3499 3306 3545 esse
3336 3480 3727 3546 Hediciuna·

2164 3577 2370 3641 nimes
2402 3577 2846 3643 adiit-mareota
2878 3578 2988 3642 sed
3018 3577 3130 3642 illa
3169 3586 3314 3659 post
3373 3577 3725 3641 invocatum

2164 3678 2234 3736 B.
2279 3679 2674 3738 camunni
2731 3686 3052 3739 momento
3109 3673 3413 3755 temporis
3466 3673 3729 3754 pristino

2169 3771 2510 3852 respirandi
2543 3771 2997 3853 impedimento
3020 3815 3042 3845 ,
3071 3779 3137 3836 et
3177 3771 3478 3836 marcidis
3528 3772 3728 3854 sputis

2162 3868 2359 3932 libera
2392 3870 2676 3950 protinus
2720 3869 2961 3942 evasit,
3016 3867 3305 3951 Corporis
3363 3869 3723 3940 minamine

2160 3964 2363 4028 soluta
2392 3963 2533 4039 fuit,
2563 3975 2624 4029 et
2656 3987 2724 4030 se
2755 3966 2831 4030 ad
2862 3965 3119 4029 labores
3142 3985 3363 4029 omnes
3392 3965 3727 4048 suscipien-

2164 4061 2284 4127 dos
2314 4063 2604 4129 idoneam
2629 4107 2650 4135 ,
2683 4071 2747 4127 et
2777 4062 3136 4145 expeditam
3166 4064 3401 4134 sensit,
3424 4083 3566 4128 cum
3593 4063 3728 4126 nul-

2158 4158 2218 4223 la
2250 4169 2431 4225 antea
2463 4160 2651 4225 Crisis
2673 4207 2693 4234 ,
2726 4184 2835 4248 seu
2870 4160 3018 4225 mali
3056 4160 3318 4224 mutatio
3349 4159 3556 4224 eidem
3591 4166 3725 4224 Mu·

2159 4255 2298 4321 lieri
2327 4258 2724 4342 contigisset:
2759 4263 2961 4338 Atque
2994 4257 3080 4318 ita
3114 4256 3420 4320 restitutis
3445 4255 3723 4330 viribus,

2156 4368 2488 4439 postquam
2523 4354 2975 4436 septemdecim
3009 4355 3188 4418 annis
3219 4353 3496 4437 graviter
3541 4372 3725 4417 vexa-

2157 4462 2220 4516 ta
2252 4452 2719 4536 suit,.iutegra‚
2750 4451 3157 4535 perfectaque
3200 4451 3432 4536 gaudet
3487 4449 3723 4514 valetu-

2157 4548 2326 4613 dine.

2283 4647 2630 4712 Secundum
2659 4645 3026 4711 miraculum
3050 4689 3072 4718 ,
3129 4644 3297 4728 qaod
3357 4645 3420 4706 in
3485 4644 3719 4709 Ordine

2154 4746 2408 4811 tertium
2442 4743 2652 4808 locum
2682 4745 3049 4813 obtinebat,
3101 4762 3136 4805 a
3195 4744 3536 4807 Sanctitate
3596 4748 3718 4807 Sua

2156 4844 2481 4926 probatum
2509 4885 2529 4913 ‚
2561 4841 2788 4905 accidit
2820 4840 3197 4923 Margaritae
3229 4837 3486 4904 Castelli
3539 4840 3718 4903 Puel-

2154 4939 2253 5003 lae
2281 4959 2579 5004 annorum
2639 4938 3102 5022 duodeviginti,
3159 4957 3322 5019 quae
3377 4944 3715 5001 Parentem

2150 5023 2369 5101 babuit
2396 5037 2661 5119 pustulis
2693 5034 2984 5102 infectam
3012 5078 3033 5107 ‚
3091 5042 3157 5098 et
3210 5033 3432 5098 eodem
3493 5034 3718 5096 morbo

483 5131 631 5197 CTO
662 5139 814 5196 xlv.
848 5132 950 5196 die
982 5138 1078 5196 16.
1110 5132 1317 5198 Martii
1350 5151 1551 5215 nuper
1581 5131 1783 5214 elapsi
1829 5131 2041 5197 habita
2142 5134 2235 5200 ita
2264 5155 2561 5218 oppressa
2590 5133 2704 5197 fuit
2729 5177 2749 5205 ,
2780 5144 2849 5199 ut
2869 5131 3157 5217 pustulae
3190 5131 3254 5194 in
3284 5129 3556 5196 diversis
3572 5148 3711 5213 par·

583 5333 912 5402 (a).Pua·aIi.
937 5351 1058 5403 cap.
1084 5333 1176 5386 28.
1206 5353 1260 5388 ν.
1290 5337 1344 5387 9.
1373 5347 1426 5387 et
1452 5332 1529 5390 ad
1553 5336 1713 5389 Rom.
1743 5352 1863 5408 cap.
1894 5337 1941 5387 1.
1976 5354 2027 5389 v.
2056 5336 2146 5390 27.
2235 5379 2244 5386 .

586 5422 678 5494 (b)
706 5421 802 5478 Ad
833 5421 1038 5495 Ephe-5.
1064 5422 1152 5477 22.
1188 5442 1344 5479 verm
1376 5426 1464 5481 18.
