4442 6300
978 479 1050 531 80
1943 489 2149 544 ACTA
2214 489 2877 547 CANoNtzA'rtoNts

785 622 1097 687 minorum
1127 621 1385 688 Familia
1410 668 1430 697 ,
1462 631 1593 689 tum
1625 631 1982 717 Presbyteri
2014 635 2361 712 Seculares,

786 726 856 782 ut
882 719 946 781 in
976 740 1191 783 eorum
1223 725 1700 789 contubernium
1733 729 2364 808 admitterentur‚in-

784 813 954 878 fimis
974 814 1265 898 precibus
1286 821 1753 900 postulaverant
1771 838 1837 891 et
1850 829 2357 911 impetraverant.

2476 637 2712 701 scilicet
2745 656 2825 700 ex
2845 638 3192 701 restaurato
3223 635 3451 701 Ordine
3480 637 3622 701 novi
3655 643 3897 703 Fratres
3924 654 4040 720 per

2474 752 2782 827 summam
2809 739 3235 813 paupertatem
3259 775 3281 806 ,
3312 751 3427 813 per
3453 732 3697 817 vigilias
3718 779 3739 810 ,
3769 755 3883 816 per
3908 754 4042 805 ora,-

2474 828 2701 902 tiones,
2715 848 2832 911 per
2854 827 3157 904 inediam,
3181 848 3296 910 per
3318 830 3676 911 patientiam
3705 837 3933 895 certam
3955 831 4044 897 fa·

786 915 941 976 Cum
970 912 1184 995 itaque
1214 916 1691 997 Aquilarienses
1720 924 1914 988 aedes
1955 928 2262 992 crescenti
2294 930 2354 990 in
2471 933 2687 991 cerent
2726 926 3153 999 vocationem,
3185 932 3250 990 et
3292 925 3557 1018 salutem
3604 948 3779 991 suam
3825 949 4044 1010 opera·

663 1090 674 1099 .
789 1006 1069 1094 singulos
1101 1011 1239 1076 dies
1270 1032 1571 1080 novorum
1605 1018 2061 1104 Religiosorum
2088 1044 2358 1091 numero

781 1106 1057 1187 impares
1079 1110 1530 1186 redderentur,
1559 1132 1757 1181 novae
1787 1120 1952 1201 apud
1995 1123 2309 1188 Abroeum
2335 1171 2357 1202 ‚

785 1206 954 1287 quod
997 1205 1104 1269 alii
1138 1208 1466 1272 Tribulum
1512 1224 1775 1293 vocant,
1803 1217 1867 1278 in
1912 1217 2161 1284 deserta
2206 1242 2357 1304 qua·

784 1302 928 1365 dam
962 1301 1222 1385 planitie
1250 1305 1328 1369 ad
1352 1305 1545 1388 ripam
1576 1312 1750 1373 Durii
1770 1321 2167 1381 constructae
2194 1327 2358 1382 sunt.

783 1398 942 1463 Hinc
969 1421 1085 1482 pro
1112 1404 1440 1467 restaurati
1473 1406 1725 1472 Ordinis
1755 1410 2022 1477 feliciori
2070 1434 2359 1499 progres-

790 1514 861 1561 su
888 1496 1010 1560 boc
1065 1517 1255 1561 unum
1313 1500 1642 1567 videbatur
1664 1505 1793 1588 iam
1826 1509 2166 1574 desiderari
2195 1558 2217 1586 ,
2246 1521 2354 1586 ut,

787 1613 946 1675 quas
974 1614 1089 1677 pro
1117 1597 1542 1678 Aquileriensi
1564 1646 1584 1674 ,
1614 1621 1686 1665 ac
1714 1605 2054 1673 Tribulaua
2098 1610 2358 1677 Familia

787 1694 1175 1760 sanciverant
1194 1715 1387 1760 novas
1415 1700 1879 1769 austerissimae
1922 1706 2088 1772 vitae
2131 1708 2312 1793 leges
2333 1752 2353 1785 ,

787 1810 900 1855 eae
945 1812 1235 1873 suprema
1281 1802 1590 1862 Romanae
1619 1799 1939 1867 Ecclesiae
1982 1807 2354 1871 auctoritate

785 1889 1322 1957 confirmarentur.
1354 1895 1758 1960 Occasionem
1785 1899 1978 1983 igitur
2004 1904 2168 1970 nacti
2200 1912 2357 1970 Con-

791 1987 1150 2052 stantiensis
1178 1991 1462 2065 concilii,
1496 1995 1664 2074 quod
1696 2016 1811 2078 per
1845 1997 1908 2059 id
1938 2001 2241 2083 temporis
2260 2022 2360 2067 ce-

782 2084 1249 2161 lebrabatur,in
1273 2110 1409 2153 eam
1437 2100 1708 2156 mentem
1733 2097 2064 2162 unanimes
2094 2120 2353 2163 consen·

785 2202 950 2255 scre,
973 2192 1044 2247 ut
1071 2185 1466 2251 Villacretius
1495 2191 1914 2255 Constantiam
1934 2195 2356 2276 proficiscere·

780 2284 886 2343 tur
907 2326 928 2355 ,
959 2300 1094 2345 rem
1119 2282 1183 2344 in
1211 2303 1288 2346 eo
1318 2284 1594 2349 Concilio
1634 2288 1796 2369 apud
1827 2291 2192 2356 Pontificem
2241 2294 2355 2357 eli-

779 2378 1052 2459 gendum
1096 2388 1603 2460 pertractaturum
1628 2385 1964 2464 Regalatus
2007 2410 2158 2454 vero
2198 2391 2355 2456 inte·

777 2474 897 2537 rim
927 2475 1473 2557 Aquileriensibus
1495 2522 1514 2552 ,
1544 2500 1614 2545 ac
1635 2482 1993 2550 Tribulanis
2033 2488 2355 2555 Fratribus

776 2574 1183 2655 praesideret.
1215 2581 1348 2649 Quo
1381 2576 1634 2658 quidem
1664 2600 1921 2645 munere
1947 2591 2075 2648 tam
2110 2587 2350 2667 sapien-

777 2678 916 2745 ter,
962 2678 1086 2737 tam
1127 2674 1512 2756 prudenter,
1554 2685 1679 2740 tam
1726 2687 1941 2745 sancte
1983 2681 2351 2762 perfunctus

779 2778 916 2844 est,
947 2777 1017 2833 ut
1057 2792 1198 2835 cum
1243 2772 1304 2834 in
1336 2794 1413 2836 eo
1456 2772 1800 2839 villacretii
1846 2776 2181 2863 imaginem
2227 2802 2349 2844 non

778 2866 1214 2932 adumbratam
1245 2867 1490 2941 leviter,
1508 2871 1617 2934 sed
1632 2872 1976 2938 verissimis
1991 2895 2350 2957 expressam

778 2965 1099 3031 coloribus
1138 2967 1577 3043 intuerentur,
1636 2971 1916 3037 absentis
1959 2974 2347 3039 desiderium

776 3069 1027 3128 Fratres
1053 3085 1258 3146 aequo
1286 3068 1496 3132 auimo
1529 3066 1785 3133 ferrent.
1812 3100 1835 3124 ι

911 3194 932 3218 ι
964 3164 1362 3231 villacretius
1393 3169 1789 3233 constantiae
1821 3190 1889 3235 re
1924 3169 2085 3235 bene
2127 3182 2303 3256 gesta
2326 3216 2347 3246 ,

776 3269 837 3326 et
870 3281 902 3323 a
932 3263 1203 3328 Martino
1231 3269 1486 3328 Summo
1516 3266 1815 3331 Pontifice
1847 3267 2030 3350 hujus
2073 3269 2347 3334 nominis

776 3361 1010 3433 Quinto
1030 3380 1278 3425 summa
1311 3362 1404 3426 sui
1430 3382 1572 3426 cum
1609 3363 1795 3427 laude
1821 3363 1899 3426 iis
1922 3365 2212 3429 omnibus
2238 3366 2350 3428 im-

771 3458 1059 3538 petratis,
1090 3479 1251 3540 quae
1272 3460 1709 3524 communibus
1733 3481 1878 3525 cum
1913 3462 2213 3546 Regalato
2243 3483 2349 3528 vo·

776 3556 857 3620 tis
898 3556 1447 3624 vehementissime
1489 3565 1811 3638 optaverat
1835 3602 1855 3632 ,
1898 3559 1963 3620 in
1988 3559 2343 3642 Hispaniam

776 3675 919 3719 sese
950 3655 1228 3737 recipere
1270 3653 1608 3719 festinavit.
1639 3663 1870 3720 Verum
1917 3658 2349 3723 sanctissimus

778 3758 982 3815 Senex
1013 3771 1136 3816 non
1180 3753 1377 3815 multo
1423 3759 1603 3834 post,
1636 3772 1824 3835 quam
1854 3751 2056 3818 fuerat
2098 3755 2350 3837 Aquile-

772 3849 931 3910 riam
962 3869 1287 3921 reversus,
1321 3849 1692 3933 gravissimo
1722 3859 2047 3934 correptus
2080 3854 2304 3917 morbo
2324 3898 2344 3928 ,

775 3947 955 4026 quasi
1000 3966 1080 4010 ex
1119 3947 1435 4029 inopinato
1494 3968 1857 4039 supremum
1901 3949 2067 4014 diem
2126 3950 2345 4016 obivit.

775 4044 938 4108 Nihil
969 4045 1255 4110 acerbius
1284 4045 1640 4128 Religiosis,
1671 4052 1858 4129 atque
1901 4048 2348 4114 amantissimis

772 4141 945 4205 Filiis
972 4144 1335 4226 contingere
1365 4142 1654 4227 profecto
1683 4153 1970 4226 poterat,
2000 4167 2186 4229 quam
2218 4157 2348 4210 tan-

774 4238 822 4300 ti
865 4241 1108 4314 Patris,
1155 4249 1339 4323 atque
1382 4242 1664 4325 Magistri
1705 4243 2021 4307 interitus.
2067 4251 2136 4307 In
2177 4250 2347 4309 tanta

773 4345 982 4401 tamen
1013 4338 1196 4401 animi
1227 4339 1614 4420 aegritudine
1660 4350 1847 4423 atque
1878 4341 2098 4405 dolore
2130 4341 2195 4404 id
2239 4363 2349 4406 eos

773 4436 956 4499 unice
985 4435 1537 4520 relevabat‚quod,
1556 4437 1659 4520 qui
1695 4437 2125 4502 Villacretium
2154 4439 2352 4503 consi-

775 4532 862 4598 lio
888 4542 1075 4617 atque
1105 4553 1296 4615 opera
1326 4535 1597 4598 maxime
1630 4555 1882 4617 semper
1901 4535 2167 4617 juverat,
2191 4535 2353 4618 ipsis

774 4642 1134 4716 superesset
1154 4632 1523 4716 Rogamus,
1554 4654 1590 4698 a
1619 4655 1743 4716 quo
1771 4640 2024 4714 accepta
2055 4651 2136 4696 ex
2179 4633 2351 4722 illius

774 4729 950 4794 obitu
974 4730 1214 4813 jactura
1252 4731 1500 4794 abunde
1551 4738 2080 4814 compensaretur.
2126 4735 2351 4804 Quam·

771 4831 993 4892 obrem
1050 4827 1328 4890 unanimi
1384 4827 1717 4909 utriusque
1772 4827 2075 4892 Familiae
2134 4830 2353 4893 suffra-

772 4926 880 5008 gie
906 4924 1084 4990 illico
1114 4924 1341 4989 factum
1375 4935 1509 4998 est,
1539 4933 1605 4987 ut
1637 4924 1698 4985 in
1742 4923 2088 4994 villacretii
2131 4923 2344 4990 locum

771 5023 1109 5106 Regalatus
1167 5023 1588 5093 sufficeretur,
1634 5028 1697 5086 et
1740 5021 2345 5103 praestantissimam

773 5119 1491 5203 ceteroquinvillacretii
1509 5119 1801 5183 virtutem
1827 5118 2348 5199 diligentiamque

773 5237 898 5279 non
925 5226 1300 5301 exaequaret
1333 5217 1519 5281 modo
1538 5260 1559 5290 ,
1589 5217 1697 5281 sed
1729 5216 1915 5300 longo
1941 5216 2126 5279 etiam
2156 5215 2349 5278 inter·

773 5313 942 5379 vallo
969 5324 1328 5397 superaret:
1361 5314 1538 5388 Quod
1570 5313 1734 5376 enim
1796 5312 2194 5377 villacretius
2237 5331 2352 5394 per

771 5409 1133 5477 Pontificem
1182 5412 1518 5478 Maximum
1564 5410 1818 5495 probari
1865 5418 2236 5484 curaverat,
2280 5416 2349 5473 ut

2472 1033 2719 1097 rentur,
2753 1023 2821 1087 id
2852 1044 3039 1088 omne
3071 1030 3135 1085 et
3163 1023 3632 1089 accuratissime
3674 1025 3811 1107 ipse
3839 1024 4044 1108 perfe-

2471 1119 2586 1192 cit,
2619 1127 2722 1196 et,
2747 1127 2817 1184 ut
2839 1120 3294 1205 perficeretur,
3329 1122 3623 1203 exemplo
3654 1143 3768 1186 suo
3795 1122 4044 1186 absolu·

2468 1218 2715 1282 tissimo
2732 1237 3050 1300 operaque
3079 1218 3558 1302 diligentissima
3584 1218 3918 1304 Regalatus
3946 1229 4046 1284 est

2468 1324 2863 1381 consecutus.
2909 1322 2986 1380 Ut
3019 1317 3185 1380 enim
3215 1337 3253 1382 a
3289 1317 3531 1399 privata
3571 1317 4043 1401 domesticaque

2469 1413 2715 1478 vivendi
2744 1413 2982 1479 ratione
3013 1414 3312 1479 ducamus
3338 1414 3583 1478 initium
3611 1458 3631 1487 ,
3663 1435 3889 1480 novem
3930 1415 4043 1480 illa

2461 1510 2840 1595 jejuniorum
2869 1519 3179 1594 tempora,
3209 1512 3441 1595 quibus
3469 1512 3829 1578 patriarcha
3862 1521 4044 1579 Fran-

2466 1607 2672 1673 ciscus
2713 1609 3047 1673 maximam
3082 1610 3221 1671 anni
3254 1619 3499 1691 partem
3544 1609 3876 1691 explebat,
3919 1630 4044 1674 non

2469 1704 2672 1769 solum
2707 1706 2843 1787 ipse
2874 1706 3061 1771 etiam
3092 1725 3214 1768 una
3235 1726 3376 1770 cum
3408 1706 3640 1770 ceteris
3685 1705 4043 1771 observavit

2469 1822 2546 1866 ex
2569 1804 2835 1887 integro,
2862 1803 2973 1867 sed
2996 1821 3298 1867 summam
3328 1802 3485 1867 banc
3503 1803 3699 1884 ipsam
3721 1804 4042 1867 abstinen-

2467 1900 2618 1964 tiam
2666 1899 2966 1982 singulari
3011 1899 3279 1981 quadam
3321 1900 3687 1965 austeritate
3731 1900 4042 1984 perfecit;

2467 2017 2607 2061 cum
2638 1996 2879 2061 scilicet
2909 2018 3048 2061 raro
3081 1997 3419 2061 admodum
3463 2007 3570 2063 aut
3613 1998 3817 2061 vinum
3867 1999 4047 2063 bibe-

2467 2103 2605 2168 ret,
2635 2103 2741 2157 aut
2768 2114 3019 2158 carnem
3052 2104 3359 2178 gustaret,
3376 2104 3566 2179 atque
3595 2103 3661 2158 ut
3689 2094 4036 2178 plurimum

2465 2212 2625 2273 pane
2656 2199 2722 2255 et
2750 2212 2910 2275 aqua
2938 2194 3119 2256 unice
3147 2203 3531 2267 vesceretur,
3563 2204 3694 2258 tum
3717 2236 3738 2267 ‚
3770 2193 3822 2258 si
3857 2195 4045 2258 obso-

2467 2288 2553 2351 nii
2583 2288 2726 2353 loco
2755 2291 2944 2353 cruda
2976 2288 3149 2352 olera
3180 2290 3523 2372 adjiceret,
3559 2290 3684 2353 sibi
3715 2289 4036 2354 convivari

2467 2387 2724 2469 opipare
2755 2386 3104 2450 videbatur.
3133 2388 3247 2451 His
3276 2389 3462 2451 etiam
3497 2387 3851 2452 addendum
3899 2395 3998 2451 est
4017 2430 4043 2461 ,

2466 2484 2635 2566 quod
2656 2526 2676 2557 ,
2702 2484 2824 2548 uisi
2854 2484 3033 2549 festis
3062 2484 3289 2549 'diebus
3311 2528 3331 2557 ,
3361 2485 3592 2567 quibus
3620 2485 3919 2550 duntaxat
3953 2486 4038 2549 ob

2465 2570 2861 2646 Dominicam'
2872 2581 3305 2647 celebritatem
3333 2582 3582 2669 modico
3602 2604 3757 2665 pane
3779 2585 3867 2646 uti
3896 2604 4048 2648 con-

2466 2679 2709 2751 suevit,
2740 2678 3000 2762 reliquis
3028 2679 3256 2745 diebus
3298 2681 3593 2745 omnibus
3637 2680 3792 2743 nibil
3839 2681 4041 2745 omui·

2466 2796 2545 2839 no
2602 2778 2720 2840 sub
2762 2796 3088 2860 vesperam
3134 2778 3589 2853 manducabat,
3634 2786 3698 2842 et
3755 2779 4046 2863 integros

2467 2874 2655 2936 etiam
2689 2873 2824 2938 dies
2852 2895 3033 2939 orans
3061 2874 3451 2959 vigilansque
3482 2895 3785 2958 persaepe
3814 2875 4040 2939 transi-

2464 2972 2694 3052 gebat,
2726 2972 2970 3053 absque
3000 2992 3077 3038 eo
3110 2971 3444 3061 quod‘ullo
3476 2993 3735 3056 prorsus
3768 2972 3910 3037 cibo
3938 2993 4040 3037 re-

2462 3067 2778 3131 ficeretur.
2812 3076 3042 3133 Somno
3071 3089 3217 3132 vero
3247 3070 3332 3132 ita
3361 3091 3502 3135 raro
3549 3068 3851 3154 brevique
3893 3079 4034 3134 ute·

2466 3168 2686 3240 batur,
2718 3176 2783 3230 ut
2815 3167 2912 3232 vel
2960 3169 3280 3232 insomnes
3310 3167 3545 3233 orando
3587 3188 3776 3251 saepe
3821 3168 4037 3233 tradu-

2460 3273 2631 3329 ceret
2658 3267 2933 3350 integras
2962 3274 3179 3330 noctes
3199 3308 3220 3339 ,
3252 3266 3350 3331 vel
3382 3267 3433 3331 si
3462 3266 3806 3351 defatigato
3835 3266 4039 3330 ‹at-de-

2459 3360 2719 3427 ficiente
2761 3382 3027 3445 corpore
3056 3362 3377 3445 paululum
3424 3365 3811 3429 decumbere
3855 3384 4041 3447 coge·

2461 3470 2655 3534 retur,
2667 3460 2732 3522 id
2763 3480 2882 3523 non
2905 3460 3087 3522 aliter
3108 3459 3341 3524 faceret
3360 3481 3542 3543 quam
3572 3459 3740 3526 humi
3766 3469 4040 3542 prostra-

2459 3563 2558 3620 tus
2582 3599 2600 3628 ,
2629 3565 2697 3619 ut
2730 3577 2851 3621 non
2886 3567 3010 3622 tam
3038 3557 3489 3639 conquiescere
3516 3600 3536 3631 ,
3567 3577 3758 3639 quam
3804 3559 4032 3638 ipsam·

2460 3663 2590 3719 met
2619 3654 2895 3737 quietem
2926 3676 3039 3719 suo
3066 3655 3313 3737 corpori
3346 3655 3678 3720 molestam
3709 3653 3925 3719 facere.
3949 3655 4037 3717 vi·

2459 3752 2727 3816 deretur.
2760 3781 2783 3805 ι

2595 3879 2617 3903 ι
2646 3849 2804 3911 Huic
2831 3855 3039 3913 tantae
3063 3847 3408 3932 vigiliarum
3429 3857 3495 3912 et
3517 3848 3898 3932 jejuniorum
3929 3868 4038 3912 au-

2462 3945 2728 4008 steritati
2776 3965 2984 4026 parem
3019 3945 3273 4027 spiritus
3304 3955 3733 4029 paupertatem
3776 3944 4036 4027 Regale·

2462 4053 2563 4106 tus
2605 4043 2930 4127 adjunxit:
2964 4050 3114 4106 Eam
3161 4043 3476 4125 siquidem
3525 4063 3726 4125 usque
3770 4042 3930 4106 adeo
3971 4042 4035 4104 iu

2460 4139 2702 4203 deliciis
2733 4140 2970 4212 babuit,
3002 4148 3070 4204 ut
3116 4150 3418 4221 quantum
3448 4140 3777 4204 ditissimis
3825 4138 3889 4200 in
3937 4157 4035 4201 se-

2461 4235 2606 4300 culo
2662 4237 3161 4318 quibuscumque
3218 4236 3474 4301 sodales
3515 4237 3609 4299 sui
3668 4243 4033 4316 paupertate

2461 4335 2847 4418 eminebant,
2878 4344 3114 4399 tantum
3142 4334 3296 4417 ipsis
3324 4335 3511 4399 etiam
3545 4333 3872 4398 Sodalibus
3900 4333 4033 4396 suis

2463 4430 2653 4513 longe
2674 4431 3081 4497 antecelleret
3103 4430 3447 4514 Regalatus.
3471 4435 3619 4493 Cum
3653 4429 3818 4492 enim
3851 4435 3914 4493 et
3943 4436 4033 4491 at·

2464 4528 2793 4592 tritissima
2814 4549 2965 4611 prae
2988 4529 3221 4592 ceteris
3251 4528 3458 4594 tunica
3483 4535 3794 4597 uteretur,
3827 4533 3886 4589 et
3906 4526 4034 4607 pal·

2462 4625 2552 4688 lio
2596 4646 2781 4708 quam
2829 4627 3103 4689 maxime
3146 4624 3398 4696 lacero,
3444 4631 3575 4687 tum
3611 4624 3672 4683 in
3719 4644 3797 4686 eo
3843 4621 4025 4706 plane

2462 4723 2896 4788 admirandum
2919 4724 3098 4787 dedit
3119 4743 3398 4788 summae
3429 4721 3807 4803 paupertatis
3828 4739 4037 4783 exem·

2463 4821 2638 4904 plum
2659 4866 2680 4895 ,
2711 4822 2907 4904 quod,
2935 4830 3005 4885 ut
3034 4823 3267 4905 majora
3296 4821 3376 4882 ab
3408 4839 3487 4881 ca
3516 4819 3772 4881 sentiret
3802 4817 4036 4882 incom-

2464 4921 2649 4984 moda
2671 4963 2691 4994 ,
2723 4918 2956 4983 nullum
2988 4939 3257 5001 unquam
3290 4917 3641 4982 calceorum
3689 4935 3888 4998 genus
3930 4914 4037 4976 ad·

2460 5017 2677 5082 bibere
2710 5017 2980 5082 voluerit
3000 5038 3201 5100 usque
3221 5017 3295 5080 ad
3316 5015 3848 5099 ingravescentem
3869 5018 4037 5077 aeta·

2460 5105 2630 5187 tem',
2674 5116 2950 5198 ipsisque
2989 5115 3184 5181 etiam
3230 5111 3573 5194 repudiatis
3598 5154 3619 5182 ,
3661 5117 3729 5170 ut
3769 5116 4032 5181 vocant,

2461 5212 2757 5277 sandaliis
2782 5213 3098 5297 ,pedibus
3127 5231 3373 5292 semper
3402 5209 3584 5272 nudis
3615 5208 3927 5272 incedere.
3960 5234 3983 5259 ι

2599 5339 2621 5365 ·
2656 5311 2812 5374 Hinc
2861 5310 3195 5375 mundanis
3252 5309 3479 5392 opibus
3522 5306 4030 5389 quibuscumque
4062 5325 4085 5340 ν

2462 5409 2797 5492 expeditus
2839 5428 2979 5473 cum
3025 5408 3225 5482 foret,
3257 5405 3465 5488 iisque
3508 5405 3695 5469 rebus
3740 5400 4031 5466 omnibus
