4442 6300
1521 536 1866 607 QmRQtJt
1909 536 2372 594 mucronum
2406 540 2570 593 tre.

3407 528 3518 596 ἀντ

466 704 558 753 ex
587 684 851 751 diversis
879 673 1069 749 Orbis
1084 640 1363 766 partibus
1386 681 1900 747 innumerabilem
1932 677 2039 766 poss
2084 683 2096 731 ¹
2145 682 2258 747 sed
2287 682 2552 748 ulterius
2581 703 2697 766 per
2737 692 2932 750 totam
2963 695 3241 754 octavam
3286 657 3552 771 singulis
3579 686 3708 751 die·

470 784 610 868 puli
642 780 1102 847 multitudinem
1132 780 1385 864 linguis,
1412 779 1717 854 moribus,
1745 787 1808 844 et
1838 780 2038 863 regio·

470 881 666 945 nibus
690 880 1059 948 discretam,
1089 875 1504 941 venerationis
1527 885 1734 958 tamen
1764 897 1908 961 erga
1933 878 2040 942 be-

468 986 614 1043 atos
662 976 1099 1059 Apostolorum
1151 974 1439 1046 cineres,
1484 984 1548 1038 et
1598 973 2036 1056 triumphalem

468 1074 714 1140 Natalis
750 1093 967 1138 eorum
1002 1062 1362 1135 memoriam
1406 1069 1695 1137 concordi
1729 1072 2039 1153 obsequio

464 1173 785 1239 'sociatum
840 1169 1159 1235 confluere
1203 1170 1641 1244 consuevisse3
1698 1162 2041 1251 Episcopos

468 1270 665 1333 etiam
720 1267 1006 1348 aliosque
1054 1282 1264 1329 sacros
1310 1265 1683 1338 Antistites‚
1733 1264 2039 1330 sublimes

468 1365 827 1447 nimiasque
879 1382 1179 1445 personas
1221 1361 1297 1423 ad
1349 1362 1636 1426 eamdem
1684 1362 2039 1427 solemnita-

471 1475 605 1528 tem
635 1464 968 1529 convenire
998 1450 1464 1530 solitos'l'uisse‚
1496 1457 1938 1545 supplicesque
1969 1482 2039 1525 se

472 1577 750 1641 suasque
794 1578 1057 1622 coronas
1100 1557 1174 1619 ad
1208 1557 1402 1638 pedes
1444 1558 1820 1627 Piscator-ts,
1849 1568 1917 1622 et
1960 1559 2035 1620 ad

467 1654 931 1722 Scenofactoris
960 1662 1430 1717 monumentum
1452 1698 1471 1723 ,
1502 1654 1893 1720 adstantibus
1921 1661 2040 1717 llu-

465 1754 698 1828 cibus‚
749 1760 814 1818 et
862 1751 1207 1816 Praefectis
1256 1751 1573 1822 militum,
1619 1758 2033 1830 prosternere.

471 1856 648 1917 Haec
680 1850 871 1936 igitur
895 1859 956 1914 et
987 1846 1104 1910 ali'a
1138 1848 1492 1931 hujusmodi
1538 1847 1822 1930 diligenti
1851 1850 2039 1914 animi

467 1949 974 2016 consideratione
992 1946 1316 2009 nobiscum
1339 1948 1696 2028 reputantes
1709 1947 2038 2011 vehemen-

465 2053 578 2109 ter
604 2043 837 2108 soliciti
868 2063 1083 2107 sumus
1108 2087 1128 2113 ‚
1172 2062 1248 2105 ne
1275 2048 1440 2108 Nos.
1472 2043 1574 2123 qui
1604 2043 1666 2104 in
1712 2043 1900 2107 tantis
1930 2065 2034 2125 pe·

465 2141 692 2206 riculis
718 2148 778 2202 et
816 2139 1294 2204 adversitatibus
1338 2140 1659 2202 constituti
1693 2149 2035 2204 sanctorum

465 2239 919 2321 Apostolorum
966 2236 1174 2302 valido
1219 2235 1567 2319 indigemus
1610 2237 1883 2312 auxilio,
1933 2240 2040 2301 de·

466 2358 747 2421 generes
774 2359 809 2419 a
838 2336 1142 2419 majorum
1176 2333 1431 2416 pietate,
1458 2343 1526 2397 et
1555 2335 1715 2398 devii
1746 2354 1779 2397 a
1812 2336 2040 2399 sanctis

468 2454 695 2499 eorum
726 2432 1035 2496 institutis
1054 2431 1272 2501 simus,
1304 2439 1369 2495 et
1398 2431 1626 2512 quibus
1657 2431 1718 2491 in
1742 2430 2040 2512 accipien-

467 2531 576 2596 dis
604 2551 637 2594 a
669 2538 799 2595 Deo
830 2517 944 2613 per
986 2530 1204 2593 beatos
1245 2526 1582 2612 Apostolos
1628 2527 1947 2593 beneficiis
1972 2534 2037 2593 et

470 2629 660 2693 donis
689 2647 871 2710 pares
899 2646 1114 2689 sumus
1137 2668 1158 2697 ‚
1204 2624 1483 2706 impares
1508 2633 1573 2688 et
1604 2625 1821 2708 ingrati
1855 2626 1915 2687 in
1948 2648 2040 2690 sa..

468 2745 578 2793 cra
611 2743 826 2789 eorum
857 2722 1191 2786 recolenda
1221 2722 1557 2795 memoria,
1586 2729 1651 2787 et
1674 2722 1888 2807 gratiis
1928 2722 2040 2785 im-

470 2822 726 2887 mortali
760 2828 887 2885 Deo
928 2820 1187 2902 agendis
1216 2819 1641 2901 reperiamur,
1691 2819 2038 2902 meritoque

467 2921 730 2985 illorum
777 2906 1187 2982 destituamur
1225 2917 1580 2999 praesidio,
1626 2937 1892 3000 quorum
1937 2937 2041 2983 ne·

468 3016 767 3102 gligimus
797 3014 1277 3098 solemnitatem.

603 3111 907 3178 volentes
926 3113 1134 3196 itaque
1163 3111 1632 3195 cupientesque,
1650 3112 1908 3176 Romani
1929 3118 2041 3178 Po-

466 3208 611 3294 puli
638 3229 784 3294 erga
815 3215 933 3272 BB.
963 3207 1746 3290 Apostolosdevotionem,
1778 3208 1857 3272 de
1887 3229 2041 3290 quo-

474 3330 616 3372 rum
663 3305 973 3389 praesidio
1022 3306 1176 3388 hanc
1219 3307 1446 3370 Urbem
1490 3313 1761 3368 nostram
1812 3327 2036 3370 eorum

476 3408 835 3471 decoratam
871 3403 1290 3485 Corporibus,
1335 3403 1713 3467 caelestibus
1758 3402 2037 3470 illustra-

471 3511 606 3567 tani
639 3501 942 3568 doctrinis
966 3543 985 3572 ‚
1031 3508 1092 3564 et
1123 3500 1359 3582 potenti
1402 3501 1563 3581 apud
1609 3506 1805 3563 Deum
1837 3509 2040 3584 patro·

469 3599 640 3682 einio
669 3615 921 3681 semper
959 3598 1230 3682 adjutam
1263 3597 1537 3661 maxime
1579 3595 1891 3663 confidere
1937 3601 2043 3665 de-

468 3705 617 3771 cet,
662 3701 955 3779 quantum
998 3695 1061 3757 in
1112 3694 1306 3759 Nobis
1349 3685 1487 3767 est,
1534 3714 1805 3777 augere,
1848 3705 2037 3779 atque

471 3794 899 3876 amplificare,
942 3793 1053 3854 bac
1085 3800 1297 3856 nostra
1325 3791 1387 3853 in
1426 3799 1794 3872 perpetuum
1822 3796 2039 3859 valitu-

474 3912 545 3957 ra
579 3892 906 3955 Sanctione
937 3888 1265 3953 statuimus
1297 3908 1366 3951 ac
1399 3889 1818 3974 decernimus.
1850 3901 1918 3955 ut
1945 3914 2040 3956 re-

470 3993 765 4053 currente
809 4005 920 4068 per
962 3985 1242 4049 ordinem
1274 3981 1475 4048 Natali
1522 3981 1623 4045 die
1669 3990 2034 4053 eorumdem

470 4081 916 4167 Apostolorum
940 4124 960 4151 ,
1004 4101 1127 4145 non
1158 4079 1358 4166 solum
1401 4081 1465 4144 in
1494 4081 1758 4148 Basilica
1804 4086 2035 4150 Vatica-

422 4193 429 4200 ·
471 4185 589 4250 tia,
617 4185 683 4242 ut
715 4185 878 4242 nunc
903 4178 1100 4241 moris
1127 4184 1223 4242 est
1245 4221 1264 4248 ‚
1296 4176 1360 4238 in
1388 4178 1721 4261 pervigilio
1750 4180 2032 4263 ejusdem

472 4276 638 4341 Festi
665 4283 975 4358 vesperae
1006 4275 1320 4339 solemnes
1362 4273 1782 4359 celebrentur,
1811 4279 2036 4360 quibus

468 4371 781 4438 interesse
828 4371 990 4444 solet
1026 4380 1332 4436 Romanus
1369 4372 1660 4436 Pontifex
1701 4394 1841 4437 cum
1873 4381 1931 4438 S.
1964 4384 2034 4439 R.

471 4475 546 4534 Β.
574 4465 1004 4533 cardinalibus
1023 4515 1043 4543 ,
1068 4467 1438 4533 Patriarchis
1464 4510 1485 4542 ‚
1517 4468 2036 4551 Arcbiepiscopis‚

472 4565 824 4648 Episcopis‚
846 4565 1117 4649 aliisque
1140 4575 1454 4629 Romanae
1475 4566 1695 4630 Curiae
1717 4566 2035 4641 Praelatis‚

474 4663 581 4744 qui
615 4663 819 4727 locum
850 4665 911 4725 in
937 4662 1231 4746 cappella
1271 4661 1590 4726 pontificia
1622 4663 1927 4737 obtinent,
1969 4673 2036 4728 et

466 4755 661 4824 man'e
689 4760 750 4822 in
782 4760 1000 4824 eadem
1047 4758 1303 4823 Basilica
1333 4758 1616 4822 solemne
1660 4765 1910 4823 Sacrum
1955 4764 2033 4826 ab

472 4855 613 4937 ipso
658 4864 932 4921 Romano
962 4855 1259 4921 Pontifice
1304 4864 1670 4940 peragatur,
1713 4866 1779 4921 et
1806 4876 2038 4922 secun·

473 4951 592 5018 dae
632 4960 941 5036 vesperae
985 4943 1271 5036 ejusdem
1314 4951 1713 5016 Venerabilis
1755 4954 1879 5016 diei
1922 4961 2031 5019 Ec·

472 5050 826 5116 clesiastico
855 5055 1046 5114 Cantu
1069 5094 1090 5123 ‚
1122 5051 1363 5115 ac‘Ritu
1394 5071 1426 5112 a
1457 5050 1740 5133 Capitulo
1762 5059 1822 5114 et
1851 5051 2032 5116 Clero

472 5156 802 5229 praesente
845 5148 1034 5212 etiam
1068 5154 1127 5211 S.
1159 5156 1229 5211 R.
1262 5155 1329 5211 E.
1360 5146 1669 5224 cardinali
1715 5147 2031 5229 praefatae

474 5245 779 5311 Basilicae
806 5245 1360 5330 Arcbipresbytero
1391 5245 1655 5326 aliisque
1699 5244 2037 5309 cardinali·

475 5340 594 5403 bus
637 5341 713 5405 ad
759 5340 1045 5406 eamdem
1098 5347 1514 5422 vesperarum
1566 5339 2030 5404 solemnitatem

478 5438 826 5506 devotionis
856 5456 1041 5502 causa
1073 5436 1550 5512 accedentibus,
1582 5438 2034 5521 persolvantur3

2149 780 2268 844 bus
2307 781 2371 842 in
2416 780 2680 845 diversis
2723 784 3021 849 Ecclesiis
3064 807 3098 851 a
3128 785 3324 850 Nobis
3349 830 3369 858 ‚
3411 794 3707 866 tanquam

2146 877 2356 960 aliqua
2384 880 2823 960 Apostolorum
2856 883 3159 946 memoria
3191 893 3300 946 aut
3331 881 3720 965 praerogati·.

2148 974 2601 1056 vainsignitis‚
2645 978 2865 1042 electis
2910 986 2973 1043 et
3014 979 3277 1043 inferius
3321 977 3711 1042 nominandis

2147 1073 2332 1135 Missa
2375 1074 2437 1134 in
2481 1073 2988 1149 pontificatibus,
3028 1077 3391 1141 concinente
3435 1092 3505 1139 ac
3549 1074 3711 1157 psal-

2147 1167 2323 1232 lente
2365 1169 2579 1235 schola
2621 1178 2992 1247 cantorum,
3035 1163 3422 1255 aliorumque
3465 1171 3707 1236 Pontifi-

2147 1265 2282 1330 ciae
2315 1274 2561 1331 nostrae
2604 1266 2936 1350 Cappellae
2975 1269 3282 1334 Ministris
3322 1268 3713 1333 inservienti·

2148 1363 2269 1428 bus
2288 1409 2309 1438 ‚
2339 1363 2558 1428 ordine
2586 1384 2659 1427 ac
2704 1366 2892 1431 modo
2922 1364 3354 1431 infradicendo
3384 1365 3503 1429 rite
3535 1386 3709 1447 pera·

2147 1467 2331 1543 gatar
2352 1502 2372 1532 ‚
2403 1460 2839 1544 recolaturque
2869 1464 3172 1526 memoria
3206 1462 3714 1526 i'llustris'trium·

2147 1556 2251 1638 pbi
2269 1576 2487 1621 eorum
2507 1560 2819 1646 martyrii,
2837 1561 3003 1642 quod
3024 1568 3157 1624 toto
3176 1569 3507 1625 Terrarum
3532 1562 3706 1633 Orbi,

2148 1654 2262 1717 sed
2307 1656 2638 1738 praecipue
2682 1665 2996 1724 Romanae
3039 1659 3184 1723 Urbi
3217 1658 3407 1723 decus
3448 1659 3710 1724 contulit

2150 1759 2213 1814 et
2246 1748 2632 1835 dignitatem.
2751 1786 2757 1795 ·

2277 1850 2556 1913 Secunda
2579 1850 2770 1932 igitur
2789 1849 2946 1914 intra
2966 1858 3245 1917 octavam
3271 1852 3371 1917 die
3387 1853 3708 1917 missarum

2148 1944 2461 2011 solemnia⁴
2485 1950 2546 2008 in
2576 1948 3056 2013 Pontifiealibns
3074 1948 3512 2022 celebrentur.
3536 1970 3708 2032 prae·

2148 2040 2435 2107 sentibus
2479 2052 2629 2108 ven.
2662 2046 2980 2109 Fratribus
3026 2048 3343 2131 Episcopis
3388 2049 3710 2113 Pontificio

2150 2140 2399 2205 Throno
2415 2142 2908 2215 Assistentibns‚
2942 2144 3002 2204 in
3035 2145 3297 2210 Basilica
3328 2151 3396 2208 B.
3429 2147 3709 2228 Apostoli

2150 2238 2322 2303 Pauli
2352 2242 2468 2304 Via
2500 2240 2797 2314 Ostiensi,
2827 2242 2888 2302 in
2911 2263 3031 2323 qua
3068 2242 3335 2306 celebris
3364 2234 3708 2307 estutrius'·

2146 2356 2272 2418 que
2314 2337 2592 2417 Apostoli
2639 2338 2978 2410 memoria,
3025 2359 3362 2421 sacraeque
3395 2339 3713 2421 Reliquiae

2148 2444 2494 2504 servantur,
2526 2443 2587 2497 et
2614 2435 2815 2499 veteri
2846 2435 3131 2500 instituto
3162 2436 3463 2501 solemnis
3487 2438 3709 2501 eadem

2149 2529 2253 2594 die
2281 2538 2348 2595 B.
2394 2532 2672 2614 Apostoli
2716 2532 2890 2597 Pauli
2933 2535 3447 2599 commemoratio
3487 2535 3710 2599 recoli-

2148 2633 2253 2691 tur
2280 2672 2300 2700 ,
2332 2629 2435 2711 qui
2458 2672 2478 2700 ,
2513 2630 2563 2693 si
2593 2630 2795 2697 adbuc
2821 2631 3034 2696 vivens
3063 2632 3123 2693 in
3152 2631 3382 2703 Terris,
3415 2632 3573 2697 adeo
3599 2641 3713 2698 Ro·

2150 2746 2371 2791 manos
2410 2727 2757 2810 diligebat,
2804 2733 2873 2791 ut
2906 2728 3038 2792 sine
3082 2728 3540 2794 intermissione
3583 2749 3713 2794 me-

2150 2823 2411 2887 moriam
2463 2843 2680 2888 eorum
2709 2823 2790 2885 'in
2834 2826 2967 2890 suis
3014 2825 3399 2891 orationibus
3441 2822 3709 2903 faceret,

2147 2917 2681 3003 vehementerque
2711 2931 2973 3002 cuperet
3001 2941 3111 2986 eos
3137 2922 3377 2993 videre,
3409 2929 3476 2987 et
3497 2923 3577 2987 ad
3599 2943 3711 2990 eos

2150 3015 2608 3081 confirmandos
2650 3017 2885 3099 aliquid
2930 3017 3271 3102 spiritualis
3313 3020 3550 3103 gratiae
3598 3022 3714 3084 im·

2147 3114 2417 3195 pertiri;
2460 3120 2693 3196 quanto
2720 3115 2917 3197 magis
2948 3112 3330 3198 sperandum
3358 3123 3498 3192 est,
3543 3119 3711 3199 quod

2154 3210 2345 3275 modo
2362 3217 2591 3275 Beatus
2619 3212 2684 3272 in
2705 3210 2903 3276 Caelis
2921 3232 3034 3294 pro
3059 3212 3341 3276 Alumnis
3362 3214 3490 3277 suis
3514 3221 3707 3280 Deum

2150 3327 2330 3371 orare
2374 3328 2497 3372 non
2538 3315 2782 3378 cesset,
2829 3315 3125 3391 suamque
3157 3329 3341 3391 opem
3387 3310 3714 3384 humiliter

2154 3403 2622 3485 postulantibus
2643 3449 2665 3477 ‚
2697 3406 2922 3470 afferre
2949 3409 3072 3469 nou
3102 3414 3351 3470 recuset
3372 3450 3393 3479 ‚
3423 3408 3581 3471 utin
3608 3408 3716 3474 illa

2149 3500 2410 3567 caelesti
2456 3501 2905 3567 confirmentur
2943 3502 3270 3575 doctrina,
3318 3504 3380 3566 in
3424 3524 3549 3586 qua
3591 3526 3705 3570 eos

2149 3617 2260 3661 ore
2287 3618 2400 3663 suo
2422 3642 2444 3673 ‚
2475 3616 2591 3681 per
2618 3599 2783 3681 quod
2815 3597 3094 3663 Christus
3122 3599 3501 3682 loquebatur
3520 3645 3541 3676 ,
3571 3620 3712 3667 eru·

2148 3693 2327 3757 divit.
3141 3747 3152 3754 ,

2275 3793 2485 3856 Tertia
2517 3792 2616 3855 die
2646 3791 2710 3854 in
2738 3791 3022 3858 Ecclesia
3049 3800 3112 3858 S·
3140 3794 3561 3859 Pudentianae
3602 3794 3715 3860 flet

2152 3887 2436 3956 solemne
2482 3890 2541 3951 in
2583 3889 3053 3954 Pontificalibus
3097 3897 3350 3955 Sacrum
3379 3936 3400 3966 ‚
3444 3893 3750 3972 interve-l

2147 3987 2466 4051 nientibus
2496 3983 2746 4051 dilectis
2787 3985 2935 4051 filiis
2962 3987 3411 4052 Protonotariis
3453 3995 3715 4071 Aposto-

2150 4083 2311 4147 licae
2358 4084 2539 4148 Sedis
2580 4104 2662 4148 ex
2689 4104 2953 4149 numero
2995 4086 3710 4167 Participantium‘.‘Nam

2146 4179 2475 4262 perbibent
2515 4179 2635 4243 hoc
2677 4179 2820 4245 loco
2866 4178 3062 4245 fuisse
3108 4181 3359 4246 domum
3418 4184 3712 4249 Pudentis

2148 4276 2506 4349 Senatoris3
2535 4276 2696 4358 apud
2725 4293 2941 4359 quem,
2971 4299 3112 4342 cum
3146 4280 3708 4363 primum'ltomam

2146 4372 2443 4444 advenit,
2493 4372 2845 4456 hospitatus
2896 4380 2995 4437 est
3043 4374 3336 4458 Princeps
3382 4375 3710 4459 Apostolo-

2146 4489 2280 4534 rum
2340 4475 2603 4544 Petrus,
2648 4471 2755 4552 qui
2807 4471 2871 4532 in
2920 4471 3140 4534 eadem
3195 4471 3385 4537 domo
3433 4476 3709 4540 Verbum

2145 4568 2256 4632 Dei
2302 4568 2612 4633 Gentibus
2640 4567 3031 4631 annunciavit
3057 4611 3078 4641 ‚
3122 4589 3330 4632 sacras
3362 4571 3576 4633 babuit
3607 4575 3715 4658 Sy·

2144 4683 2342 4729 naxes
2365 4709 2384 4736 ‚
2427 4672 2682 4729 Sacrum
2718 4664 2953 4746 pluries
2986 4665 3132 4730 fecit
3156 4709 3175 4739 ‚
3222 4673 3286 4729 et
3316 4673 3707 4732 Sacramenta

2145 4762 2378 4826 Christi
2398 4759 2881 4837 administravitg
2913 4764 3071 4827 adeo
3098 4771 3165 4826 ut
3196 4764 3259 4824 in
3291 4783 3362 4827 ea
3387 4764 3552 4847 jacta
3582 4768 3711 4832 sint

2150 4859 2613 4941 quodammodo
2642 4858 2843 4942 prima
2877 4867 3191 4923 Romanae
3223 4859 3545 4925 Ecclesiae
3574 4862 3712 4925 sun·

2144 4956 2432 5020 damenta
2482 4956 2759 5019 omnium
2802 4955 3064 5020 aliarum
3116 4955 3539 5039 Ecclesiarum
3587 4965 3712 5025 Ma·

2145 5053 2257 5116 tris
2286 5062 2351 5116 et
2377 5053 2709 5134 Magistrae
2733 5095 2753 5124 ,
2797 5057 2982 5134 qua'm
3016 5054 3324 5136 superbae
3365 5051 3711 5120 inferorum

2142 5156 2360 5234 portae
2394 5168 2513 5212 non
2546 5149 2816 5211 vincunt.

2271 5252 2499 5320 Quarta
2544 5245 2646 5309 die
2690 5247 2753 5308 in
2796 5245 3075 5312 Ecclesia
3120 5253 3177 5310 S.
3211 5248 3447 5314 Mariae
3488 5248 3553 5311 in
3594 5250 3711 5324 Via

2147 5349 2295 5406 Lata
2323 5343 2652 5406 Missurum
2686 5341 3118 5424 persolvantur
3146 5342 3449 5408 solemnia
3473 5370 3494 5419 ς
3521 5345 3712 5410 inter·

2142 5438 2544 5505 venientibus
2563 5437 2812 5503 dilectis
2828 5438 2978 5503 filiis
2994 5444 3331 5505 Causarum
3363 5441 3578 5506 Palatii
3601 5464 3709 5510 no—
