4442 6300
1466 541 1814 612 QUtRQUss
1856 539 2326 595 sucronem
2369 542 2537 596 arc.
3355 544 3426 596 ss

374 688 457 754 tia
499 687 673 754 retici
711 688 954 772 jugiter
991 688 1355 770 satagebat,
1408 699 1478 753 et
1521 711 1554 753 a
1601 689 1941 754 Daemonis

372 787 806 851 vexationibus
863 787 1137 849 liberare
1195 783 1539 850 ferventius
1581 787 1937 850 nitebaturz

373 886 656 967 Cumque
679 885 808 966 jam
842 903 921 946 eo
945 881 1312 946 viderentur
1336 885 1664 955 adductae,
1696 893 1764 948 ut
1794 904 1937 948 cum

376 990 584 1045 morte
627 980 1131 1046 conflictarentur
1153 1025 1172 1052 ,
1233 979 1470 1046 talibus
1527 983 1689 1063 apud
1745 988 1938 1045 Deum

372 1079 665 1159 precibus
708 1079 1042 1161 migrantes
1073 1077 1313 1142 animas
1356 1078 1732 1163 adjuvabat,
1762 1085 1832 1141 ut
1876 1077 1940 1139 in

372 1177 663 1241 ecstasim
694 1183 866 1258 rapta
895 1194 1018 1239 non
1046 1177 1217 1257 prius
1245 1177 1539 1240 sensibus
1569 1178 1934 1240 restituere-

373 1281 508 1345 tur,
540 1293 729 1355 quam
763 1271 911 1334 illae
943 1273 1295 1346 obiissent,
1327 1282 1390 1338 et
1425 1274 1501 1338 ad
1530 1283 1817 1337 aeternae
1848 1293 1945 1337 sa·

373 1371 526 1434 lutis
553 1377 804 1451 portum
834 1368 1107 1433 feliciter
1147 1370 1553 1451 appulissent.
1590 1376 1806 1452 Neque
1851 1379 1941 1435 ta·

375 1488 523 1531 men
553 1468 792 1533 idcirco
815 1466 972 1530 solis
1001 1467 1094 1531 his
1112 1467 1339 1533 finibus
1370 1469 1800 1534 circumscribi
1834 1472 1942 1531 Ca·

371 1565 650 1631 thariuae
676 1564 942 1629 charitas
973 1586 1154 1647 passa
1187 1575 1309 1638 est,
1343 1568 1453 1632 sed
1488 1568 1936 1649 conquiescere

374 1664 634 1727 minime
664 1669 927 1745 poterat,
959 1663 1212 1728 doneca
1242 1665 1591 1748 Purgatorii
1622 1665 1842 1747 poenis
1866 1664 1944 1727 ad

373 1761 708 1827 caelestem
754 1766 1085 1825 Beatorum
1143 1763 1415 1825 Patriam
1462 1784 1571 1827 eas
1632 1764 1762 1844 ipsa
1809 1764 1941 1830 suis

373 1859 841 1943 quodammodo
859 1858 1147 1921 manibus
1172 1858 1613 1923 transtulisset.
1639 1861 1754 1922 Vix
1768 1861 1939 1923 enim

376 1955 617 2039 concipi
647 1961 856 2033 potest
899 1963 1053 2036 quot
1083 1954 1243 2019 fusis
1288 1957 1366 2019 ad
1401 1964 1593 2019 Deum
1641 1958 1950 2038 precibus,
2062 1982 2068 1989 ·

2051 2072 2168 2116 nae
2210 2053 2483 2118 charitas
2510 2072 2658 2137 erga
2701 2053 3090 2125 Proximum,
3124 2052 3463 2137 singularis
3505 2053 3613 2117 illa
3700 2106 3707 2113 .

374 2052 819 2138 lacrymisque,
850 2061 1000 2133 quot
1024 2053 1260 2136 proprii
1294 2055 1572 2134 corporis
1594 2056 1942 2121 afflictatio·

371 2152 555 2214 nibus
583 2169 695 2230 pro
724 2148 945 2213 iisdem
978 2150 1227 2215 divinae
1250 2151 1537 2234 justitiae
1572 2153 1939 2219 satisfacere

373 2250 703 2313 niteretur:
733 2247 897 2309 Illud
927 2248 1116 2320 etiam
1146 2270 1180 2312 a
1216 2249 1475 2313 Domino
1505 2251 1713 2315 enixis
1746 2252 1942 2334 preci·

371 2349 492 2411 bus
519 2355 735 2428 petere
763 2344 972 2415 solita,
1004 2353 1069 2409 et
1100 2347 1437 2427 impetrare
1472 2347 1745 2410 omnium
1772 2347 1940 2431 judi·

371 2444 503 2517 clo,
533 2450 605 2506 ut
630 2460 738 2505 eas
766 2462 999 2524 poenas
1027 2464 1063 2507 a
1096 2465 1165 2507 se
1197 2444 1330 2525 ipsa
1363 2445 1566 2508 adhuc
1595 2445 1732 2508 viva
1762 2464 1939 2526 repe-

368 2547 556 2611 teret,
583 2560 745 2622 quae
767 2538 989 2601 iisdem
1008 2559 1126 2621 pro
1155 2540 1532 2625 perpetratis
1554 2541 1760 2625 culpis
1783 2541 1938 2606 levi·

372 2639 491 2702 bus
519 2636 927 2700 debebantur.
963 2666 988 2710 ,-

507 2765 531 2793 ι
559 2740 689 2809 Qua
721 2734 977 2816 quidem
1013 2734 1195 2816 plane
1224 2734 1478 2800 heroica
1498 2779 1517 2807 ,
1547 2744 1612 2800 et
1642 2735 1940 2821 singulari

372 2834 673 2903 charitate
704 2853 826 2896 non
871 2854 979 2895 cas
1021 2840 1258 2896 tantum
1290 2835 1527 2898 animas
1568 2836 1943 2917 complecte-

370 2932 596 3004 batur,
627 2951 789 3013 quae
815 2930 879 2991 in
912 2931 1186 2994 Pratensi
1217 2933 1630 3003 Monasterio,
1660 2932 1770 2995 sed
1805 2931 1940 2996 uni-

371 3046 588 3094 versas
617 3027 809 3091 etiam
836 3069 856 3099 ,
888 3046 1047 3108 quae
1087 3027 1149 3088 iu
1183 3036 1317 3092 toto
1348 3030 1516 3093 Orbe
1561 3049 1640 3093 ex
1666 3027 1783 3092 bac
1820 3028 1940 3092 vita

372 3125 435 3190 tn
461 3124 726 3190 Domino
756 3125 1285 3209 commigrabant=
1317 3127 1473 3202 Quin
1508 3127 1694 3189 etiam
1739 3125 1938 3190 visce-

373 3245 442 3289 ra
473 3224 798 3288 charitatis
842 3243 993 3286 suae
1037 3223 1306 3288 dilatans
1336 3245 1483 3308 erga
1530 3232 1938 3297 Peccatores,

372 3323 739 3390 Haeretieos
763 3366 783 3392 ,
818 3331 884 3384 et
911 3319 1206 3386 infideles
1250 3343 1468 3387 eorum
1512 3321 1934 3404 perditionem

372 3428 502 3484 tam
537 3440 746 3483 amare
789 3419 1101 3491 deflebat,
1136 3429 1203 3483 ut
1234 3440 1301 3483 se
1347 3422 1422 3484 ad
1457 3419 1783 3503 quaelibet
1824 3438 1937 3501 pro

370 3519 623 3582 illorum
650 3517 848 3581 salute
877 3526 1192 3581 tormenta
1217 3517 1640 3581 libentissime
1670 3516 1935 3581 Domino

377 3615 630 3681 offerret
653 3660 672 3687 ,
705 3622 770 3678 et
795 3613 1185 3677 voluntarios
1211 3614 1447 3698 proprii
1479 3613 1766 3696 corporis
1807 3614 1937 3675 ani-

375 3713 589 3795 mique
619 3713 930 3776 cruciatus
970 3731 1083 3793 pro
1114 3712 1481 3774 eorumdem
1529 3711 1936 3775 conversione

377 3811 641 3876 dicaret.
671 3815 806 3884 Quo
837 3807 1066 3873 tactum
1097 3817 1194 3871 est
1218 3853 1239 3881 ,
1268 3819 1375 3882 ut,
1409 3810 1669 3874 Domino
1713 3815 1939 3872 Servae

375 3929 525 3974 suae
555 3907 848 3989 precibus
878 3915 1186 3971 annuente
1210 3950 1230 3980 ,
1257 3926 1372 3987 per
1401 3907 1665 3969 multum
1694 3912 1941 3987 tempo-

371 4009 462 4069 ris
492 4003 882 4088 gravissimis
909 4002 1141 4068 afflicta
1167 4001 1362 4066 fuerit
1389 4002 1626 4066 morbis
1669 4001 1940 4065 acerbis-

378 4103 678 4187 simisque
732 4102 1061 4166 doloribus
1080 4144 1101 4174 ,
1159 4121 1319 4184 quos
1364 4108 1614 4183 praeter
1654 4107 1933 4164 naturam

372 4199 572 4265 fuisse
610 4199 998 4266 Medicorum
1051 4197 1286 4283 judicio
1343 4197 1728 4262 declaratum
1790 4196 1932 4261 t'uit.

377 4300 488 4363 Bis
512 4299 834 4362 hominum
867 4295 1250 4379 suspiciones
1273 4340 1294 4370 ‚
1314 4316 1608 4377 perversa
1647 4294 1887 4377 judicia
1913 4337 1934 4368 ,

369 4396 745 4468 calumniae,
775 4394 1193 4460 contumeliae
1211 4394 1531 4458 addendae
1564 4399 1726 4456 sunt.
1758 4397 1930 4466 Quae

371 4501 579 4560 tamen
613 4514 733 4558 non
765 4493 967 4559 solum
1015 4492 1159 4557 forti
1205 4501 1266 4556 et
1297 4512 1501 4572 aequo
1533 4492 1742 4553 animo
1786 4510 1934 4555 cun-

374 4601 471 4658 cta
501 4593 836 4664 sustinuit,
868 4592 980 4654 sed
1023 4589 1285 4653 mirifico
1313 4588 1664 4653 dilectionis
1706 4587 1933 4652 affectu

371 4700 808 4776 persecutores
836 4710 984 4754 suos
1014 4688 1184 4752 omni
1211 4686 1609 4771 benignitatis
1655 4685 1938 4748 testimo·

369 4789 475 4852 nio
518 4787 844 4870 complexa
870 4831 888 4859 ,
931 4786 1251 4851 charitatis
1275 4830 1295 4858 ,
1324 4785 1660 4866 patientiae
1682 4828 1702 4857 ,
1733 4782 1935 4845 humi-

370 4884 569 4950 litatis
597 4887 798 4951 hostia
828 4893 959 4950 Deo
986 4884 1214 4949 viventi
1240 4883 1302 4945 iu
1332 4883 1588 4947 odorem
1619 4882 1941 4946 suavitatis

372 4985 590 5049 evasit.
625 5012 647 5037 ι

509 5111 532 5138 ι
563 5082 868 5148 Omnibus
897 5081 1021 5154 his,
1052 5079 1279 5162 quibus
1306 5075 1406 5140 vcl
1440 5076 1806 5141 catharinae
1830 5097 1936 5141 vo·

375 5178 456 5246 tis
487 5176 852 5243 satisfacere
881 5183 1048 5241 Deus
1076 5174 1295 5244 voluit,
1322 5173 1418 5235 vel
1452 5174 1593 5256 ejus
1636 5173 1935 5236 virtutem

381 5285 679 5360 tanquam
708 5284 945 5354 jaurum
990 5274 1051 5336 in
1084 5272 1333 5338 fornace
1366 5271 1787 5335 tribulationis
1832 5269 1935 5331 diu

378 5374 774 5455 multumque
800 5373 1091 5455 probare,
1122 5378 1520 5434 accesserunt
1548 5368 1938 5434 voluntariae

374 5473 660 5558 corporis
691 5470 1152 5537 afflictationes.
1187 5465 1405 5532 Cilicio
1428 5510 1447 5543 ,
1479 5466 1745 5552 flagellis
1765 5508 1785 5542 ,
1831 5462 1941 5529 t'ri·

2050 705 2200 770 gore
2222 731 2241 754 ,
2275 687 2518 759 inedia,
2548 685 2778 771 vigiliis
2799 730 2819 758 ,
2848 692 3043 769 atque
3074 687 3240 749 omni
3270 704 3617 767 poenarum

2053 804 2288 868 genere
2319 805 2436 867 per
2464 785 2868 869 quadraginta
2896 794 2963 848 et
3005 791 3149 849 octo
3192 803 3388 847 annos
3417 803 3617 847 seme·

2054 883 2279 964 tipsam
2302 883 2488 966 Virgo
2517 882 3024 947 innocentissima
3047 882 3326 946 cruciare
3359 900 3479 944 non
3512 881 3616 945 de·

2051 978 2234 1043 stitit.
2265 984 2400 1054 Quo
2428 989 2712 1062 tempore
2743 1000 2864 1044 non
2883 978 3087 1044 solum
3114 981 3192 1044 ab
3225 980 3363 1041 ovis
3386 988 3452 1042 et
3483 998 3614 1042 car·

2050 1077 2275 1149 nibus,
2305 1082 2435 1141 Deo
2473 1078 2782 1161 jubente,
2810 1097 3063 1158 semper
3105 1076 3450 1147 abstinuit,
3498 1076 3615 1140 sed

2053 1182 2226 1239 tanta
2268 1193 2409 1237 cum
2447 1176 2780 1240 severitate
2808 1174 3097 1259 jejunare
3142 1173 3504 1245 consuevit,
3546 1183 3618 1238 ut

2051 1271 2387 1357 plerosque
2416 1274 2553 1338 dies
2582 1273 2718 1339 solo
2748 1295 2905 1355 pane
2937 1281 2997 1338 et
3030 1291 3189 1355 aqua
3218 1272 3612 1354 transigeret.

2052 1370 2208 1433 Hinc
2237 1377 2373 1441 est,
2406 1371 2573 1452 quod
2609 1381 2732 1434 tam
2765 1370 3109 1456 gloriosum
3149 1368 3490 1451 reportavit
3534 1370 3613 1433 de

2054 1468 2262 1547 seipsa
2305 1467 2680 1549 triumphum
2705 1513 2725 1540 ,
2755 1478 2822 1531 ut
2862 1467 2960 1531 vel
2996 1468 3250 1532 omnino
3295 1468 3614 1542 extincto,

2052 1562 2152 1628 vel
2187 1584 2488 1646 oppresso
2522 1563 2801 1627 lihidinis
2846 1585 3034 1629 sensu
3057 1609 3075 1635 ,
3108 1563 3349 1628 nullum
3397 1565 3459 1626 in
3503 1580 3618 1630 suo

2054 1681 2318 1744 corpore
2349 1684 2527 1745 passa
2573 1661 2763 1725 fucrit
2790 1670 3025 1726 motum
3068 1662 3295 1745 pudori
3335 1662 3618 1746 virgineo

2054 1758 2493 1831 reluctantem,
2512 1768 2572 1823 et
2592 1759 2965 1845 integritatis
2985 1759 3319 1822 candorem
3350 1759 3427 1822 ad
3459 1778 3619 1823 mor-

2055 1863 2180 1920 tem
2202 1877 2403 1939 usque
2424 1858 2718 1923 intactum
2742 1857 3185 1939 illibatumque
3206 1856 3561 1921 servaverit.
3586 1886 3608 1911 ι

2188 1983 2213 2013 0
2238 1955 2352 2017 Hic
2397 1961 2605 2019 tamen
2636 1957 2862 2019 iterum
2909 1962 3158 2020 revocat
3193 1976 3293 2017 me
3340 1955 3616 2019 cathari-

2052 2149 2388 2233 praecipue
2448 2169 2597 2233 erga
2656 2169 2962 2233 pauperes
3023 2150 3448 2215 misericordia
3471 2193 3490 2221 ,
3538 2151 3616 2216 de

2052 2265 2173 2327 qua
2204 2266 2403 2328 usque
2448 2245 2651 2311 adhuc
2695 2244 2928 2309 nullam
2965 2245 3148 2310 video
3180 2266 3214 2309 a
3243 2266 3344 2309 me
3390 2247 3614 2311 factam

2053 2340 2250 2407 fuisse
2297 2343 2700 2406 mentionem.
2744 2348 2912 2406 Haec
2956 2362 3143 2424 porro
3187 2349 3355 2407 tanta
3387 2342 3506 2406 l’uit
3549 2344 3615 2407 in

2050 2437 2372 2502 catharina
2395 2483 2415 2510 ,
2442 2446 2511 2500 ut
2529 2482 2549 2509 ,
2579 2459 2717 2502 cum
2753 2458 2900 2502 aere
2928 2438 3181 2519 proprio
3210 2458 3425 2502 eorum
3473 2461 3616 2524 ege·

2054 2534 2327 2598 statibus
2357 2534 2690 2599 subvenire
2734 2554 2857 2598 non
2888 2541 3142 2616 posset,
3174 2545 3241 2600 et
3284 2536 3442 2600 intra
3489 2543 3618 2601 Mo-

2052 2631 2313 2695 nasterii
2346 2642 2518 2712 septa
2538 2630 2854 2703 conclusa,
2886 2631 3316 2713 quaeritandis
3343 2633 3619 2699 eleemo-

2054 2730 2222 2815 synis
2255 2730 2335 2792 ad
2365 2750 2476 2794 eos
2508 2727 2928 2793 sublevandos
2964 2729 3166 2792 minus
3198 2729 3420 2795 idonea
3452 2731 3620 2796 vide-

2055 2835 2233 2889 retur
2255 2868 2276 2899 ,
2310 2826 2489 2906 inops
2516 2834 2721 2890 tamen
2754 2825 2941 2909 Virgo
2968 2827 3048 2889 ab
3080 2827 3372 2891 omnibus
3404 2848 3617 2911 segre-

2049 2933 2194 3001 gata
2219 2923 2544 3007 ingeniosa
2575 2921 2872 2986 charitate
2904 2922 3206 3004 perfecit,
3239 2923 3405 3006 quod
3440 2923 3617 2989 multi

2050 3018 2235 3083 simul
2265 3019 2449 3083 liberi
2481 3020 2710 3083 divites
2730 3018 2937 3084 tacere
2969 3019 3218 3083 minime
3241 3022 3614 3103 potuissent.

2050 3121 2128 3180 Ut
2157 3115 2322 3181 enim
2354 3118 2843 3199 praetermittam
2876 3116 3233 3182 innumeras
3261 3117 3615 3205 eleemosy-

2050 3232 2199 3287 nas,
2234 3234 2392 3296 quas
2420 3234 2543 3276 non
2574 3214 2777 3277 solum
2812 3213 3247 3284 pratensibus,
3281 3215 3392 3278 sed
3425 3217 3618 3283 totius

2048 3312 2382 3376 Hetruriae
2413 3307 2794 3393 pauperibus
2826 3313 2887 3372 in
2920 3312 3055 3375 dies
3085 3311 3368 3395 singulos
3399 3333 3613 3397 eroga-

2051 3410 2182 3483 bat,
2210 3414 2492 3482 eonstat,
2525 3409 2737 3492 plures
2767 3406 2985 3490 inopes
3012 3408 3307 3491 virgines,
3327 3413 3618 3494 congruis

2052 3506 2311 3571 dotibus
2366 3507 2700 3589 assignatis
2721 3551 2741 3581 ,
2818 3506 3037 3587 nuptui
3109 3515 3216 3569 aut
3287 3509 3610 3576 Coenohio

2048 3602 2415 3677 tradidisse,
2445 3623 2526 3667 ne
2555 3621 2768 3667 earum
2803 3601 3100 3685 pudicitia
3131 3601 3483 3686 periculum
3510 3621 3617 3687 pa-

2049 3710 2309 3767 teretur.
2346 3728 2370 3755 ·

2184 3825 2207 3854 ·
2237 3804 2571 3863 Tantarum
2601 3817 2751 3861 vero
2792 3795 3100 3860 virtutum
3129 3795 3295 3861 fama
3340 3817 3480 3861 cum
3524 3800 3616 3861 in·

2050 3905 2146 3962 tra
2190 3896 2503 3962 Pratensis
2544 3894 2903 3959 Monasterii
2932 3901 3108 3974 septa
3149 3892 3449 3959 contineri
3492 3915 3616 3960 non

2052 4001 2309 4078 posset,
2371 4013 2482 4076 per
2522 3993 2877 4056 Hetruriam
2904 4036 2924 4061 ,
2969 3990 3253 4065 ltaliam,
3302 3991 3568 4058 Galliam
3593 4039 3613 4065 ,

2053 4091 2447 4157 Germaniam
2482 4091 2665 4173 longe
2696 4089 2946 4171 lateque
2988 4098 3200 4173 vagata
3232 4092 3617 4171 percrebuit.

2050 4191 2142 4254 Ad
2161 4210 2299 4254 eam
2320 4189 2933 4274 igiturundequaque
2956 4187 3169 4268 Populi
3190 4187 3614 4264 confluebant,

2048 4285 2148 4350 vel
2193 4294 2261 4348 ut
2304 4306 2339 4348 a
2383 4285 2789 4369 languoribus
2834 4293 3233 4357 sanarentur,
3276 4284 3375 4347 vel
3421 4293 3490 4346 nt
3532 4285 3614 4350 ab

2045 4383 2387 4447 immundis
2419 4381 2737 4464 spiritibus
2779 4380 3227 4454 liberarentur,
3270 4380 3367 4446 vel
3411 4390 3484 4447 ut
3535 4384 3617 4449 ad

2048 4483 2283 4565 gratias
2325 4480 2681 4563 spirituales
2723 4479 3096 4543 obtinendas
3139 4479 3277 4561 ejus
3317 4482 3615 4563 precibus

2048 4577 2519 4660 adjuvarentur:
2548 4583 2767 4660 Neque
2811 4596 3084 4659 unquam
3117 4577 3280 4640 votis
3323 4577 3616 4645 inanibus

2048 4676 2482 4741 discedebant.
2500 4675 2731 4740 Paulus
2745 4675 2936 4740 etiam
2963 4673 3144 4756 hujus
3165 4673 3438 4737 nominis
3466 4682 3617 4740 Ter·

2048 4772 2174 4836 tius
2203 4773 2486 4836 Pontifex
2513 4774 2820 4838 Maximus
2840 4790 3145 4834 summam
3171 4763 3371 4832 famae
3400 4770 3615 4855 adjun-

2048 4871 2139 4933 xit
2166 4873 2623 4936 auctoritatem
2658 4874 2811 4934 Cum
2832 4869 2994 4932 enim
3027 4868 3301 4930 Roberto
3323 4867 3614 4933 Cardine·

2050 4968 2097 5031 li
2144 4970 2372 5034 Puccio
2401 4970 2705 5050 Episcopo
2734 4965 3096 5030 Pistoriensi
3138 4963 3608 5040 commisisset,

2051 5074 2118 5131 ut
2149 5074 2272 5130 tam
2319 5067 2663 5149 evulgatam
2689 5064 3046 5126 Catbarinae
3090 5060 3485 5126 sanctitatem
3529 5063 3608 5128 ad

2049 5164 2317 5247 rigidum
2352 5183 2613 5228 examen
2645 5167 2965 5226 revocaret
2991 5182 3010 5218 ε
3042 5158 3155 5220 llle
3181 5176 3329 5222 vero
3358 5157 3420 5218 in
3452 5157 3608 5225 hanc

2051 5281 2186 5325 rem
2218 5261 2371 5326 tanti
2404 5260 2636 5343 negotii
2663 5260 2831 5321 viros
2847 5276 3060 5321 secum
3083 5254 3477 5319 adhibuisset
3503 5255 3612 5321 do-

2048 5361 2247 5428 ctrina
2266 5404 2288 5435 ,
2318 5360 2640 5444 dignitate,
2668 5357 2900 5439 pietate
2930 5360 3341 5435 praestantes,
3374 5349 3608 5419 factum
3674 5341 3691 5356 ⁴

2055 5473 2154 5527 est
2174 5504 2196 5536 ,
2226 5466 2298 5523 ut
2326 5478 2402 5525 ea
2430 5467 2497 5524 et
2540 5457 2806 5521 maxime
2838 5452 3211 5536 probaretur
3230 5493 3251 5524 ,
3282 5456 3350 5515 et
3391 5469 3612 5519 omnes
