4442 6300
1799 508 2038 571 lnnmx
2076 512 2369 567 RERUM.
3423 519 3527 573 sot

557 650 943 719 ¹Solissiaccni
977 660 1310 716 Assistentes
1358 648 1600 716 comitati
1656 671 1781 717 sunt
1809 662 2037 716 Pontiii·
2142 678 2294 715 mero
2319 657 2801 730 Participantium,
2852 676 3152 734 eorumque
3180 663 3491 737 Collegium
3544 684 3724 723 creare

454 762 629 808 censa
657 750 1010 805 consistorio
1038 749 1268 820 publico
1295 751 1631 804 recedentem
1653 788 1668 816 ,
1695 769 1824 820 pag.
1852 751 1941 804 52.
2139 755 2398 821 possunt,
2419 765 2549 819 pag.
2580 749 2703 801 1⁴8.

565 840 797 897 Diaconi
821 838 1139 895 Cardinales
1166 837 1277 891 duo
1301 839 1578 903 seniores,
1599 840 1868 908 expeditis
1890 843 2036 893 Con·
2248 840 2594 891 Doctoratus
2616 840 2795 893 laurea
2822 836 3024 910 qatbus
3051 839 3106 893 in
3135 841 3454 896 muneribus
3482 846 3722 915 requira-

452 926 819 982 sistorialibus
844 925 1030 978 Rebus
1057 926 1114 975 in
1139 925 1491 977 (lonsistorio
1511 927 1753 993 Secreto,
1775 925 2032 978 assistunt
2137 934 2253 993 tur,
2282 925 2420 979 ibid.

450 1016 711 1070 Pontifici
765 1014 998 1091 tradenti
1047 1014 1331 1067 Annulum
1384 1022 1439 1067 et
1465 1015 1709 1069 'titulum
1752 1014 2030 1067 cardinali
2081 986 2088 1013 '
2249 1016 2402 1066 lllam
2432 1015 2749 1070 conferendi
2776 1018 2862 1087 jus
2888 1004 3096 1088 quibus
3122 1018 3583 1074 Universitatibus
3633 1038 3716 1075 re·

447 1106 701 1160 Paulatio
721 1142 737 1170 ,
763 1120 889 1172 pag.
918 1101 1009 1155 28.
2134 1111 2431 1169 servatum,
2462 1104 2587 1156 149.

557 1191 791 1243 Diaconi
847 1189 1164 1245 Cardinales
1218 1190 1506 1244 Sacrorum
1535 1191 1762 1245 Bituum
1791 1193 2033 1263 Congre-
2244 1191 2480 1244 Doliola
2505 1191 2615 1245 duo
2643 1192 2870 1246 alterum
2899 1210 3065 1258 auro,
3094 1193 3316 1246 alterum
3358 1203 3581 1265 argento
3608 1195 3716 1248 illi-

444 1280 647 1351 gationi
675 1279 972 1349 praepositi
1002 1276 1225 1330 Doliola
1263 1276 1376 1333 duo
1399 1295 1509 1349 pro
1562 1280 1690 1330 vino
1743 1279 1950 1333 scilicet
1978 1290 2033 1334 et
2132 1285 2210 1344 ta,
2243 1296 2344 1347 pro
2398 1278 2698 1333 Oblatione
2747 1279 2986 1334 offerunt
3010 1281 3243 1334 Diaconi
3285 1282 3600 1338 cardinales
3652 1284 3713 1337 in

442 1387 578 1438 aqua
627 1350 1102 1432 ad·Sacrificium,
1134 1364 1372 1419 offerunt
1401 1370 1628 1421 Summo
1656 1368 1918 1421 Pontifici
1969 1371 2028 1422 in
2132 1368 2347 1419 Sacram
2374 1368 2600 1420 Bituum
2633 1371 3128 1439 Congregationem
3157 1371 3380 1437 adlecti,
3402 1388 3533 1442 pag.
3561 1371 3689 1425 321.

442 1473 761 1527 unaquaque
790 1454 1119 1521 oblatione,
1144 1472 1275 1525 pag.
1309 1454 1434 1508 321.
2246 1454 2574 1509 Dominicus
2628 1455 2884 1527 Coppelli
2916 1457 3364 1527 Apostolicorum
3419 1464 3708 1514 caeremo-

549 1546 784 1598 Diaconi
840 1543 949 1595 duo
996 1544 1284 1595 novissimi
1316 1543 1433 1596 Sac.
1461 1544 1691 1596 Rituum
1721 1545 2027 1616 congrega·
2125 1543 2339 1597 uiarum
2362 1544 2649 1614 Magister.
2676 1543 2824 1599 Vide
2848 1546 3020 1598 Acta.

437 1634 580 1687 tioni
607 1649 722 1685 non
750 1631 1042 1701 adscripti,
1069 1633 1268 1701 primis
1314 1631 1372 1681 in
1410 1632 1768 1685 Assistentiae
1798 1650 2022 1689 munere
2236 1631 2496 1685 Donat-ia
2545 1632 2784 1701 plurima
2836 1631 3006 1685 mittit
3052 1632 3198 1702 Papa
3246 1634 3705 1704 metropolitanae

436 1722 855 1787 substituuntur,
877 1722 1009 1791 quia
1035 1728 1186 1773 erant
1205 1719 1264 1772 bi
1287 1718 1610 1774 Oblationes
1639 1738 1855 1774 summo
1877 1725 2021 1775 Pon·
2121 1719 2500 1786 Bononiensi,
2521 1737 2651 1790 pag.
2680 1720 2769 1773 33.

433 1812 566 1865 utici
596 1810 921 1875 exhibituri,
943 1826 1077 1879 pag.
1103 1807 1229 1861 321.
2232 1811 2371 1863 Dux
2396 1807 2963 1865 Eboroecmsis.'vide
2991 1811 3140 1863 Rea·-

543 1902 920 1953 Diaconorum
946 1898 1321 1951 cardinalium
1349 1897 1573 1953 ultimus
1601 1899 1744 1953 inter
1768 1917 2017 1970 praesen·
2231 1899 2370 1951 Dua·
2402 1897 2762 1952 Guadaneoh·
2784 1899 3043 1970 Magister
3071 1900 3219 1953 Sacri
3248 1899 3497 1970 Hospitii
3552 1916 3704 1972 prae·

429 1998 511 2044 tes
541 1988 899 2043 Consistorio
952 1996 1165 2040 secreto
1221 1989 1573 2040 tintinnabuli
1619 1992 1779 2060 pulsu
1830 2000 2017 2044 evocat
2115 1987 2208 2042 bet
2227 2004 2419 2058 aquam
2445 1987 2694 2040 manibus
2713 1988 2892 2058 Papae
2914 1988 2978 2042 ad
3004 1990 3236 2057 primam
3262 1990 3552 2057 lotionem,
3567 2008 3697 2061 pag.

432 2076 940 2141 caeremoniarios,
959 2092 1093 2144 pag.
1119 2074 1208 2127 28.
2116 2077 2241 2131 315.
2269 2076 2414 2131 Vide
2442 2075 2716 2144 Magister
2738 2075 2902 2129 Sacri
2923 2076 3192 2147 Hospitii.

537 2166 909 2218 Diaconorum
938 2163 1311 2217 cardinalium
1339 2163 1506 2218 Prior
1539 2182 1662 2217 cnm
1709 2164 1902 2218 baculo
1955 2166 2014 2219 iu
2228 2167 2366 2219 Dua·
2395 2164 2690 2219 Generalis
2715 2165 3014 2235 copiarum
3067 2165 3479 2219 Pontificiarum
3517 2164 3701 2221 Ludo·

424 2254 637 2329 signum
665 2253 1063 2324 jurisdictionis
1100 2251 1302 2305 assidet
1337 2270 1458 2305 cum
1500 2252 1873 2311 Gubernator-e
1894 2291 1912 2322 ,
1962 2263 2017 2309 et
2116 2254 2264 2308 visus
2310 2254 2588 2308 ltlansroni
2644 2253 2826 2306 triduo
2864 2244 3002 2307 'ante
3048 2255 3537 2309 canonizationem
3590 2274 3695 2308 una

423 2344 744 2396 Pontificiae
773 2341 979 2393 Domui
1029 2341 1311 2394 Praefecto
1366 2341 1509 2412 apud
1538 2344 1761 2397 Portam
1816 2344 2009 2397 Palatii
2113 2362 2235 2400 cum
2265 2345 2386 2397 aliis
2405 2343 2717 2408 Basilicam,
2739 2351 2792 2397 et
2816 2343 2936 2396 loca
2963 2342 3318 2419 custodienda
3346 2347 3691 2415 perlustrant,

419 2448 527 2503 pro
554 2432 855 2485 directione
884 2429 1345 2500 supplicationis,
1364 2447 1495 2501 pag.
1529 2431 1652 2485 131.
2102 2452 2235 2507 pag.
2260 2433 2389 2488 292.
2415 2432 2560 2491 Vide
2584 2431 2902 2487 lastras-cio.

531 2521 907 2573 Diaconorum
938 2518 1313 2573 cardinalium
1340 2519 1733 2574 Assistantium
1760 2521 2009 2578 Ministe-

416 2608 508 2664 rio
533 2610 702 2665 utitur
725 2608 901 2678 Papa,
929 2608 987 2661 in
1017 2606 1304 2659 sumendis
1327 2608 1695 2675 Par-amentis,
1718 2627 1848 2679 pag.
1876 2613 1964 2664 ⁹8.

527 2699 807 2750 Diaconus
836 2695 1147 2750 cardinalis
1177 2696 1406 2757 Carolus
1434 2698 1607 2750 Maria
1633 2700 2000 2768 Sacripantes,

412 2786 512 2859 qni
540 2787 896 2856 Evangelium
922 2792 1036 2843 erat
1062 2792 1366 2851 cantaturus
1392 2786 1447 2837 in
1476 2785 1664 2854 Missa,
1694 2787 1750 2840 in
1782 2789 2002 2858 Suppli·

412 2878 629 2930 canone
656 2875 906 2946 procedit
930 2873 1243 2926 immediate
1279 2883 1402 2925 ante
1430 2875 1754 2927 Pontificem
1787 2878 1999 2931 medius
2211 2879 2488 2945 Ecclesia,
2517 2885 2684 2949 prout
2729 2875 3064 2931 sanctitatem
3116 2884 3170 2930 et
3222 2876 3373 2947 signa
3419 2879 3486 2931 de
3517 2881 3685 2932 Caelo

406 2967 555 3021 inter
581 2967 858 3041 Diaconos
884 2964 1201 3016 cardinales
1229 2962 1588 3029 Assistentes,
1610 2981 1740 3034 pag.
1768 2965 1894 3018 308.
2099 2967 2499 3033 animadvertit,
2530 2968 2821 3020 Servorum
2843 2962 2944 3020 Dei
2973 2964 3178 3018 cultum
3205 2972 3260 3018 et
3285 2967 3686 3020 venerationem

511 3057 656 3123 ‚Post
673 3053 991 3124 praestitum
1012 3050 1374 3105 obedientiae
1402 3049 1727 3122 obsequium
1756 3055 1909 3108 sedet
1935 3054 1994 3106 in
2099 3057 2327 3129 adauget
2355 3057 2412 3109 in
2444 3066 2579 3109 terra
2597 3093 2613 3120 ,
2647 3053 2782 3108 ibid.

409 3159 669 3217 supremo
723 3142 890 3215 gradu
920 3141 1122 3195 Altaris
1168 3158 1197 3194 e
1249 3159 1360 3212 quo
1417 3141 1719 3212 digressus,
1749 3141 1995 3198 absoluta
2207 3146 2456 3202 Ecclesia
2469 3141 3089 3214 ArchigymnasiiUrbis
3109 3140 3175 3195 ab
3193 3141 3472 3196 Advocato
3488 3145 3686 3198 Consi·

405 3236 676 3290 Oratione
703 3234 772 3287 de
799 3232 1031 3288 novellis
1059 3232 1268 3284 Sanctis
1295 3250 1323 3282 a
1355 3231 1502 3299 Papa
1530 3230 1834 3297 decantata,
1863 3249 1995 3287 con-
2093 3235 2304 3288 storiali
2327 3233 2476 3286 illius
2490 3232 3023 3301 GymnasiiRectore
3042 3229 3386 3300 gubernatur,
3397 3249 3527 3300 pag.
3560 3234 3681 3286 1⁴5.

406 3304 620 3378 scendit
643 3324 699 3375 iu
728 3339 904 3375 aream
934 3320 1148 3373 Throni
1177 3319 1486 3385 Pontificii,
1514 3328 1568 3372 et
1594 3321 1740 3371 canit
1771 3319 1991 3391 Confes-
2207 3323 2449 3378 Ecclesia
2503 3323 2559 3375 S.
2588 3321 2794 3373 Mariae
2846 3335 3008 3389 supra
3046 3321 3347 3372 Minervam
3390 3320 3683 3373 substituta

396 3410 613 3466 sionem
638 3410 890 3464 addendo
916 3424 1186 3461 novorum
1215 3409 1537 3461 Sanctorum
1579 3409 1806 3461 nomina
1856 3420 1986 3479 post
2090 3413 2356 3466 Basilicae
2381 3410 2703 3464 Liberianae
2755 3409 3010 3461 invisitur
3057 3425 3159 3477 pro
3214 3407 3552 3462 assecutione
3590 3408 3684 3461 ln·

401 3500 501 3556 itta
529 3501 850 3553 Sanctorum
878 3497 1310 3566 Apostolorum,
1331 3512 1462 3565 pag.
1490 3494 1615 3546 31⁴.
2091 3501 2430 3572 dulgentiae,
2452 3517 2583 3571 pag·
2614 3499 2737 3550 130.
2765 3497 2894 3549 288·

520 3590 757 3658 Expleto
784 3586 951 3639 borae
979 3584 1163 3637 tertiae
1193 3591 1351 3635 cantu
1376 3585 1578 3652 Papam
1608 3581 1790 3636 induit
1815 3585 1994 3638 Vesti·
2199 3590 2447 3646 Ecclesia
2500 3589 2554 3641 S.
2596 3583 2995 3650 Pudentianae,
3046 3582 3183 3635 olim
3224 3583 3438 3637 Domus
3492 3585 3677 3637 Sancti

405 3676 512 3732 bus
540 3678 607 3730 ad
635 3675 973 3730 Sacrificium
1001 3669 1385 3725 celebrandum
1414 3668 1645 3739 paratis,
1666 3689 1797 3740 pag.
1825 3672 1949 3728 313.
2087 3678 2357 3732 Pudentis
2386 3677 2684 3739 Senatoris3
2714 3676 2955 3745 primum
2975 3672 3250 3743 Principis
3270 3674 3677 3743 Apostolorum

471 3781 482 3790 ·
510 3769 649 3819 Post
711 3763 1002 3820 homiliam
1053 3760 1200 3814 canit
1260 3759 1460 3813 iterum
1529 3758 1941 3828 Cotffessionem
1967 3800 1984 3829 ,
2089 3765 2396 3837 hospitium
2423 3766 2483 3817 in
2508 3764 2660 3818 Urbe
2677 3801 2693 3830 ‚
2716 3780 2847 3834 pag.
2872 3759 3002 3814 297.

389 3873 524 3932 pag.
555 3857 683 3909 321.
2201 3853 2447 3908 Ecclesia
2472 3854 2526 3906 S.
2556 3851 2761 3905 Mariae
2790 3852 2849 3901 in
2866 3843 3095 3902 Via-lata
3121 3848 3380 3904 Doctoris
3410 3848 3676 3902 Gentium

508 3948 788 3999 Diaconos
815 3940 1124 3997 cardinalis
1152 3956 1181 3991 a
1208 3937 1410 3991 dextris
1437 3936 1714 3991 Assistens
1734 3937 1986 3991 Versicn-
2085 3944 2143 3997 in
2166 3961 2267 3996 sno
2290 3941 2359 3995 ad
2380 3943 2584 3997 Urbem
2604 3940 2834 3993 adventu
2862 3937 3102 4009 primum
3124 3937 3506 4003 diversorium,
3534 3935 3672 3991 ibid.

393 4037 515 4091 lum
552 4038 725 4092 Orate
744 4050 849 4104 pro
901 4030 1064 4084 nobis
1091 4028 1284 4083 Sancti
1306 4025 1548 4094 Fidelis,
1584 4025 1847 4095 Camille,
1881 4030 1986 4081 Pe·
2197 4031 2447 4088 Ecclesia
2497 4031 2552 4083 S.
2581 4030 2731 4083 Petri
2757 4028 2947 4081 Titulo
3000 4024 3286 4078 Eudoxiae
3335 4025 3505 4078 fertur
3554 4041 3673 4079 esse

392 4135 509 4191 ere,
534 4119 749 4192 Jose‘pla
777 4133 831 4174 et
864 4119 1171 4175 catharina
1199 4117 1365 4181 dixit,
1396 4126 1683 4187 postquam
1718 4117 1982 4171 Cantores
2086 4120 2261 4191 prima
2288 4119 2355 4172 ab
2386 4120 2781 4189 Apostolorum
2813 4115 3070 4185 Principe
3091 4115 3209 4167 Deo
3235 4115 3446 4166 Romae
3473 4112 3669 4179 dicata,

394 4214 594 4267 musici
623 4210 888 4280 hymnum
924 4211 1004 4262 Te
1027 4208 1212 4262 Deum
1239 4204 1535 4259 laudamus
1559 4204 1980 4276 compleverant,
2080 4208 2206 4263 298.
2228 4211 2295 4260 ln
2317 4227 2377 4262 ea
2398 4208 2556 4261 Sacra
2576 4204 2822 4277 ejusdem
2842 4201 3102 4273 Apostoli
3126 4201 3341 4253 vincula
3365 4206 3666 4264 servantnrg

385 4313 519 4376 pag.
547 4299 672 4353 313.
2082 4298 2227 4353 unde
2254 4314 2455 4351 nomen
2483 4294 2691 4365 accepit
2717 4293 2895 4345 Sancti
2925 4288 3092 4344 Petri
3114 4287 3192 4341 ad
3223 4286 3494 4355 Vincula,
3528 4287 3664 4341 ibid.

503 4389 640 4444 Dies
667 4405 768 4458 pro
797 4383 1035 4442 solemni
1061 4381 1492 4438 canonizatione
1520 4380 1842 4435 Sanctorum
1896 4382 1979 4435 in·
2189 4386 2437 4440 Ecclesia
2466 4384 2647 4438 Sancti
2673 4381 2822 4436 Petri
2850 4381 2910 4434 in
2939 4382 3195 4444 Carcere,
3224 4376 3322 4429 nbi
3370 4378 3427 4427 in
3487 4378 3672 4429 arctis·

401 4477 636 4544 dicitur,
686 4480 882 4530 Festus
933 4474 1030 4527 SS-
1058 4471 1458 4543 Apostolorum
1482 4468 1635 4523 Petri
1687 4477 1741 4522 et
1781 4471 1936 4523 Pauli
1959 4509 1975 4538 ‚
2079 4476 2216 4531 sim·
2244 4474 2510 4530 Custodia
2537 4472 2739 4527 detenti
2792 4471 2941 4524 suere
2967 4468 3110 4523 beati
3146 4465 3405 4537 Apostoli
3435 4467 3663 4533 Petrus,

383 4584 520 4642 pag.
551 4568 637 4620 15.
666 4566 792 4618 278.
2080 4574 2135 4619 et
2158 4565 2387 4628 Paulus,
2418 4560 2552 4615 ibid.
2576 4581 2581 4586 ·
2700 4629 2708 4635 ·

502 4656 638 4709 Dies
665 4654 750 4706 17.
772 4651 1002 4723 Augusti
1031 4648 1310 4702 universae
1340 4646 1659 4700 christianae
1685 4645 1975 4716 Reipubli·
2188 4651 2435 4705 Ecclesia
2476 4647 2656 4702 Sancti
2682 4646 2835 4700 Petri
2885 4645 2941 4698 in
2968 4647 3162 4698 Monte
3189 4643 3373 4695 Aureo
3428 4637 3658 4692 traditur

390 4761 484 4798 cae
522 4742 652 4797 t'elix
679 4741 750 4794 ob
781 4741 1126 4795 creationem
1174 4737 1271 4789 SS.
1301 4737 1369 4788 D.
1415 4735 1487 4789 N.
1531 4733 1813 4788 Benedicti
1861 4736 1971 4787 PP.
2075 4740 2140 4794 ab
2168 4738 2443 4809 aliquibus
2469 4753 2586 4791 esse
2612 4737 2787 4799 locus,
2814 4732 2908 4785 ubi
2936 4733 3098 4785 Cruci
3131 4730 3318 4781 affixus
3346 4727 3662 4794 martyrium

388 4827 547 4886 XIV·
570 4848 699 4901 pag·
732 4831 819 4882 11·
845 4830 1068 4883 Electus
1095 4844 1125 4879 ⁸
1153 4825 1443 4878 88110ῑί1110
1471 4823 1577 4876 3⁰8
1604 4839 1705 4898 PU!
1732 4822 1975 4893 Public·-
2073 4828 2474 4883 consummavit
2524 4826 2926 4896 Apostolorum
2980 4822 3245 4887 Princeps
3266 4852 3281 4882 ,
3334 4815 3471 4868 ibid.
3512 4814 3656 4868 Vide

390 4922 543 4975 tione
588 4922 944 4974 Decretorum
993 4933 1159 4987 super
1202 4914 1632 4968 canonizatione
1683 4910 1968 4984 beatorum
2079 4918 2362 4989 cappella.

390 5010 612 5065 Camilli
642 5010 710 5062 de
735 5008 904 5062 Lellis
930 5015 984 5061 et
1007 5003 1243 5075 Josepbi
1273 5023 1301 5056 a
1324 5002 1616 5068 Leonissa,
1645 4998 1781 5053 ibid.
2182 5003 2555 5059 Ecclesiarum
2608 4999 2860 5053 omnium
2910 5003 3071 5066 capnt
3094 4993 3351 5046 Vaticana
3378 4991 3610 5042 Basilica
3628 5029 3650 5056 ,

501 5101 773 5153 Doctores·
807 5096 866 5148 in
894 5104 1124 5165 utroque
1175 5111 1269 5146 seu
1315 5094 1571 5144 alterutro
1597 5091 1715 5159 iure
1742 5088 1959 5142 creandi
2063 5112 2193 5165 pag.
2221 5092 2348 5146 372.

385 5186 608 5242 facultas
633 5187 688 5238 in
716 5188 965 5238 Roman·
994 5183 1158 5235 Curii!
1190 5190 1244 5233 0²
1267 5179 1416 5233 Urbe
1453 5187 1535 5231 0⁸2
1584 5195 1751 5246 penes
1778 5176 1963 5231 Δάνο-
2179 5180 2451 5236 Ecclesias
2487 5178 2546 5231 in
2587 5175 2831 5248 partibus
2855 5171 3173 5225 lutidelinm
3227 5169 3516 5226 existentes
3570 5183 3657 5217 va-

385 5284 630 5331 catorum
660 5272 1136 5329 Coufissot'lsslffum
1166 5269 1505 5339 C0¹¹egi¹¹mi
1527 5284 1656 5336 1²⁶8·
1688 5267 1809 5330 145·
2062 5289 2181 5325 care
2206 5286 2307 5340 per
2330 5266 2752 5321 Promotionem
2782 5261 2850 5316 ad
2880 5259 3287 5315 cardinalatum
3316 5271 3529 5321 eorum,
3555 5254 3652 5325 qni

497 5366 769 5421 Doctores
793 5380 886 5418 sex
909 5359 1161 5434 quolibet
1184 5376 1326 5411 anno
1355 5354 1731 5410 Protonotarii
1758 5353 1825 5409 de
1862 5371 1959 5410 nu·
2057 5359 2128 5412 iis
2153 5356 2408 5429 praefecti
2438 5361 2619 5424 erant,
2651 5353 2797 5406 nulla
2823 5358 2904 5404 est
2931 5346 3201 5402 dubitatio
3222 5384 3237 5413 ,
3258 5363 3391 5417 pag.
3424 5344 3511 5397 ³1.

2211 2789 2458 2844 loclesia
2467 2787 2712 2843 Militans
2725 2787 2915 2842 Trium
2923 2786 3063 2857 phau
3071 2787 3140 2840 tis
3151 2789 3619 2861 aemulatrixfflag.
3635 2793 3663 2843 1
3673 2830 3687 2844 .
