4442 6300
1751 495 1993 551 thtx
2034 492 2324 549 RERUM.

571 656 702 725 Quo
729 650 901 711 modo
919 691 941 725 ,
969 659 1023 707 et
1049 668 1078 703 a
1102 647 1306 723 quibus
1327 647 1584 723 praestita
1623 645 1682 700 in
1727 644 1819 701 die
1855 646 2032 700 Cano·

456 746 753 801 niz-tionis
775 782 792 810 ,
819 744 946 797 ³00.

573 837 706 891 Bea-
733 850 958 904 magnae
971 832 1293 887 'Britanniae
1329 828 1576 882 Jacobus
1601 826 1710 878 111.
1739 840 1991 896 praesens
2015 860 2034 889 ,

459 923 912 979 canonizationis
940 919 1243 979 Sollemnia
1285 935 1381 972 sua
1422 917 1622 987 pietate
1668 922 1828 967 ornat
1854 951 1870 980 ,
1903 929 2036 983 pag.

575 1101 868 1171 Suggestus
895 1097 1148 1151 eminens
1171 1134 1188 1162 ,
1215 1103 1269 1149 et
1294 1100 1557 1147 consueto
1586 1092 1823 1161 amplior
1846 1089 1918 1142 Ei
1941 1126 1958 1155 ,
1983 1094 2038 1141 et

466 1189 646 1260 Begio
673 1189 824 1241 Filio
851 1188 989 1239 Dnci
1018 1184 1355 1239 Eboracensi
1382 1188 1726 1251 comparatur
1745 1217 1761 1245 ,
1791 1175 1926 1231 ibid.

574 1275 747 1346 Regis
783 1278 1160 1328 Romanorum
1203 1272 1544 1325 Electionem
1586 1267 1855 1337 significat
1893 1267 2038 1333 Papa

465 1365 853 1420 cardinalibus
879 1364 938 1415 in
968 1362 1320 1417 consistorio
1349 1366 1590 1423 secreto,
1611 1373 1740 1426 pag.
1767 1356 1853 1408 itt.

569 1457 804 1508 litteras
830 1453 896 1505 ab
923 1466 993 1505 eo
1016 1460 1258 1520 acceptas
1286 1447 1502 1502 recitari
1540 1444 1806 1516 praecipit
1831 1461 1860 1493 a
1888 1442 2042 1510 Caie-

463 1551 595 1597 tano
624 1544 826 1596 Amata
853 1538 1110 1592 Brevium
1149 1532 1605 1609 Apostolicorum
1644 1530 1713 1585 ad
1751 1531 2040 1600 Principes

463 1651 497 1685 a
521 1631 754 1686 Secretis
777 1668 793 1695 ,
824 1629 914 1683 ts.

578 1717 898 1789 cappellam
924 1716 980 1768 in
1004 1714 1292 1786 gratiarum
1316 1709 1610 1764 Actionem
1630 1725 1754 1762 cum
1777 1705 2045 1762 Sollemni

465 1806 637 1861 Kissa
664 1805 965 1858 habendam
997 1802 1223 1865 indicit,
1252 1796 1388 1854 ibid.

579 1895 897 1949 Luminaria
924 1891 998 1946 ob
1028 1890 1085 1944 id
1112 1890 1287 1942 biduo
1306 1928 1326 1957 ,
1354 1896 1410 1941 et
1436 1885 1541 1939 alia
1575 1883 1814 1940 laetitiae
1850 1885 2006 1957 signa
2027 1922 2045 1952 ,

466 2002 598 2058 pag.
626 1983 717 2037 ts.

584 2070 904 2127 Cardinales
931 2069 1100 2124 rubro
1127 2068 1315 2122 colore
1340 2064 1442 2121 etsi
1470 2065 1753 2121 Adventus
1781 2072 2049 2137 tempore,

468 2171 584 2217 tota
610 2161 701 2215 die
727 2168 954 2215 utuntur
973 2195 989 2223 ,
1018 2155 1153 2210 ibid.

582 2247 752 2317 Regis
778 2246 1060 2317 utriusque
1095 2243 1315 2297 Siciliae
1354 2240 1543 2295 caroli
1586 2238 1886 2294 sebastiani
1913 2241 2052 2294 Bor-

471 2338 633 2393 bonii
686 2328 1075 2405 Hispaniarum
1127 2332 1360 2383 Infantis
1410 2330 1694 2385 Adventus
1736 2329 1800 2382 in
1838 2327 2049 2385 Urbem

475 2433 811 2481 memoratur
833 2461 848 2489 ,
871 2440 1004 2492 pag.
1035 2418 1161 2472 302.

589 2510 833 2580 Vectigal
858 2511 975 2578 ejus
1000 2506 1227 2561 nomine
1254 2505 1497 2558 oblatum
1518 2520 1623 2578 pro
1644 2506 1837 2577 Regno
1857 2504 2053 2559 utrius·

475 2619 583 2674 que
612 2599 836 2652 Siciliae
855 2635 872 2663 ,
899 2594 1036 2649 ibid.

586 2690 802 2756 Regum
827 2692 882 2739 et
908 2684 1232 2755 Principum
1262 2699 1451 2755 preces
1487 2699 1593 2754 pro
1629 2683 1924 2738 Beatornm
1953 2681 2054 2735 ca-

475 2774 834 2830 nonizatione
855 2809 874 2839 ,
892 2788 1024 2845 pag.
1055 2772 1142 2826 18.

591 3115 858 3171 Sacellum
886 3113 1342 3170 columnensinm
1371 3111 1429 3168 in
1452 3111 1803 3168 ⁴lateranensi
1824 3110 2057 3166 Basilica

477 3207 736 3259 aelectum
778 3224 806 3256 a
846 3205 990 3272 Papa
1018 3241 1033 3269 ,
1074 3214 1132 3255 ut
1171 3221 1270 3274 pro
1314 3201 1707 3254 Defunctorum
1745 3199 2054 3254 Animabus

481 3291 887 3347 absolutionem
927 3291 1127 3345 faceret
1171 3291 1228 3343 in
1275 3292 1419 3343 Actu
1457 3306 1633 3342 sacrae
1663 3288 2014 3342 Visitationis
2036 3327 2054 3356 ,

471 3398 607 3452 pag.
636 3382 688 3434 li.
1493 3436 1504 3450 ι

593 3468 870 3522 Sacellum
927 3465 1223 3519 corsinum
1268 3465 1323 3517 in
1363 3463 1551 3520 eadem
1603 3464 1839 3519 Basilica
1875 3464 2058 3518 visitat

480 3557 628 3627 Papa
655 3594 671 3621 ,
697 3565 752 3608 et
777 3555 961 3624 dignis
991 3552 1242 3605 laudibus
1269 3553 1522 3619 extollit,
1553 3551 1688 3605 ibid.

592 3646 749 3696 Sacra
778 3643 916 3696 Olea
940 3678 970 3707 ,⁴
985 3650 1198 3695 rectene
1227 3649 1626 3694 asservarentur
1651 3639 1879 3710 inspicit
1909 3641 2059 3711 Papa

480 3731 540 3786 in
566 3732 799 3785 Basilica
824 3729 1171 3784 lateranensi
1197 3767 1213 3795 ,
1242 3725 1377 3784 ibid.

593 3821 1013 3873 Sacramentum
1057 3815 1492 3868 Eucharisticnm
1536 3797 1600 3868 iti
1664 3831 1757 3868 sua
1789 3813 2061 3868 Custodia

481 3916 750 3964 servatum
776 3942 792 3971 ,
832 3905 890 3957 in
927 3904 1275 3958 lateranensi
1301 3904 1540 3958 Basilica
1576 3913 1826 3975 tempore
1859 3904 2061 3960 Visita-

481 3996 653 4051 tionis
681 3992 909 4063 inspicit
932 3995 1079 4063 Papa
1100 4031 1116 4059 ,
1147 3979 1281 4046 ibid.

593 4086 1012 4154 Sacramentum
1052 4080 1492 4137 Eucharisticum
1545 4080 1794 4152 publicae
1843 4099 2061 4136 venera·

479 4171 622 4225 tioni
649 4169 959 4240 expositum
989 4186 1092 4237 pro
1120 4169 1474 4240 quadraginta
1510 4168 1767 4223 horarum
1808 4170 2056 4224 oratione

478 4259 540 4313 in
567 4257 866 4328 designatis
888 4256 1055 4310 Urbis
1090 4259 1356 4311 Ecclesiis
1385 4258 1636 4328 quotidie
1663 4257 1853 4311 invisit
1869 4260 2060 4311 Ponti-

480 4347 605 4405 leat
634 4365 758 4402 raro
787 4346 1004 4416 pietatis
1032 4347 1285 4415 exemplo
1307 4383 1325 4410 ,
1347 4364 1476 4416 pag.
1508 4348 1597 4398 11.

595 4438 1015 4490 Sacramentum
1045 4433 1103 4486 in
1130 4433 1658 4504 Archipresbyterali
1695 4435 1932 4504 Templo
1960 4435 2061 4488 ca·

484 4524 583 4579 stri
614 4521 930 4591 Gandulpbi
964 4520 1028 4574 ad
1060 4522 1305 4590 publicas
1334 4540 1521 4592 preces
1544 4522 1818 4576 habendas
1837 4540 1938 4592 pro
1960 4524 2062 4576 im·

485 4611 720 4666 minenti
762 4610 1196 4664 canonizatione
1221 4613 1370 4681 jussu
1397 4611 1684 4665 Pontificis
1711 4612 1790 4664 ibi
1817 4629 2064 4666 commo·

483 4701 686 4765 rantis,
716 4698 898 4752 triduo
927 4699 1260 4770 exponitur,
1285 4716 1414 4768 pag.
1442 4699 1532 4752 M.

598 4790 1016 4842 Sacramentum
1050 4806 1077 4840 a
1105 4805 1162 4839 se
1190 4788 1495 4840 confectum
1524 4787 1582 4839 in
1621 4788 1760 4842 festo
1798 4788 1887 4843 die
1926 4790 2064 4844 cor·

479 4876 638 4948 poris
667 4873 871 4926 Christi
901 4876 1074 4929 defert
1100 4875 1358 4928 Pontifex
1387 4894 1484 4945 per
1511 4884 1644 4929 stata
1685 4878 2063 4932 Processionis

483 4965 608 5019 loca
633 4964 689 5015 in
720 4964 1009 5016 Basilicam
1038 4965 1353 5016 vaticanam
1375 5001 1392 5027 ,
1417 4982 1546 5034 pag.
1578 4965 1701 5016 131.

559 5107 570 5116 ,
601 5053 1022 5108 Sacramentum
1050 5051 1106 5103 in
1135 5052 1311 5123 ipsius
1349 5053 1520 5106 Festo
1556 5052 1776 5124 publice
1815 5069 1915 5124 per
1951 5056 2062 5110 vias

485 5139 725 5210 pedibus
764 5138 1017 5209 gradiens
1062 5140 1273 5212 primns
1315 5141 1528 5195 Romae
1565 5140 1762 5196 detulit
1796 5141 2057 5198 Nicolaus

481 5227 557 5283 V.
577 5243 708 5301 pag.
737 5227 862 5281 132.

597 5317 1020 5371 Sacramentum
1059 5315 1444 5374 ministrorum
1494 5315 1738 5374 humeris
1777 5317 2016 5375 subrecti
2040 5359 2056 5390 ,

2136 650 2298 712 atque
2325 641 2382 693 iu
2411 638 2638 695 sublimi
2678 640 2811 695 sella
2849 637 3146 711 compositi
3185 635 3437 695 deserunt
3474 636 3713 693 Romani

2134 730 2431 784 Pontifices
2456 738 2511 783 et
2536 726 2747 800 quare?
2774 729 2899 782 1³3.

2250 821 2667 872 Sacramentum
2695 819 2752 871 in
2783 817 2874 872 die
2903 814 3041 869 festo
3071 814 3343 886 Corporis
3382 814 3589 868 Christi
3612 853 3628 879 ,
3666 817 3715 869 si

2136 909 2417 976 contingat
2470 906 2788 975 hujusmodi
2830 905 3168 958 sollemnitas
3215 904 3537 973 Apostolica
3574 903 3717 961 Sede

2136 994 2375 1048 Vacante
2394 1033 2417 1062 ,
2465 993 2738 1049 deferetur
2776 994 2834 1045 in
2874 992 3289 1063 supplicatione
3326 990 3468 1062 apud
3506 991 3718 1045 Vatica-

2138 1101 2271 1136 num
2302 1082 2370 1136 de
2398 1100 2554 1136 more
2591 1082 2913 1137 celebranda
2939 1100 2969 1133 a
2994 1078 3304 1135 Patriarcha
3342 1078 3454 1133 sive
3494 1078 3718 1133 Archia·

2137 1172 2372 1239 piscopo
2397 1207 2414 1235 ,
2459 1170 2547 1227 vel
2594 1169 2878 1240 Episcopo
2920 1184 3084 1239 quem
3132 1166 3451 1221 cardinales
3493 1175 3619 1219 tunc
3656 1166 3717 1219 in

2136 1257 2393 1330 quolibet
2439 1256 2656 1311 Ordine
2696 1258 2922 1311 Priores
2944 1294 2962 1323 ,
3001 1265 3055 1309 et
3094 1255 3149 1309 S.
3178 1257 3246 1307 R.
3278 1257 3344 1308 E.
3374 1255 3717 1309 Camerarius

2137 1346 2323 1401 triduo
2351 1355 2474 1400 ante
2503 1345 2943 1416 designaverint,
2967 1363 3099 1415 pag.
3127 1344 3253 1396 13³.

2253 1436 2681 1488 Sacramentum
2708 1433 2766 1486 in
2787 1431 3246 1486 Patriarcbalibus
3273 1429 3525 1484 Basilicis
3549 1429 3720 1485 Urbis

2139 1525 2288 1594 juxta
2331 1540 2541 1576 morem
2586 1522 2888 1593 antiquitus
2927 1519 3185 1575 traditum
3217 1518 3470 1588 publicae
3494 1532 3713 1575 venera·

2143 1610 2285 1664 tioni
2310 1611 2641 1681 exponitur,
2668 1618 2953 1679 antequam
2983 1628 3012 1660 a
3041 1610 3271 1661 Summo
3297 1606 3565 1660 Pontifice
3600 1606 3724 1659 ulti·

2143 1716 2233 1752 ma
2256 1716 2420 1769 super
2447 1696 2856 1752 canonizandis
2892 1697 3200 1768 proseratur
3238 1694 3515 1748 Sententia
3536 1730 3554 1761 ,
3587 1711 3720 1765 pac.

2151 1785 2276 1840 ¹21.
2309 1788 2433 1840 130.

2259 1879 2677 1932 Sacramentum
2716 1872 3185 1946 Angustissimum
3234 1871 3419 1925 triduo
3466 1869 3719 1941 publicae

2144 1965 2485 2020 venerationi
2507 1966 2857 2036 propositum
2886 1960 2985 2014 hac
3011 1958 3080 2017 ‹le
3106 1977 3262 2014 causa
3289 1960 3347 2011 in
3372 1958 3727 2014 Lateranansi

2146 2054 2383 2108 Basilica
2408 2054 2590 2107 visitat
2617 2056 2762 2123 Papa
2788 2068 2913 2105 cum
2944 2048 3361 2116 cardinalibus,
3382 2066 3517 2119 pag.
3553 2048 3686 2102 287.

2257 2142 2413 2195 Idem
2441 2143 2728 2213 exequitur
2754 2141 2813 2193 in
2839 2140 3098 2193 Vaticana
3126 2138 3307 2191 Sancti
3342 2137 3493 2191 Petri
3529 2134 3727 2190 Basili·

2147 2251 2208 2287 ca
2226 2269 2246 2300 ,
2264 2248 2397 2303 pag.
2424 2226 2556 2286 287.

2261 2322 2337 2373 Et
2360 2320 2416 2371 in
2446 2316 2692 2372 Ecclesia
2720 2317 2776 2370 S.
2802 2315 3011 2371 Mariae
3033 2332 3198 2385 supra
3221 2313 3526 2368 Minervam
3564 2310 3727 2368 Libe·

2147 2407 2331 2462 tianae
2356 2407 2623 2460 Basilicae
2648 2402 2937 2459 substituta
2960 2442 2977 2470 ,
3002 2402 3132 2457 280.

2261 2498 2684 2550 Sacramentum
2720 2493 3048 2548 Venerabile
3086 2490 3340 2563 publicae
3389 2488 3731 2545 venerationi

2148 2585 2459 2653 expositum
2488 2580 2545 2635 in
2571 2582 2809 2635 Basilica
2836 2581 3094 2632 Vaticana
3122 2579 3245 2650 ipso
3278 2578 3729 2632 canonizationis

2155 2670 2249 2725 die
2274 2672 2425 2741 Papa
2453 2670 2522 2724 de
2549 2669 2729 2723 sellari
2757 2668 3097 2723 descendens
3133 2666 3320 2720 visitat
3341 2704 3357 2733 ,
3384 2674 3440 2722 et
3465 2674 3585 2719 orat
3608 2674 3732 2721 anta

2152 2759 2293 2816 illud
2319 2777 2443 2814 cum
2473 2756 2859 2814 Cardinalibus
2887 2757 3187 2827 ceterisque
3214 2754 3608 2809 Ecclesiasticis
3625 2756 3734 2809 Or·

2153 2849 2417 2916 dinibus,
2466 2848 2783 2919 priusquam
2818 2845 3283 2900 canonizationis
3321 2843 3613 2899 Theatrum
3640 2859 3734 2912 pe-

2155 2945 2230 2990 tat
2251 2974 2267 3003 ,
2289 2954 2419 3007 pag.
2448 2936 2575 2990 30⁹.

2268 3026 2442 3078 Sacra
2475 3027 2623 3079 Vasa
2647 3022 2716 3076 ad
2739 3021 3113 3077 ministerium
3136 3057 3151 3073 .
3180 3018 3328 3075 Vide
3363 3021 3513 3075 Vm
3532 3057 3548 3073 .

2268 3111 2625 3184 Sacrussclum
2649 3113 2769 3166 Deo
2813 3111 2972 3166 offert
3007 3112 3154 3181 Papa
3193 3118 3479 3180 antequam
3507 3109 3737 3165 Decreta

2155 3220 2321 3272 super
2355 3201 2787 3255 (lanonizationa
2822 3202 3112 3254 Beatorum
3142 3198 3409 3269 publicari
3440 3197 3735 3268 permittat,

2149 3309 2280 3364 pag.
2306 3291 2362 3344 2.
2390 3290 2443 3343 ⁸.
2471 3293 2524 3344 9.
2556 3289 2644 3342 12.

2269 3381 2597 3432 Sanctorum
2630 3374 3090 3430 canonisatorum
3128 3372 3359 3425 nomina
3399 3381 3532 3443 post
3570 3373 3735 3428 latam

2157 3485 2185 3520 a
2212 3467 2360 3536 Papa
2387 3465 2455 3518 de
2480 3480 2671 3519 eorum
2699 3464 2979 3515 sanctitate
3007 3461 3339 3514 Sententiam
3369 3461 3580 3530 primus
3617 3477 3737 3514 om·

2154 3554 2311 3606 nium
2341 3554 2562 3605 invocat
2592 3551 2905 3605 cardinalia
2931 3549 3208 3603 Diaconus
3246 3567 3277 3601 a
3313 3548 3516 3603 dextris
3544 3548 3736 3604 Ponti·

2156 3642 2277 3694 ficis
2303 3643 2581 3694 Assistens
2598 3678 2620 3709 ,
2644 3656 2778 3710 pag.
2804 3637 2930 3691 ³1³.

2271 3731 2601 3783 Sanctorum
2630 3728 2977 3781 novellorum
3002 3724 3230 3778 nomina
3257 3724 3440 3779 addita
3482 3725 3542 3779 in
3587 3725 3737 3780 Con-

2156 3818 2399 3873 fessione
2426 3837 2457 3872 a
2484 3816 2763 3872 Cardinali
2789 3852 2808 3884 ,
2833 3822 2893 3869 ut
2915 3816 3069 3885 ajunt
3090 3812 3394 3886 Evangelii,
3421 3823 3740 3884 cantantur.

2158 3907 2287 3961 ⁸1⁴.

2268 3997 2343 4049 Et
2365 4013 2393 4047 a
2418 3995 2568 4065 Papa
2593 3992 2652 4047 in
2678 3992 3028 4048 absolutione
3072 3992 3309 4065 generali
3344 4008 3511 4063 supra
3540 3992 3735 4062 'Popu-

2155 4085 2271 4137 lum
2296 4119 2311 4148 ,
2341 4081 2475 4135 ibid.

2270 4173 2663 4243 Sarcopluague
2711 4188 2775 4224 ex
2828 4168 3150 4240 porphyrite
3198 4169 3485 4221 translatus
3522 4185 3553 4222 e
3590 4167 3733 4220 Pau·

2157 4260 2322 4314 theon
2347 4279 2445 4330 pro
2468 4259 2732 4314 Custodia
2762 4259 3052 4312 cadaveris
3073 4257 3371 4310 clementis
3392 4258 3571 4327 Papae
3591 4256 3724 4308 xu.

2156 4349 2216 4403 in
2246 4350 2512 4403 Sacellum
2541 4349 2839 4418 Corsinum
2869 4346 3012 4415 apud
3039 4348 3362 4400 Lateranum
3384 4381 3403 4411 ,
3418 4362 3549 4418 pag.
3576 4346 3634 4398 0.

2271 4438 2545 4493 Schedula
2566 4474 2580 4490 .
2608 4436 2753 4491 Vide
2778 4437 3056 4491 formula
3080 4473 3094 4487 .

2270 4527 2477 4582 Schola
2540 4527 2842 4579 cantorum
2906 4525 3369 4594 cappellanorum
3437 4520 3739 4592 {Pontificis

2158 4633 2322 4687 quem
2350 4624 2579 4684 occupet
2606 4617 2787 4667 locum
2819 4614 2875 4665 in
2905 4609 3266 4666 Processione
3288 4649 3305 4677 ,
3326 4629 3461 4682 pag.
3485 4611 3612 4665 tto-1.

2273 4703 2363 4757 Ab
2390 4722 2456 4756 eo
2480 4740 2495 4769 ,
2522 4704 2614 4774 qui
2643 4711 2727 4755 est
2752 4721 2781 4755 a
2809 4700 3047 4755 Secrett's
3071 4701 3324 4754 Brevium
3356 4700 3738 4770 Epistolarnm

2162 4790 2229 4843 ad
2259 4793 2566 4861 Principes,
2592 4792 2805 4844 Literae
2830 4790 2998 4858 Regis
3025 4791 3403 4842 Romanorum
3437 4791 3738 4857 Imperato-

2162 4880 2238 4933 ris
2267 4878 2431 4933 futuri
2460 4880 2525 4931 ad
2557 4881 2840 4932 Summum
2873 4877 3193 4930 Pontificem
3225 4874 3599 4942 transmissae,
3627 4876 3737 4944 jus-

2163 4984 2227 5020 su
2271 4942 2579 5020 sanctitatis
2608 4968 2745 5021 Suae
2771 4967 3024 5036 leguntur
3049 4980 3233 5019 coram
3262 4961 3650 5017 Cardinalibus
3674 4962 3737 5018 in

2155 5056 2519 5124 ‘consistorio
2547 5065 2755 5110 secreto
2777 5093 2792 5121 ,
2814 5071 2943 5126 pag.
2971 5055 3061 5108 10.

2274 5144 2559 5197 Instantiis
2596 5144 3006 5198 Advocatorum
3051 5139 3530 5200 consistorialium
3570 5156 3735 5212 super

2157 5231 2599 5285 Canoniutione
2622 5231 2680 5284 in
2706 5229 3075 5287 consistoriis
3118 5229 3358 5299 publicis
3410 5243 3735 5300 responsum

2159 5318 2321 5374 datur
2345 5317 2571 5376 nomine
2597 5318 2775 5391 Papae
2797 5355 2814 5388 ,
2833 5334 2966 5390 pag.
2991 5317 3081 5373 ⁸1.
3110 5317 3200 5372 08.
