4442 6300
965 520 1041 576 -η
1933 514 2133 567 Λευ
2202 514 2860 569 CANONtZA'rtoNts

783 668 987 733 delent
1024 665 1285 748 exploso
1314 662 1606 727 eumdem
1635 661 1696 723 in
1730 661 1867 744 ipso
1899 668 2195 745 suggesto
2216 644 2343 721 'tra-

773 765 972 848 jicere
993 772 1250 829 conatus
1272 768 1386 825 est.
1411 762 1569 823 Cuni'
1582 778 1729 820 vero
1749 756 2070 841 globulus,
2093 778 2170 820 eo
2191 755 2347 819 inot'-

778 864 993 933 senso,
1022 874 1235 925 contra
1268 857 1480 923 Sicarii
1513 866 1787 919 mentem
1821 855 2055 937 fuisset·
2074 853 2197 917 alio
2242 854 2345 916 de-

780 961 944 1024 latus
965 1005 982 1030 ,
1019 958 1248 1023 Fidelis
1278 954 1561 1040 periculo
1585 997 1607 1028 ,
1646 955 1810 1035 q‘uod
1840 952 2176 1016 declinare
2221 971 2343 1014 non

780 1066 1061 1140 poterat,
1092 1054 1563 1124 animadverso,
1593 1052 1885 1114 invictum
1938 1050 2346 1130 sedatumque

779 1157 1056 1220 animum
1084 1175 1309 1239 gerens
1341 1153 1505 1214 inter
1520 1149 1737 1232 Populi
1760 1150 2086 1229 strepitum
2118 1147 2344 1210 clamo·

777 1275 1006 1335 resque
1031 1251 1380 1321 descendit,
1405 1256 1469 1312 et
1497 1256 1640 1311 aute
1665 1247 1965 1329 majorem
1984 1264 2151 1308 aram
2178 1243 2345 1306 flexo

780 1332 1044 1432 utroque
1077 1370 1234 1431 genu
1285 1348 1738 1431 procumbens,
1768 1332 2117 1407 certissime
2161 1342 2345 1404 mori·

782 1434 958 1531 turus
991 1470 1059 1514 so
1082 1492 1103 1522 ,
1135 1445 1488 1511 catholicos
1510 1487 1529 1515 ‚
1575 1461 1847 1524 suosque
1890 1441 2189 1520 ipsosmet
2236 1438 2344 1502 bo-

776 1554 907 1610 ⁴stes
932 1546 1276 1619 haereticos
1305 1542 1568 1606 Domino
1588 1538 2066 1621 commendavit.
2093 1537 2343 1600 Veritus

776 1664 966 1713 vero,
1000 1662 1076 1704 ne
1106 1643 1169 1703 in
1201 1642 1371 1704 tauta
1403 1658 1613 1701 rerum
1646 1636 2115 1718 perturbatione
2154 1643 2344 1715 atque

778 1737 1050 1803 tumultu
1107 1737 1330 1808 multi,
1388 1736 1491 1817 qui
1536 1755 1613 1798 ex
1657 1733 2013 1822 Catholicis·
2040 1732 2299 1795 aderaut
2321 1774 2340 1801 ,

776 1839 872 1901 sui
905 1859 1087 1901 causa
1123 1834 1269 1899 mali
1301 1832 1530 1915 aliquid
1566 1840 1958 1914 paterentur,
1989 1851 2103 1915 per
2133 1839 2344 1911 paten-

779 1945 905 2000 tem
939 1956 1013 1998 ex
1048 1933 1367 2001 Ecclesiae
1399 1932 1596 1994 latere
1627 1941 1869 2011 portam
1901 1928 2194 2012 egressus
2224 1934 2340 1989 cst.

775 2033 891 2095 Vix
923 2043 1133 2096 autem
1169 2038 1521 2096 secesserat
1551 2027 2004 2110 aliquantulum
2038 2047 2073 2089 e
2102 2026 2342 2105 Templi

776 2132 1029 2194 foribus
1051 2173 1072 2204 ‚
1115 2150 1257 2193 cum
1292 2127 1505 2213 furore
1534 2135 1818 2197 amentes
1840 2169 1859 2196 ‚
1903 2122 2338 2187 crudelitatem

777 2230 1143 2310 rabiemque
1174 2235 1310 2291 toto
1341 2246 1448 2290 ore
1482 2220 2043 2306 spirantes—nefarii
2087 2220 2339 2302 quidam

778 2327 1056 2391 Fidelem
1087 2323 1622 2394 circumveniunt,
1667 2322 1924 2386 ensibus
1968 2319 2341 2399 ferratisque

774 2425 1048 2491 fustibus
1090 2422 1547 2486 immanissime
1589 2420 1891 2490 caedunt,
1937 2427 1999 2479 et
2054 2418 2341 2498 repetitis

776 2523 1144 2605 frequenter
1176 2521 1407 2584 ictibus
1426 2519 1662 2582 tamdiu
1693 2518 2104 2588 contundunt,
2130 2536 2344 2598 quam·

778 2623 884 2684 diu
913 2618 1279 2683 vulneribus
1308 2636 1490 2697 supra
1525 2606 1738 2697 viginti
1769 2615 2020 2676 saucius
2050 2634 2162 2676 suo
2207 2632 2343 2674 san·

778 2719 966 2801 guine
994 2714 1360 2785 foedissime
1405 2709 1791 2783 maculatus,
1838 2708 2034 2775 oculis
2075 2710 2153 2772 ad
2199 2714 2345 2772 Cae-

776 2814 941 2884 lum,
971 2812 1175 2895 quoad
1207 2817 1444 2895 poterat
1470 2853 1489 2880 ,
1522 2808 1705 2895 paulo
1735 2808 2020 2880 sublatis,
2053 2809 2344 2880 animam,

780 2910 1224 2993 plaudentibus
1255 2916 1311 2969 et
1342 2907 1713 2970 mirantibus
1744 2907 2018 2988 Superis,
2039 2905 2346 2970 exhalavit

781 3016 996 3072 octavo
1020 3006 1332 3071 Kalendas
1349 3003 1494 3087 Maji
1519 3024 1678 3067 anno
1702 3002 1921 3067 salutis
1943 3013 2191 3079 nostrae
2214 3003 2347 3066 mil-

780 3105 1010 3170 lcsimo
1039 3101 1497 3170 sexcentesimo
1525 3101 1827 3179 vigesimo
1858 3105 2149 3166 secundo.
2192 3132 2214 3155 ι·

920 3235 941 3257 .
983 3210 1169 3266 Porro
1216 3208 1443 3281 quanta
1487 3199 1671 3262 fuerit
1719 3201 1777 3261 in
1822 3202 2106 3263 obeunda
2142 3208 2346 3264 morte

782 3298 1229 3366 Fidelis-animi
1264 3297 1669 3379 magnitudo,
1697 3296 1861 3376 ipsi,
1896 3297 2211 3368 Haeretici
2259 3319 2351 3361 sa.

787 3398 866 3461 tis
895 3404 1113 3459 norunt
1148 3403 1335 3474 atque
1365 3394 1570 3456 testati
1604 3401 1764 3454 sunt.
1810 3397 1959 3454 Cum
2007 3394 2175 3455 enim
2221 3396 2351 3475 qui-

3627 582 3807 602 poen-'‘2-

2458 662 2805 742 cepissent,
2852 659 2999 720 dum
3051 658 3222 742 signa
3268 678 3403 722 cum
3450 660 3602 741 ipsis
3656 656 4022 732 conserunt,

2459 779 2597 821 sese
2630 757 2781 828 illis,
2808 766 3094 837 tanquam
3129 757 3435 819 Austriaci
3465 757 3780 820 exercitus
3803 763 4021 839 Caput,

2458 857 2861 938 spectandum
2921 853 3147 917 Fidelis
3197 855 3486 936 praebuit
3528 854 3737 918 divino
3782 854 4020 919 lumine

2457 946 2903 1017 circumfusum
2927 970 3195 1025 ,ensem
3240 972 3424 1015 manu
3453 953 3806 1016 vibrantem
3847 968 4024 1034 aspe-

2456 1063 2688 1132 ctuque
2717 1071 2826 1114 ees
2861 1049 3124 1113 terribili
3161 1050 3590 1123 minitantem:
3638 1057 3834 1126 Quem
3880 1071 4022 1114 cum

2460 1149 2623 1209 inter
2648 1156 2892 1211 ceteros
2921 1147 3181 1228 ipsemet
3205 1149 3673 1211 naereticorum
3706 1155 3840 1212 Dux
3871 1147 4023 1212 fuis·

2458 1255 2553 1308 set
2582 1245 2865 1309 intuitus,
2888 1245 3144 1309 territus
3176 1255 3240 1308 et
3268 1246 3649 1309 semianimis
3672 1245 3878 1328 fugam
3902 1254 4024 1310 sta-

2455 1344 2568 1405 tim
2599 1363 2928 1426 capessere
2948 1351 3198 1405 coactus
3223 1344 3548 1426 est-‘Cujus
3566 1345 3653 1405 rei
3675 1345 3836 1406 sama
3861 1346 4020 1406 mul-

2457 1450 2790 1522 torumque
2835 1440 3170 1521 insignium
3214 1441 3694 1514 miraculorum,
3740 1463 3895 1522 quiae
3940 1442 4017 1503 ad

2456 1538 2968 1602 manifestandam
3002 1537 3094 1598 sui
3121 1539 3409 1622 Martyris
3432 1540 3692 1622 gloriam
3715 1562 3746 1602 a
3770 1548 3901 1603 Deo
3923 1561 4025 1621 pa-

2457 1644 2611 1699 trata
2643 1635 2927 1706 fuerant,
2957 1635 3148 1717 louge
3179 1637 3430 1719 lateque
3472 1650 3691 1720 vagata
3712 1683 3730 1705 .,
3772 1658 4018 1717 summo

2455 1735 2854 1816 postmodum
2889 1734 3008 1797 fuit
3040 1734 3428 1817 Principibus
3461 1735 3840 1818 populisque
3873 1737 4021 1798 inri-

2456 1841 2755 1906 tamento,
2789 1840 2858 1896 ut
2887 1835 3037 1896 tanti
3068 1833 3360 1917 Martyris
3387 1833 3735 1914 patrocinio
3763 1854 3833 1898 se
3864 1835 4022 1895 mul-

2455 1935 2533 1996 tis
2557 1933 2852 2013 precibus
2871 1933 3404 1996 commendarent.
3422 1932 3719 2005 Quoniam
3742 1928 3888 1996 vero
3910 1953 4022 1996 eos

2457 2031 2621 2093 inter
2649 2030 2985 2113 operarios
3009 2070 3027 2101 ,
3060 2031 3166 2111 qui
3198 2030 3616 2094 excolendam
3631 2031 3873 2103 -yinearn
3908 2037 4023 2093 Po·

2458 2129 2604 2189 mini
2647 2128 2823 2211 jussu
2878 2134 3094 2191 Sacrae
3125 2127 3641 2210 congregationis
3683 2127 3760 2199 'de
3794 2114 4022 2211 P'ropa·

2455 2227 2654 2309 ganda
2687 2226 2832 2288 Fide
2865 2235 3302 2306 susceperant,
3349 2226 3586 2306 primus
3618 2216 4031 2293 Fidelistue?

2455 2332 2590 2394 rat,
2623 2323 2726 2404 qui
2764 2343 2900 2384 cam
2951 2322 3198 2405 proprio
3229 2323 3522 2404 sanguine
3551 2323 3911 2406 irrigaverat
3955 2331 4021 2388 et

2454 2420 2974 2495 foecundas-erm
3007 2420 3161 2482 Hinc
3191 2426 3256 2481 ut
3286 2421 3473 2484 etiam
3517 2420 3599 2482 de
3639 2420 3846 2502 =scipsa
3892 2429 4018 2484 tam

2457 2516 2847 2581 benemerito
2889 2518 3332 2603 protomartyri
3365 2538 3482 2582 suo
3510 2517 3780 2600 majores
3804 2563 3824 2586 ,
3869 2524 4022 2598 quas

2456 2616 2519 2676 in
2569 2616 2755 2681 terris
2803 2623 3082 2696 poterat,
3134 2616 3291 2699 grati
3345 2616 3530 2697 animi
3577 2617 3746 2679 vices
3798 2616 4017 2679 eadem

2456 2716 2864 2795 congregatio
2886 2714 3281 2793 rependeret,
3314 2713 3599 2796 ejusdem
3635 2733 3820 2793 opera
3853 2715 4021 2779 subi-

2456 2816 2520 2871 to
2572 2807 2804 2872 sactum
2852 2818 2989 2880 est,
3033 2820 3104 2872 ut
3154 2810 3234 2872 de
3284 2831 3361 2873 eo
3404 2811 3569 2872 inter
3615 2808 4022 2888 gloriosiores

2458 2904 2679 2967 Christi
2721 2911 3021 2990 Martyres
3064 2906 3445 2971 recensendo
3489 2914 3794 2987 ageretur.
3835 2906 4021 2979 Quod

2459 3014 2525 3067 ut
2556 3003 2742 3066 citius
2771 3004 3194 3074 obtineretur,
3226 3006 3370 3068 dato
3395 3004 3476 3065 ‘ad
3510 3003 3821 3066 Urbanum
3856 3010 4017 3067 VIII.

2463 3100 2815 3165 t‘ontssficem
2840 3101 3174 3178 Maximum
3221 3101 3487 3185 supplici
3532 3100 3794 3172 libello,
3841 3108 4022 3166 Sacra

2459 3201 2677 3261 eadem
2714 3200 3122 3281 congregatio
3150 3191 3499 3281 impetrarit
3520 3243 3539 3269 ,
3572 3208 3639 3261 ut
3668 3201 3919 3263 omissis
3950 3199 4024 3263 iis

2465 3298 2902 3366 processibus,
2957 3297 3060 3379 qui
3109 3299 3485 3390 auctoritate
3530 3297 3839 3360 onvnaria
3888 3295 4021 3357 tisri

2461 3406 2918 3459 consueverunt
2942 3440 2962 3469 ,
2996 3394 3344 3478 Apostolici¹
3366 3405 3599 3488 tantum
3643 3394 4021 3459 conticeren-

786 3496 928 3557 dam
962 3514 1041 3556 ex
1073 3490 1177 3555 illa
1210 3491 1580 3554 sicariorum
1614 3489 1865 3553 cohorte
1907 3488 2353 3573 gloriabundus
2465 3502 2586 3556 tur.
2631 3523 2652 3545 ι

788 3592 848 3654 in
882 3591 1155 3656 omnium
1185 3596 1369 3652 coetu
1400 3596 1721 3659 narraret,
1755 3586 2026 3650 Fidelem
2059 3608 2350 3670 praeseu-

790 3691 1067 3751 tissimae
1091 3684 1304 3748 mortis
1331 3690 1586 3765 aspectu
1609 3702 1720 3746 nec
1746 3686 2051 3758 territum,
2082 3705 2198 3751 nrc
2221 3709 2354 3770 per·

2601 3622 2623 3646 ο
2658 3590 2705 3653 Ii
2735 3594 3108 3673 vero-probe
3143 3593 3388 3675 riteque
3419 3590 3686 3655 consecti
3718 3587 3862 3689 cuin=
3882 3588 4030 3657 fuis-

2466 3697 2600 3751 sent
2624 3734 2643 3761 ,
2675 3698 2739 3753 et
2769 3692 2845 3754 ad
2876 3693 3106 3755 Urbem
3136 3691 3351 3761 delati,
3382 3711 3651 3769 cumque
3682 3689 3755 3751 ad
3789 3687 4030 3769 rigidis·

791 3787 1150 3855 turbatum,
1200 3783 1325 3845 imo
1366 3781 1541 3842 hilari
1584 3782 1876 3864 laetoque
1917 3784 2087 3848 vultu
2137 3786 2196 3845 in
2239 3809 2354 3849 suo
2467 3788 2689 3848 simum
2716 3809 2977 3851 examen
2998 3788 3079 3851 de
3098 3808 3276 3851 more
3298 3796 3581 3850 revocata
3606 3785 3867 3849 fuissent
3885 3804 4029 3848 cum

794 3902 1053 3963 corpore
1084 3879 1336 3960 vulnera
1369 3877 1688 3959 quaelibet
1721 3882 2049 3962 excepisse
2074 3927 2091 3948 .
2124 3889 2352 3948 Haere-

796 3978 957 4039 ticus
986 3997 1214 4059 praeco
1234 3983 1409 4038 tanta
1437 3983 1787 4040 commotus
1816 3979 2005 4041 animi
2048 3978 2355 4046 fortitudi-

2470 3885 2825 3969 martyrium
2851 3869 2915 3949 ct
2942 3905 3126 3949 causa
3161 3884 3461 3968 martyrii,
3483 3892 3612 3945 tum
3646 3883 3817 3966 signa
3841 3892 4030 3964 atque

2473 3983 2767 4044 miracula
2794 4027 2813 4051 .,
2860 4003 3018 4065 quae
3062 3984 3266 4062 ipsum
3311 3981 3558 4072 fuerant
3609 3989 4034 4062 consequuta,

793 4095 873 4138 ne
897 4117 917 4146 ,
948 4073 1188 4157 ejurata
1217 4071 1388 4135 illico
1417 4072 1684 4146 haeresi,
1716 4073 2065 4140 catholicus
2096 4079 2358 4144 effectus
2470 4079 2720 4142 demum
2745 4079 2806 4140 in
2829 4079 3105 4160 generali
3141 4079 3386 4141 Rituum
3410 4079 3907 4161 congregatione
3936 4096 4041 4139 co·

797 4181 915 4236 esi.
959 4201 981 4225 ο

2474 4197 2598 4240 ram
2617 4177 2959 4241 Benedicto
2985 4184 3144 4239 xm.
3174 4174 3473 4239 Pontifice
3493 4173 3746 4256 Optimo
3767 4172 4042 4236 Maximo

931 4299 952 4323 ι
992 4275 1238 4334 Sacrum
1270 4270 1561 4354 Martyris
1587 4292 1811 4353 corpus
1841 4294 2033 4356 prope
2063 4277 2355 4339 eumdem
2470 4274 2681 4339 habita
2725 4276 2827 4337 die
2857 4276 3151 4359 vigesima
3196 4282 3414 4355 quarta
3443 4271 3678 4337 Mensis
3726 4270 4044 4334 Februarii

803 4366 1006 4431 locum
1034 4409 1055 4439 ,
1086 4367 1192 4428 ubi
1224 4365 1421 4428 fuerat
1454 4367 1892 4452 interemptus,
1924 4372 2127 4453 primo
2158 4373 2362 4454 sepul·

804 4478 932 4534 tum
955 4507 974 4537 ,
1007 4464 1081 4527 ad
1113 4462 1453 4528 Bcclcsiam
1488 4465 1709 4534 deinde
1743 4470 2099 4534 curiensem
2133 4473 2210 4533 ab
2242 4481 2362 4536 Au-

805 4564 1031 4626 striaco
1083 4562 1361 4626 exercitu
1416 4565 1774 4645 triumphali
1819 4587 2037 4650 pompa
2083 4569 2358 4632 delatum

804 4669 899 4726 est
930 4659 1033 4723 die
1062 4661 1270 4741 quinta
1292 4663 1662 4727 Novembris
1692 4663 2161 4747 ejusdemanni,
2184 4668 2366 4732 Clero

808 4760 1093 4824 universo
1126 4758 1483 4840 I’opuloquc
1514 4763 1813 4827 euntibus
1857 4765 2100 4830 obviam
2127 4808 2145 4834 ,
2182 4765 2366 4828 illud·

806 4876 927 4939 que
972 4877 1044 4920 ea
1086 4854 1309 4939 insigni
1355 4859 1752 4923 veneratione
1805 4863 2366 4942 prosequentibus,

807 4971 968 5040 quae
997 4958 1169 5017 tanto
1197 4952 1423 5016 Christi
1457 4959 1711 5041 Martyri
1744 4958 2114 5023 debebatur.
2159 4990 2183 5014 .

2474 4372 2621 4435 anni·
2642 4371 2959 4435 millesimi
2986 4370 3522 4454 septingentesimi
3545 4369 3688 4432 noui
3708 4369 4037 4431 decretum

2473 4479 2608 4532 est:
2650 4476 2944 4532 Constare
2971 4516 2990 4544 ,
3034 4470 3199 4552 'quod
3235 4470 3294 4530 in
3325 4469 3533 4532 odium
3570 4464 3916 4530 catholicae
3949 4463 4045 4526 Fi·

2475 4567 2572 4628 dei
2602 4567 3015 4647 iuteremptus
3046 4587 3190 4629 vere
3223 4566 3452 4630 Fidelis
3481 4564 3716 4638 fuerit3
3746 4571 4044 4644 quatuor-

2477 4684 2598 4744 que
2625 4684 2705 4726 ex
2735 4665 3019 4744 pluribus
3046 4667 3382 4746 adprobata
3407 4660 3724 4744 miracula.
3757 4660 4034 4722 Primum

2480 4770 2598 4833 est,
2627 4762 2794 4843 quod
2825 4773 3041 4826 exorto
3074 4764 3133 4823 in
3164 4783 3308 4826 arce
3336 4757 3810 4844 Majcnt‘eldensi
3844 4756 4039 4842 max'i-

2477 4881 2581 4922 mo
2627 4860 2958 4934 incendio,
3004 4869 3144 4943 post
3187 4851 3528 4924 invocatam
3575 4855 3806 4920 Fidelis
3847 4867 4088 4944 opaga

2481 4957 2685 5023 statim
2719 4957 3059 5022 extinctum
3106 4963 3222 5020 est.
3255 4955 3641 5025 Secundum,
3687 4950 3853 5032 quod
3896 4970 4044 5014 cum
4081 4965 4086 4972 '

945 5080 966 5104 ι
1000 5050 1490 5126 Haeretici-vero
1521 5053 1874 5118 diuturnam
1906 5075 1985 5118 ex
2016 5065 2187 5120 tanto
2229 5055 2371 5120 faci-
2484 5063 2667 5120 Soror
2683 5056 2950 5119 Caecilia
2968 5054 3386 5136 Muusingerin
3404 5047 3900 5114 Sanctimonialis
3930 5054 4047 5112 Or-

813 5168 965 5213 nore
1003 5147 1386 5230 voluptatem
1430 5169 1652 5229 capere
1698 5150 1951 5216 minime
1996 5163 2373 5235 putuerun13

2487 5155 2649 5220 diuis
2680 5153 3116 5218 Cisterc'eusis
3158 5151 3497 5214 mamillam
3546 5149 3869 5216 dexteram
3902 5145 4045 5210 bor-

817 5250 965 5310 Cum
1000 5245 1165 5308 enim
1191 5267 1224 5309 a
1246 5244 1558 5326 I.eopold0
1590 5256 1734 5310 tunc
1765 5251 2062 5331 temporis
2080 5238 2377 5316 {tustriae
2490 5253 2648 5316 ribili
2702 5254 2972 5335 quodam
3022 5249 3205 5316 modo
3252 5248 3695 5310 inflammatam
3742 5241 4002 5306 haberet
4024 5287 4046 5316 ,

816 5342 1158 5405 Archiduce
1202 5362 1313 5420 per
1356 5362 1670 5405 summum
1717 5344 1891 5409 nefas
1950 5348 2332 5422 defecisscut
2356 5385 2406 5422 ,-
2489 5348 2862 5430 doloresque
2919 5346 3362 5411 acerbissimos
3414 5345 3775 5426 pateretur,
3829 5349 4052 5404 vocato

819 5437 1231 5521 collectisque
1264 5438 1463 5524 copiis
1491 5439 1787 5506 adversus
1818 5446 2175 5509 Austriaws
2206 5465 2376 5509 arma
2494 5446 2722 5510 Fidelis
2754 5444 2982 5509 auxilio
3002 5486 3019 5516 ,
3068 5442 3278 5507 statim
3311 5449 3522 5506 tumor
3552 5433 3755 5500 omnis
3778 5475 3798 5506 ,
3844 5436 4050 5499 omnis
