4442 6300
995 477 1103 533 ³⁷8

811 622 1172 699 superiores
1216 624 1471 690 maximi
1518 626 1700 690 Tboli
1748 628 1915 709 pilae
1945 629 2368 712 obliquantur

809 723 1104 783 Austrum
1136 740 1357 787 versus
1399 732 1466 788 et
1512 725 1929 807 Aquilonem,
1977 727 2060 791 ita
2113 731 2372 812 incipie-

809 813 952 881 bam
980 859 999 886 ‚
1032 824 1098 884 ut
1131 820 1467 901 utrobique
1499 823 1768 904 primum
1805 822 2030 888 directi
2057 869 2079 898 ,
2113 849 2255 892 mox
2290 829 2365 891 si·

807 914 1023 986 anesi,
1046 915 1108 981 iu
1137 917 1351 983 medio
1381 919 1628 983 demum
1660 943 1697 986 e
1731 923 1981 1005 regione
2012 929 2172 987 Arae
2207 927 2370 1007 prin·

806 1010 962 1091 cipis
992 1016 1054 1079 in
1095 1016 1298 1081 ovalis
1339 1017 1676 1103 hemicycli
1725 1019 1981 1103 liguram
2029 1024 2366 1105 dispositi,

807 1118 1056 1175 rentum
1091 1115 1404 1198 octoginta
1439 1126 1686 1199 septem
1719 1118 2066 1200 palmorum
2100 1108 2368 1204 longitu-

805 1208 1020 1273 dinem
1076 1223 1483 1296 occuparent.
1535 1223 1662 1280 Hos
1704 1237 1908 1305 aeque
1949 1239 2018 1281 ac
2059 1220 2363 1303 inte-gram

802 1306 1053 1372 Tbeatri
1073 1331 1326 1376 caveam
1349 1314 1694 1398 stragulum
1719 1315 1964 1379 laneum
1985 1317 2198 1381 colore
2219 1319 2363 1381 viri·

800 1403 862 1467 di
890 1407 1261 1481 obtexerat,
1295 1430 1414 1475 auen
1448 1413 1524 1476 ad
1555 1424 1836 1479 ornatum
1871 1422 2132 1485 tantum,
2165 1419 2273 1479 sed
2299 1424 2364 1481 ut

800 1501 1131 1569 decennius
1144 1510 1570 1590 supragradus
1586 1511 1669 1573 ita
1686 1511 2063 1594 compositos
2084 1512 2164 1577 de
2189 1533 2363 1578 more

799 1599 1145 1665 assiderent
1169 1614 1554 1686 eotempore
1579 1608 2029 1689 Suffragatores
2059 1610 2121 1669 in
2149 1611 2360 1691 Signa·

800 1703 936 1761 tura
968 1698 1306 1771 lustitiae,
1341 1703 1843 1768 abbreviatos-vs
1867 1748 1889 1777 ,
1933 1705 2359 1770 ttel'erendarii

795 1792 1162 1877 signatum
1193 1797 1547 1881 utriusque,
1583 1801 1968 1866 Cubicularii
2000 1812 2125 1864 tam
2161 1803 2362 1866 intimi

795 1911 982 1969 quant
1044 1892 1410 1966 honorarii,
1471 1897 1766 1962 Advocati
1816 1900 2307 1965 Consistoriales
2339 1944 2361 1974 ‚

775 1982 1155 2072 'Cappellani
1189 1993 1575 2060 sanctissimi
1602 1995 1835 2069 Patris,
1865 2005 1990 2061 tam
2019 1998 2126 2079 qui
2158 1999 2239 2061 ab
2270 1998 2364 2061 in-

799 2087 953 2152 timo
980 2088 1223 2155 sacello
1253 2101 1395 2157 sunt
1418 2135 1440 2166 ,
1470 2113 1656 2176 quam
1690 2094 1797 2178 qui
1840 2114 2209 2161 communes
2252 2118 2357 2162 vo·

795 2195 1035 2251 santur.

923 2289 1019 2350 Ex
1037 2282 1259 2352 eadem
1282 2276 1482 2353 Areae
1504 2287 1762 2369 planitie
1792 2309 1987 2373 prope
2017 2290 2359 2357 veronicae

793 2379 1327 2463 loculamentum,
1358 2386 1589 2468 triplici
1623 2389 1814 2471 gradu
1848 2389 2058 2452 ibatur
2085 2389 2147 2450 in
2181 2392 2360 2453 tabu-

793 2477 990 2543 latum
1034 2481 1288 2564 palmos
1319 2485 1651 2553 duodecim
1698 2485 2006 2570 tongum,
2051 2487 2355 2560 tredecim

793 2576 986 2641 latum
1005 2623 1026 2650 ,
1058 2601 1242 2662 supra
1274 2584 1442 2664 quod
1471 2591 1772 2648 consueta
1802 2584 2116 2649 eminebat
2146 2588 2358 2651 Ponti·

791 2674 930 2741 ficis
949 2678 1254 2744 cathedra
1276 2678 1564 2769 stragulo
1573 2691 1869 2764 cooperta
1899 2683 2109 2748 scrico
2140 2685 2356 2767 ruer

785 2782 854 2838 et
882 2774 1146 2841 floribus
1185 2780 1398 2841 aureis
1435 2798 1799 2892 consperso.
1845 2780 2147 2845 Dorsuate
2190 2780 2357 2864 ejus-

787 2871 936 2936 dem
970 2854 1284 2945 fulcrum,
1328 2873 1530 2940 forma
1576 2877 1753 2958 quasi
1803 2877 2170 2977 triangula,
2219 2880 2355 2969 pari

789 2969 941 3041 item
974 2972 1267 3035 vestitum
1301 2980 1521 3047 texto,
1551 2975 1628 3037 ad
1659 2962 1904 3055 palmos
1932 2975 2237 3040 tredecim
2268 2978 2357 3043 ita

789 3068 1084 3151 utrinque
1109 3071 1651 3152 protendebatur,
1681 3072 1769 3135 uti
1801 3073 2100 3156 posticam
2135 3075 2355 3141 Cathe-

787 3165 941 3230 drae
970 3178 1215 3249 partem
1262 3170 1534 3244 muniret
1579 3171 1818 3253 pariter
1859 3181 1923 3237 et
1965 3182 2236 3240 ornaret.
2283 3175 2352 3242 td

787 3271 923 3327 erat
940 3285 1200 3345 parvum
1231 3267 1555 3332 Pontificis
1583 3270 1849 3341 Solium,
1880 3291 1962 3336 ex
1990 3293 2117 3353 quo
2145 3293 2353 3336 sacras
2388 3297 2399 3316 ¹

792 3362 963 3424 idem
992 3374 1203 3430 vestes
1246 3366 1324 3429 ad
1369 3362 1751 3431 sacrificium
1801 3370 2158 3450 acciperet;
2200 3370 2349 3434 dum
2458 3423 2465 3430 .

787 3466 1007 3523 cantus
1034 3467 1238 3524 Horae
1276 3462 1499 3527 tertiae
1531 3464 1880 3527 canonicae
1913 3465 1994 3529 de
2030 3485 2205 3530 more
2248 3469 2354 3531 ab·

791 3555 1168 3622 solveretur.
1199 3563 1392 3623 Extra
1422 3559 1573 3622 Solii
1622 3560 1888 3644 gradus,
1932 3583 2092 3643 quos
2135 3563 2355 3628 laneus

786 3661 1001 3720 textus
1029 3657 1267 3722 rubeus
1302 3656 1604 3739 tegebat,
1634 3677 1847 3722 mensa
1881 3657 2085 3722 fuerat
2125 3660 2355 3728 instru-

787 3762 890 3818 cta
946 3772 1057 3834 pro
1104 3762 1347 3835 septem
1398 3752 1795 3817 candelabris
1854 3754 2157 3820 inauratis
2211 3777 2352 3820 cum

789 3849 1074 3914 candelis
1103 3851 1354 3916 arabice
1381 3852 1606 3931 pictis,
1637 3859 1779 3916 ante
1810 3856 2072 3918 Crucem
2100 3854 2177 3918 ad
2209 3874 2353 3936 sup-

789 3948 1162 4030 plicationes
1203 3958 1270 4011 et
1301 3957 1448 4013 aute
1478 3947 1871 4012 cardinalem
1906 3949 2249 4014 Diaconum
2274 3951 2355 4015 ad

791 4044 1116 4130 Evangelii
1171 4053 1424 4112 cantum
1479 4045 1846 4110 deserendis
1870 4089 1885 4106 .
1943 4053 2008 4110 tn
2067 4050 2353 4132 opposita

789 4163 945 4208 vero
978 4143 1174 4232 ipsius
1203 4149 1403 4209 Areae
1431 4152 1610 4225 parte
1640 4163 1835 4227 prope
1879 4153 2127 4209 sanctae
2168 4146 2356 4210 Hele-

790 4259 911 4305 nae
940 4239 1429 4310 loculamentum
1457 4285 1479 4314 ,
1510 4241 1787 4323 quinque
1830 4251 2012 4307 erant
2057 4264 2355 4315 mensae,

789 4339 1106 4422 inquibus
1123 4338 1389 4424 singulis
1420 4339 1710 4423 singulae
1739 4348 2203 4422 apponerentur
2230 4341 2353 4406 Ob-

787 4434 1061 4502 lationes
1089 4457 1210 4522 pro
1241 4457 1622 4519 unoquoque
1652 4441 1902 4506 Sancto,
1933 4434 2218 4500 Pontifici
2250 4457 2355 4500 ex-

788 4531 1121 4598 hibendae.
1151 4535 1397 4598 caeteri
1441 4533 1635 4598 Abaci
1680 4532 1761 4600 ad
1804 4552 1978 4598 sacra
2020 4531 2357 4598 Ministerii

789 4651 979 4708 vasa,
1024 4651 1187 4713 quae
1233 4651 1376 4698 cum
1426 4652 1712 4696 summus
1753 4631 2033 4698 Antistes
2075 4631 2359 4697 celebra·

791 4735 970 4792 turus
998 4736 1122 4801 est,
1149 4747 1186 4791 e
1219 4727 1570 4810 pontificali
1596 4749 1749 4813 gaza
1778 4729 1854 4793 ad
1886 4727 2220 4794 lautiorem
2252 4749 2355 4809 ap-

790 4836 1078 4910 paratum
1111 4825 1324 4890 solent
1349 4825 1678 4907 depromi,
1723 4825 1888 4894 inter
1927 4831 2112 4891 Aram
2161 4823 2356 4889 maxi·

787 4941 953 4985 mam
983 4928 1049 4985 et
1077 4922 1273 5005 ipsam
1304 4921 1557 4987 Tbeatri
1599 4941 1851 4990 caveam
1897 4921 2180 5005 dispositi
2221 4919 2352 4985 fue-

787 5028 945 5084 rant.

906 5120 1045 5180 Noa
1089 5114 1275 5198 longe
1312 5134 1349 5177 a
1406 5113 1697 5198 gradibus
1747 5111 2156 5197 parvisolii,
2203 5120 2269 5180 et
2313 5133 2346 5175 a

1981 488 2184 541 affra
2224 487 2878 545 ‹zanuntzxrtoms
2912 554 2930 568 ,

2481 633 2732 698 Tbeatri
2790 643 3032 716 partem
3091 637 3640 719 protendebantur.
3700 642 3793 707 Ad
3839 641 4042 717 baec,

2483 750 2644 813 quae
2678 730 3071 818 Babylonicis
3115 735 3367 807 Antaeis
3396 735 3648 803 fueraut
3695 739 4040 814 insti-atae,

2481 846 2596 909 per
2624 828 2940 912 duplicem
2975 833 3230 914 gradum
3261 841 3757 911 «transcensus,
3793 839 3853 900 in
3891 860 4044 921 quo·

2482 945 2618 988 rum
2662 925 2866 995 altaro
2895 928 2955 990 C-
2959 927 3240 995 nudatarii
3271 933 3642 997 eorumdem
3678 937 4046 1001 Eminentis·

2482 1021 2787 1086 simorum
2854 1031 3099 1087 Patrum
3164 1033 3340 1087 erant
3389 1030 3779 1099 consessuri.
3836 1033 4041 1097 Primo

2479 1118 2625 1185 huic
2664 1121 3104 1185 subselliorum
3135 1122 3339 1187 ordini
3368 1122 3531 1188 alter
3559 1133 3623 1190 et
3657 1129 3877 1192 tertius
3904 1151 4040 1195 suc-

2479 1218 2745 1282 cedebat
2773 1217 2993 1283 exulem
3037 1229 3299 1284 cuneata
3318 1220 3568 1299 forma,
3616 1223 3783 1288 alius
3831 1236 4043 1290 tamen

2478 1314 2601 1378 alio
2645 1313 2871 1387 altior,
2916 1325 2976 1379 ut
3026 1325 3391 1399 prospectus
3431 1319 3495 1380 in
3539 1323 3906 1405 synedrium
3940 1344 4042 1404 pa-

2479 1417 2641 1476 teret
2669 1414 3212 1501 omnibus.,sedes
3241 1415 3391 1490 bae,
3434 1438 3595 1499 quae
3640 1419 4042 1500 sequioribus

2475 1529 2597 1573 non
2640 1518 2852 1574 tamen
2908 1511 3373 1593 inelegantibus
3432 1514 3730 1583 instratae
3790 1515 4039 1583 fuerant

2480 1605 2945 1688 peristromatis
2971 1651 2993 1682 ,
3034 1610 3409 1673 tenebantur
3456 1612 3861 1677 dextrorsum
3910 1614 4045 1696 qui·

2473 1704 2616 1768 dem
2647 1725 2681 1768 a
2714 1704 3107 1769 praesulibu-
3142 1726 3262 1770 non
3296 1707 3774 1780 Assistentibus,
3802 1713 3883 1775 ab
3920 1714 4042 1776 ab·

2473 1802 2727 1867 batibus
2756 1810 2821 1867 et
2848 1803 3353 1869 Poeuiteutiariis
3382 1808 3571 1871 rubra
3598 1806 3814 1873 casula
3865 1798 4041 1870 indu-
4076 1800 4083 1807 ’

2473 1898 2593 1974 tia3
2635 1900 3057 1964 sinistrorsum
3096 1892 3252 1967 'vero
3292 1921 3329 1966 a
3374 1903 3803 1969 Gubernatore
3852 1905 4032 1971 Urbis

2474 1996 3011 2061 vice-Camerario
3038 2040 3060 2070 ,
3114 1999 3195 2061 ab
3254 2000 3559 2063 Auditore
3628 2001 3914 2065 Generali
3976 2011 4043 2067 et

2470 2093 2877 2161 'thesaurario
2908 2094 3306 2185 ‘gp-ostolicae
3337 2101 3635 2161 Gamerae
3658 2141 3679 2171 ‚
3732 2120 3767 2163 a
3820 2107 4035 2165 Proto·

2471 2192 2728 2257 notariis
2757 2202 2884 2257 tam
2920 2194 3462 2276 Participantibus,
3493 2216 3678 2277 quam
3713 2217 3897 2276 supra
3928 2217 4035 2263 nu·

2472 2310 2714 2354 merum
2734 2333 2754 2363 ‚
2784 2292 3141 2373 ceterisque
3170 2290 3311 2356 aliis
3330 2336 3351 2363 ,
3380 2314 3539 2374 quos
3566 2293 3892 2359 Pontificia
3924 2317 4030 2378 po·

2470 2398 2662 2452 testas
2683 2396 2746 2451 et
2779 2387 3262 2465 litteralitasjiac
3283 2390 3715 2473 praerogativa
3738 2394 4034 2477 insignire

2470 2484 2711 2557 voluit,
2743 2493 2812 2548 ut
2859 2485 2919 2545 in
2971 2486 3195 2549 eodem
3254 2488 3605 2552 assiderent
3654 2509 3959 2563 scamno,
4001 2513 4038 2555 a

2471 2566 2925 2666 Religiosorum
2985 2582 3136 2646 item
3185 2585 3669 2661 Mendicantium
3724 2587 4027 2653 ordinum

2468 2681 2771 2757 Ministris
2801 2688 2868 2744 et
2898 2681 3416 2751 procuratoribus
3447 2683 3883 2749 Generalibus.
3912 2687 4030 2753 His

2467 2778 2817 2858 proximum
2850 2787 3220 2842 consuetum
3250 2770 3365 2860 'pro
3408 2783 3723 2846 Bononiae
3769 2789 4033 2851 Oratore

2468 2894 2789 2939 scamnum
2822 2874 3027 2940 fuerat
3057 2876 3433 2957 appositum.
3477 2885 3597 2943 Pro
3639 2883 4025 2971 consultori·

2470 2974 2587 3037 bus
2631 2982 2841 3038 autem
2872 2979 3199 3037 Sacrorum
3247 2976 3542 3049 nimum,
3590 2978 4037 3058 quibus-inte·
4087 2984 4092 2988 ’

2468 3089 2644 3137 resse
2689 3066 3050 3154 hujusmodi
3084 3070 3454 3137 Actionibus
3484 3077 3891 3152 conceditur,
3922 3077 4031 3142 bu-

2466 3167 2750 3234 miliores
2779 3190 2816 3233 a
2839 3179 3017 3251 tergo
3048 3168 3223 3251 parvi
3251 3171 3446 3244 Solii,
3477 3181 3542 3236 et
3573 3184 3716 3256 post
3747 3176 4030 3244 Oblatio-

2467 3284 2614 3329 num
2649 3286 2899 3330 mensas
2928 3263 3177 3329 fuerant
3205 3267 3390 3331 sedes
3419 3279 3687 3349 paratae.

2589 3370 2738 3428 Post
2789 3383 3049 3427 vacuum
3102 3382 3139 3425 a
3187 3361 3394 3429 fronte
3439 3366 3788 3432 Tbeatralis
3845 3390 4032 3434 areae

2463 3459 2745 3543 quinque
2790 3471 2855 3524 et
2901 3460 3117 3544 viginti
3170 3460 3521 3541 palmorum
3575 3462 4028 3541 interstitium,

2465 3557 2706 3638 septeni
2734 3560 3154 3641 assurgebant
3184 3559 3413 3639 gradus
3442 3558 3672 3643 singuli
3704 3564 4027 3626 unciarum

2466 3663 2707 3737 septem
2734 3697 2756 3728 ‚
2790 3654 3012 3717 minori
3041 3654 3435 3737 longitudine
3464 3675 3545 3719 ex
3577 3656 3842 3721 adverso
3872 3667 4032 3724 Arae

2468 3749 2803 3834 principis,
2837 3749 3264 3831 productiores
3296 3769 3443 3813 vero
3475 3772 3597 3834 qua
3628 3752 3705 3816 ad
3740 3755 4027 3820 cardina·

2466 3847 2620 3910 lium
2671 3867 3033 3912 consessum
3088 3846 3377 3928 utrinque
3421 3852 3784 3931 vergebant.
3837 3859 4029 3935 Supra

2466 3945 2622 4017 bos,
2666 3946 2774 4027 qui
2812 3944 3056 4026 palmos
3112 3943 3392 4026 quinque
3443 3954 3507 4009 et
3550 3946 3765 4010 uncias
3807 3949 4024 4020 decent

2462 4044 2814 4110 altitudinis
2843 4044 3235 4123 aequabant,
3266 4063 3562 4124 suprema
3592 4045 4030 4129 porrigebatur

2467 4142 2716 4206 maximi
2749 4140 2975 4205 'throni
2998 4139 3291 4220 planities
3314 4139 3646 4206 latitudine
3679 4143 4028 4232 palmorum

2466 4238 2825 4310 sexdecim,
2857 4237 3240 4322 longitudine
3272 4258 3382 4301 sex
3413 4236 3613 4303 ferme
3644 4241 4029 4354 supravigin-

2465 4338 2558 4408 ti,
2589 4356 2775 4419 quam
2807 4355 2925 4397 una
2955 4356 3097 4400 cum
3137 4333 3438 4420 gradibus
3479 4335 3729 4400 laneum
3782 4341 4028 4423 peripe-

2469 4442 2667 4497 tasma
2715 4434 2895 4496 rubei
2946 4435 3178 4500 coloris
3222 4421 3498 4516 undique
3550 4446 3903 4522 operuerat.
3950 4444 4025 4502 ln

2469 4529 2566 4593 bis
2598 4529 2837 4595 sessuri
2870 4538 3041 4593 erant
3076 4538 3298 4598 Sacrae
3326 4537 3524 4595 Rotae
3555 4527 3897 4620 Auditores
3914 4551 4034 4608 upa

2467 4649 2610 4714 cum
2643 4628 2806 4691 Sacri
2841 4626 3053 4690 Palatii
3090 4625 3435 4709 Apostolici
3464 4627 3783 4710 Ἂοςίείιο,
3813 4639 3878 4692 et
3898 4628 4035 4693 Cle·

2450 4723 2579 4830 «rici
2607 4730 2933 4788 Gamerae.
2973 4729 3101 4786 Duo
3133 4731 3462 4804 praeterea
3492 4723 3554 4785 in
3601 4725 3715 4788 bac
3766 4724 4031 4808 planitie

2464 4811 2690 4928 gradus
2731 4830 2908 4887 erant
2932 4819 3295 4885 holoserico
3326 4815 3557 4886 villoso
3592 4823 3781 4886 rubro
3813 4833 4029 4892 ronte-

2464 4920 2592 4993 cti,
2623 4939 2783 5003 quae
2814 4920 2890 4982 ad
2918 4917 3307 4983 Pontificiam
3338 4918 3709 4983 Catbedram
3755 4921 4018 5001 praebe·

2464 5027 2602 5082 rent
2630 5017 2891 5082 aditum.
2926 5017 3255 5079 Eminebat
3298 5015 3449 5079 baec
3483 5026 3795 5098 tamquam
3828 5020 4028 5083 totius

2465 5113 2754 5196 corporis
2785 5122 3009 5192 caput,
3042 5110 3285 5194 palmos
3326 5110 3531 5177 ferme
3576 5113 3911 5176 duodecim
3960 5114 4026 5177 in

781 5214 1061 5300 quinque
1091 5212 1486 5278 oblationum
1517 5212 1750 5276 mensis
1777 5227 2026 5282 scamna
2056 5212 2350 5292 utrinque
2460 5231 2699 5275 summa
2746 5211 3091 5292 eademque
3125 5210 3327 5275 media
3369 5210 3620 5280 Theatri
3656 5211 3847 5292 totius
3887 5231 4025 5291 par-

787 5311 1164 5393 incipiebant
1193 5312 1411 5374 ordine
1455 5310 1795 5381 continuo,
1830 5309 1938 5372 ubi
1971 5316 2155 5373 Sacer
2195 5308 2346 5370 assi-

2459 5315 2521 5372 te
2542 5319 2611 5371 ut
2620 5307 2908 5403 prospici
2941 5305 3121 5372 facite
3145 5314 3359 5389 posset
3376 5308 3458 5372 ab
3487 5307 3890 5391 infinitapene
3914 5311 4024 5374 bo·-

797 5410 973 5474 deret
1001 5415 1308 5483 senatus,
1337 5418 1405 5473 et
1433 5406 1499 5470 in
1528 5405 1708 5474 cunei
1739 5405 2001 5472 formam
2032 5405 2111 5471 ad
2163 5406 2344 5468 imam
2464 5405 2696 5468 minum
2744 5402 3256 5482 multitudinem,
3288 5424 3448 5488 quae
3488 5424 3571 5470 eo
3613 5406 4020 5504 confluxerat.
