4442 6300
1527 542 1876 611 Quinque
1917 540 2386 597 saserontm
2431 543 2596 597 mc.

3383 549 3485 599 ¹¹³7

428 684 779 770 mim,
804 682 1057 751 tradere
1086 683 1359 751 valeam!
1391 684 1465 752 Ni
1492 707 1566 753 ea
1596 695 1831 753 tantum
1851 707 1991 769 pro·
2100 692 2278 751 xerat
2299 729 2322 760 ,
2351 685 2648 753 facultate
2675 688 2755 752 ab
2788 687 3106 755 ordinarii
3123 664 3450 754 Praefecto
3477 690 3672 773 impe·

426 779 621 856 fonto,
650 798 811 865 quae
841 783 1227 847 actuosum
1255 783 1753 849 imbecillitatem
1786 782 1995 850 suble·

426 879 712 954 van'dam,
735 902 1020 962 quaeque
1050 881 1125 945 ad
1160 890 1433 946 nostram
1470 890 1601 947 tuto
1630 902 1992 967 comparan-

427 977 579 1041 dam·
598 978 963 1043 felicitatem
994 978 1174 1045 utilia
1205 981 1401 1064 magis
1426 1000 1498 1044 ac
1525 981 1875 1046 necessaria
1905 982 1993 1044 vi-

428 1075 695 1141 dentur!
754 1082 1115 1141 Sanctorum
1175 1079 1342 1141 enim
1396 1078 1685 1163 exempla
1728 1089 1791 1143 et
1849 1077 1998 1143 saci·

2102 792 2307 859 unta,
2354 805 2474 848 una
2521 806 2666 851 curn
2721 785 3126 860 Villam-uio,
3173 788 3326 852 Viro
3381 787 3670 871 ejusdem

2104 882 2360 948 Ordinis
2401 882 2794 957 clarissimo,
2826 884 2886 947 in
2919 884 3323 950 solitudinem
3372 887 3671 961 secessit,

2100 979 2320 1063 ibique
2367 981 2472 1046 alii
2528 990 2660 1045 tum
2711 1004 2791 1047 ex
2837 983 3146 1048 Minos-um
3189 983 3494 1059 Familia,
3533 990 3668 1049 tum

2105 1080 2461 1164 Presbyteri
2495 1079 2813 1145 seculares
2843 1102 2994 1145 suae
3026 1080 3272 1145 virtutis
3314 1080 3480 1146 fama
3518 1081 3673 1147 alle·

425 1192 577 1238 nora
607 1172 887 1257 gloriosa
915 1175 1061 1240 ideo
1086 1168 1278 1241 hobi·
1302 1188 1737 1260 proponuntur
1769 1178 1830 1240 in
1875 1187 1996 1241 ter·
2098 1175 2237 1266 ⁰5ae
2282 1198 2406 1243 una
2454 1198 2595 1242 cum
2649 1178 2805 1261 ipsis
2844 1189 3311 1252 convenerunt,
3341 1187 3405 1244 et
3429 1180 3670 1244 ordine

426 1270 540 1344 ris,
569 1278 637 1333 nt
667 1290 785 1353 per
811 1290 910 1344 ea,
940 1272 1117 1355 quasi
1149 1293 1265 1356 per
1291 1274 1453 1337 viam
1485 1275 1696 1339 tritam
1727 1296 1798 1342 ac
1829 1275 1994 1341 bene
2107 1272 2480 1357 interposita
2535 1272 2741 1339 felicis
2799 1276 3251 1341 recordationis
3304 1276 3552 1342 Martini
3595 1284 3671 1339 V.

427 1374 707 1450 paratam
724 1412 748 1444 ,
776 1389 890 1453 per
911 1369 1173 1435 arduum
1205 1370 1427 1436 salutis
1455 1371 1579 1437 iter
1604 1370 1774 1437 facili
1802 1393 1992 1457 nego-

430 1466 520 1532 tie
549 1466 979 1551 unusquisque
1008 1468 1294 1550 arripere
1318 1514 1338 1541 ‚
1383 1490 1588 1553 eoque
1632 1478 1884 1552 arrepto
1928 1472 1993 1534 iu

425 1566 840 1648 perfectionis
880 1566 1084 1633 stadio
1125 1566 1424 1633 reddatur
1465 1567 1775 1644 alacrior,
1820 1581 1887 1635 et
1928 1570 1993 1634 in

427 1664 737 1729 currendo
761 1707 783 1737 ,
811 1683 935 1727 non
964 1663 1142 1746 quasi
1174 1664 1239 1727 in
1271 1665 1543 1740 incerto,
1588 1667 1699 1730 sed
1744 1671 1997 1733 Sancto-

428 1776 569 1824 runt
598 1760 859 1847 vestigia
906 1762 1204 1827 sectando
1234 1762 1325 1827 sic
1352 1773 1564 1828 currat
1603 1774 1667 1829 ut
1713 1786 1995 1847 compre-

428 1856 712 1924 hendere
743 1859 1075 1924 animetur.
1109 1860 1346 1926 Relatis
1375 1860 1565 1945 igitur
1592 1881 1704 1945 pro
1735 1864 1992 1928 modulo

426 1969 572 2021 tneo
602 1962 1057 2022 SANcTtTA'rt
1085 1964 1404 2025 VESTRAE
1433 1961 1771 2042 gratiarum
1803 1962 1995 2027 actio·

429 2053 662 2127 nibus,
704 2054 854 2117 dem
906 2062 1157 2119 Petrum
1213 2054 1579 2137 Regaldum
1629 2058 1841 2121 Virum
1894 2078 1991 2124 re·

426 2134 643 2224 ctum,
672 2151 1015 2223 humilem,
1043 2151 1449 2234 hospitalem,
1478 2150 1887 2235 prudentem,
1918 2156 1993 2219 li·

428 2248 731 2321 hei-atem,
762 2246 1044 2323 fidelem,
1073 2249 1498 2333 poenitentiae
1529 2253 1989 2335 spectaculum,

423 2340 747 2412 charitatis
776 2347 1221 2430 splendorem,
1253 2350 1602 2416 sanctitatis
1631 2351 1992 2428 oraculum,

426 2443 830 2526 perfectiouis
857 2446 1198 2521 vexillum,
1223 2448 1527 2513 virtutum
1559 2451 1840 2514 omnium
1868 2456 1992 2516 Ma·

426 2541 720 2626 gistrum,
747 2546 1118 2610 auctoritate
1147 2564 1438 2631 suprema
1467 2546 1740 2612 dictante
1768 2570 1994 2632 propo-

424 2640 541 2714 nn,
573 2642 854 2725 totisque
883 2643 1237 2717 conatibus,
1264 2654 1336 2711 ut
1364 2666 1726 2728 sequamur,
1754 2647 1993 2710 indam·

424 2756 604 2802 mare
632 2740 979 2804 contendit.
1000 2747 1159 2803 Dum
1176 2734 1381 2827 'igitur
1406 2743 1572 2808 inter
1595 2743 1856 2810 caelites
1885 2744 1992 2810 ad·

423 2835 743 2909 scribitur,
768 2837 885 2901 boc
907 2859 1096 2902 unum
1114 2859 1228 2920 pro
1251 2860 1390 2905 mea
1415 2844 1718 2907 sententia
1750 2854 1811 2908 et
1840 2851 1988 2909 voto

424 2930 834 3011 vehementer
852 2935 1041 2999 etiam
1061 2945 1249 3018 atque
1273 2937 1466 3003 etiam
1492 2958 1721 3024 regare
1744 2960 1863 3005 non
1887 2942 1991 3013 de-

423 3026 600 3100 sino,
640 3036 715 3092 ut
750 3030 993 3096 imitari
1035 3052 1161 3097 non
1203 3034 1449 3119 pigeat,
1495 3058 1684 3120 quem
1730 3039 1988 3108 laudare

422 3124 737 3193 delectat.

425 3310 1031 3377 FRDINANDUS
1058 3314 1323 3376 ΠΑΒῙΔ
1370 3322 1442 3378 ds
1491 3321 1710 3383 Rubris
1749 3321 1988 3385 Archis-

744 3411 1039 3487 perceptu
1090 3415 1272 3476 ram·
1316 3413 1650 3480 Antium.

549 3585 925 3652 Beatissimo
953 3595 1159 3653 Pater.
1184 3597 1354 3654 Inter
1383 3600 1474 3659 tot
1502 3601 1832 3678 tantasque
1860 3599 1988 3663 vir-

423 3687 639 3756 tutes,
677 3683 911 3764 quibus
953 3690 1023 3749 B.
1060 3691 1289 3756 Petrus
1314 3689 1612 3763 emicuit,
1657 3693 1766 3757 illa
1809 3705 1984 3762 certe

420 3779 806 3848 eminentior
845 3781 1005 3858 tuit,
1048 3784 1477 3854 misericordia
1520 3791 1583 3852 in
1627 3798 1980 3874 pauperes,

423 3895 583 3957 qnos
605 3876 833 3960 (etiam
869 3883 1197 3965 nonnus)
1209 3881 1429 3965 juvare
1453 3901 1574 3949 non
1593 3887 1856 3954 destitit.
1879 3894 1985 3957 vi-

421 3973 609 4038 deant
635 3974 846 4057 itaque
870 3998 1183 4060 pauperes
1222 3986 1288 4045 et
1330 3982 1643 4050 laetentur
1664 4035 1680 4051 .
1710 3989 1982 4056 Videant

420 4071 673 4149 henum
698 4075 913 4139 Virum
937 4119 959 4149 ,
988 4077 1097 4158 qui
1124 4078 1442 4146 intellexit
1483 4103 1670 4166 super
1708 4108 1977 4171 egenum

421 4177 487 4236 et
515 4189 907 4254 pauperum,
948 4174 1015 4237 in
1054 4182 1423 4244 unctu-um
1465 4185 1777 4250 canonem
1825 4185 1985 4253 rela-

421 4277 585 4348 tum)
612 4276 676 4332 et
705 4291 892 4353 qoem
916 4271 1045 4354 iam
1079 4282 1205 4341 tam
1235 4276 1330 4342 eis
1359 4278 1713 4346 beneficum
1740 4286 1984 4366 experti

423 4376 587 4437 sunt.
610 4368 1217 4480 praestantissimum
1245 4374 1563 4443 babeant
1541 4398 1607 4442 ιιι
1642 4380 1847 4447 caelis
1878 4404 1982 4467 pa-

420 4471 705 4530 tronum.

414 4631 793 4698 JOANNES
838 4635 1221 4700 ANDREAS
1283 4640 1427 4702 Tria
1480 4642 1985 4727 Archiept'seopus

804 4821 821 4832 .
947 4736 1090 4812 Tyn·
1131 4734 1463 4800 Annum.

539 4889 795 4958 Petrum
845 4896 1201 4979 Regalatum
1231 4899 1505 4964 animam
1536 4901 1766 4968 bonam
1799 4926 1833 4971 a
1862 4914 1980 4974 Do-

414 4989 583 5054 mino
611 4991 905 5056 sortitum
938 4992 1132 5060 fuisse
1165 4995 1340 5079 plura
1368 4997 1673 5066 babemus
1702 5004 1982 5070 testimo·

412 5086 559 5151 nia.
590 5087 704 5151 nic
733 5087 898 5152 enim
930 5091 1264 5174 pubertate
1294 5095 1569 5160 nondum
1605 5108 1863 5174 exacta,
1907 5109 1977 5166 ut

411 5182 809 5264 perfeetionis
838 5186 963 5251 iter
991 5187 1324 5271 arriperet,
1355 5189 1416 5253 in
1446 5195 1845 5263 Franciscana
1874 5206 1979 5264 Fa·

412 5277 580 5343 mlia
609 5281 772 5348 votis
802 5282 1193 5350 solemnibus
1223 5291 1354 5352 Deo
1387 5309 1453 5352 se
1489 5294 1882 5376 mancipavit,
1913 5306 1978 5361 et

410 5377 624 5442 studio
663 5383 1000 5448 renovandi
1044 5384 1369 5468 antiquum
1414 5387 1659 5453 vivendi
1687 5413 1975 5475 asperum

413 5493 653 5559 genus,
684 5479 850 5561 quod
885 5480 1015 5546 suis
1045 5482 1398 5548 patriarcha
1428 5487 1784 5556 Franciscus
1820 5491 1972 5557 indi-

604 5603 815 5647 ιιιιιιι.
857 5609 970 5650 xiv.
1011 5611 1156 5650 τοι.
1202 5599 1318 5652 Vll.

2103 1371 2474 1438 auctoritate
2501 1373 2890 1449 instaurato,
2932 1374 3235 1456 quidquid
3280 1371 3590 1457 reliquum
3636 1396 3673 1439 a

2105 1468 2474 1535 domesticis
2500 1470 2669 1536 curis
2710 1470 3010 1554 temporis
3052 1481 3226 1545 erat,
3273 1472 3567 1541 idemne
3609 1472 3676 1536 ἱιι

2102 1564 2544 1632 Proximorutn
2609 1567 2875 1633 salutem
2933 1567 3340 1653 impendebat
3360 1612 3383 1641 ‚
3445 1569 3508 1631 in
3561 1590 3678 1634 eos

2102 1666 2471 1746 praesertim
2493 1708 2516 1740 ‚
2545 1666 2652 1747 qui
2679 1664 2778 1731 vel
2815 1666 2880 1729 in
2910 1667 3301 1731 Nosocomiis
3343 1665 3516 1752 gravi
3563 1666 3676 1730 att-

2104 1780 2231 1843 quo
2257 1762 2482 1827 morbo
2525 1760 3011 1835 afflictarentur,
3042 1762 3141 1827 rel
3174 1762 3236 1824 in
3263 1762 3630 1828 carceribus
3651 1806 3674 1837 ,

2100 1856 2205 1920 vel
2239 1858 2302 1920 in
2332 1866 2672 1923 ‘furcarum
2704 1859 2973 1924 vinculis
3020 1860 3227 1924 inedia
3270 1870 3336 1924 et
3380 1860 3672 1942 squalore

2103 1953 2583 2030 conficerentur,
2600 1964 2664 2020 et
2698 1958 3059 2023 misericors
3089 1965 3254 2022 Deus
3286 1955 3451 2021 Petri
3477 1965 3675 2043 Rega-

2099 2048 2212 2115 lati
2254 2054 2652 2118 sanctitatem
2694 2054 2985 2137 pluribus
3015 2057 3196 2119 donis
3239 2064 3305 2120 et
3352 2054 3671 2121 miraculis

2102 2150 2579 2235 comprobavit:
2613 2158 2781 2214 tnter
2807 2151 2925 2216 alia
2958 2152 3079 2216 iter
3104 2151 3376 2234 plurium
3413 2152 3666 2216 dierum

2101 2248 2291 2312 unius
2333 2249 2527 2312 borae
2571 2248 2776 2332 spatio
2816 2247 3090 2315 confecit
3118 2296 3137 2324 ,
3166 2249 3345 2332 panis
3374 2258 3438 2313 et
3464 2249 3672 2315 carinis

2105 2343 2302 2411 frusta
2335 2366 2414 2410 ex
2441 2347 2752 2411 communi
2784 2368 2994 2412 mensa
3024 2348 3328 2421 collecta,
3357 2348 3436 2413 ad
3466 2347 3672 2413 occul÷

2104 2445 2357 2511 tandum
2392 2446 2710 2512 charitatis
2739 2447 3162 2510 testimoninm
3191 2447 3255 2508 in
3287 2446 3480 2511 flores
3524 2465 3670 2510 con·

2100 2542 2337 2616 vertit,
2380 2563 2575 2625 aquas
2606 2543 2775 2609 sicco
2802 2546 2960 2627 pede
2986 2543 3230 2628 trajecit
3253 2587 3274 2615 ,
3303 2562 3385 2609 eo
3419 2553 3669 2609 mortuo

2101 2660 2327 2723 corpus
2355 2638 2635 2707 flexibile
2666 2643 2980 2707 redditum
2999 2687 3020 2717 ,
3052 2641 3484 2707 suavissimum
3517 2642 3668 2706 odo·

2103 2757 2233 2802 rem
2267 2738 2632 2815 redolebat,
2663 2740 2888 2823 stipem
2921 2739 3240 2825 languenti
3273 2737 3527 2823 pauperi
3558 2760 3669 2803 sua

2101 2837 2352 2920 propria
2407 2857 2630 2913 manu,
2687 2857 2725 2902 e
2769 2858 2954 2921 quam
3002 2837 3335 2922 sepulchro
3379 2838 3666 2908 exeruit,

2100 2933 2386 3000 tradidit.

2230 3037 2365 3106 Quo
2426 3032 2657 3098 factum
2729 3040 2871 3107 est,
2933 3037 2999 3095 ut
3066 3030 3332 3114 probato
3389 3027 3662 3113 plurium
3791 3024 3808 3037 ⁸

2099 3128 2453 3195 seculorum
2488 3128 2658 3194 cultu
2684 3174 2704 3203 ,
2732 3127 3130 3195 Venerabilis
3175 3134 3399 3194 Servus
3430 3127 3539 3191 Dei
3571 3134 3665 3190 ln·

2098 3228 2423 3292 nocentius
2473 3233 2576 3290 xt.
2625 3223 2919 3292 Officium
2972 3235 3039 3290 et
3080 3225 3426 3291 Uissamin
3465 3224 3665 3306 ipsius

2096 3323 2400 3389 bonorem
2434 3323 2761 3405 quotannis
2789 3322 3098 3386 celebrari
3130 3322 3519 3406 permiserit.
3553 3325 3664 3384 Su-

2096 3431 2309 3503 perest
2339 3421 2570 3491 modo,
2613 3430 2681 3483 ut
2707 3426 3056 3484 Decretum
3103 3439 3216 3499 per
3255 3422 3662 3484 SANcTrrA-

2098 3524 2263 3583 'nm
2297 3521 2666 3583 vesunu
2695 3515 2890 3581 latum
2922 3536 3039 3599 pro
3068 3515 3208 3599 ejus
3236 3516 3663 3580 canonizatio·

2096 3636 2176 3682 ne
2205 3615 2566 3682 executioni
2596 3614 3044 3688 demandetur,
3070 3621 3255 3696 prout
3296 3613 3373 3679 ad
3416 3612 3480 3677 ld
3521 3619 3659 3677 tuto

2095 3714 2377 3779 deveniri
2407 3734 2591 3796 posse
2623 3714 2893 3780 demisse
2924 3732 3154 3779 censeo
3177 3757 3193 3774 .

2121 3874 2506 3938 metuat.
2536 3871 2788 3935 ausu
2829 3849 3173 3933 vincimine
3223 3872 3633 3946 archiopisco-

2415 3985 2537 4050 με
2585 3973 2948 4032 modestas
2987 3968 3320 4031 Auium.

2219 4109 2587 4176 Beatissime
2611 4116 2811 4174 Pater.
2847 4113 3100 4172 Beatum
3130 4115 3383 4173 Petrum
3409 4105 3661 4191 Regale-

2096 4219 2230 4273 tum
2255 4253 2276 4283 ‚
2310 4229 2497 4293 quem
2532 4213 2898 4290 paupertate
2919 4251 2937 4279 ‚
2965 4205 3259 4290 jejuniis,
3301 4204 3660 4290 vigiliisque

2093 4307 2518 4392 conspicuum,
2552 4305 2616 4367 in
2645 4311 2844 4368 Deum
2876 4324 2948 4368 ac
2976 4303 3329 4367 Proximum
3359 4302 3660 4369 charitate
3753 4353 3790 4370 .,

2097 4407 2449 4471 ferventem
2469 4447 2489 4476 ,
2520 4403 2877 4485 ceterisque
2901 4399 3503 4484 praestantissimum
3530 4401 3655 4464 vir·

2093 4506 2336 4570 tutibus
2365 4504 2696 4585 inspexere
2726 4505 3007 4564 anteacta
3036 4497 3271 4572 secula,
3303 4506 3397 4568 tot
3424 4518 3495 4562 ac
3525 4503 3656 4562 ta'n-

2093 4614 2156 4669 ta
2200 4609 2465 4685 sequuta
2511 4608 2654 4663 sunt
2698 4605 2949 4681 praeter
2991 4597 3277 4661 ordinem
3309 4597 3658 4660 sanctitatis

2094 4720 2284 4783 opera
2333 4704 2399 4763 et
2444 4696 2771 4780 prodigia,
2814 4700 2888 4756 ut
2931 4692 3146 4757 divino
3194 4692 3403 4757 afflata
3429 4691 3658 4774 spiritu

2093 4801 2515 4864 SANCTITAS
2555 4797 2855 4857 VESTRA
2888 4792 2964 4854 de
2994 4789 3397 4853 veneratione
3425 4831 3445 4860 ,
3495 4788 3660 4851 Aris·

2094 4919 2216 4980 que
2247 4901 2423 4959 tantu
2457 4892 2601 4956 Viro
2631 4888 3015 4973 praestandis
3044 4886 3511 4969 sapientissime
3550 4907 3657 4950 ex-

2089 4991 2460 5080 cogitaverit
2481 5035 2497 5052 .

2174 5138 2441 5205 SIMON
2473 5135 2664 5198 θῆαι·
2698 5134 3197 5206 archiepiscopus
3243 5132 3575 5206 fontensis

2571 5251 2577 5258 ·
2705 5233 3013 5292 Antiatem
3036 5271 3051 5288 .

2222 5373 2590 5441 Beatissime
2635 5376 2847 5454 pater.
2898 5365 3071 5431 Beati
3115 5363 3281 5428 Petri
3331 5363 3656 5448 Regalati‚

2090 5498 2275 5570 quam
2298 5475 2431 5558 ipse
2462 5471 2539 5538 ab
2571 5464 2970 5533 incunabulis
2996 5463 3253 5529 sortitus
3271 5468 3367 5529 est
3385 5463 3658 5530 animam

3242 5579 3316 5631 27
