4442 6300
1584 540 1929 611 QmRQnt
1972 539 2434 597 sanctonum
2469 542 2632 597 tre.

3470 532 3580 599 2'97

536 710 620 758 ex
649 689 913 756 diversis
941 687 1132 754 Orbis
1146 648 1426 770 partibus
1448 685 1963 751 innumerabilem
1995 681 2102 769 poss
2147 687 2159 735 ¹
2208 685 2320 750 aed
2350 685 2615 752 ulterius
2644 708 2759 770 per
2800 696 2995 754 totam
3026 699 3303 758 octavam
3349 660 3614 775 singulis
3642 690 3771 755 die-

539 789 671 873 puli
704 785 1166 852 multitudinem
1193 783 1447 868 linguis,
1475 783 1778 858 moribus,
1808 791 1872 848 et
1901 783 2101 867 regio·

539 886 728 950 nibus
758 885 1121 953 discretam,
1152 879 1567 945 venerationis
1590 887 1796 962 tamen
1824 901 1970 964 erga
1996 881 2103 945 be-

538 992 676 1048 atos
726 980 1161 1064 Apostolorum
1213 979 1460 1044 cineres
1482 1022 1502 1050 ‚
1548 987 1612 1042 et
1660 976 2098 1059 triumphalem

538 1080 776 1146 Natalis
812 1098 1029 1144 eorum
1063 1066 1424 1141 memoriam
1469 1073 1758 1140 concordi
1792 1075 2101 1157 obsequio

536 1178 848 1242 ‘sociatum
903 1174 1222 1239 confluere
1265 1173 1702 1247 consuevisse3
1760 1170 2102 1254 Episcopos

540 1274 728 1338 etiam
782 1270 1069 1353 aliosque
1117 1288 1329 1334 sacros
1372 1268 1698 1333 Antistites
1724 1311 1746 1342 ,
1796 1267 2101 1333 sublimes

543 1371 890 1452 Regiasque
942 1386 1242 1449 personas
1284 1366 1360 1428 ad
1411 1365 1698 1430 eamdem
1748 1365 2102 1430 solemnita-

541 1479 667 1533 tem
698 1467 1031 1533 convenire
1062 1462 1282 1527 solitos
1311 1461 1527 1534 fuisse,
1559 1460 2000 1549 supplicesque
2031 1485 2101 1528 se

543 1582 813 1646 suasque
859 1582 1120 1627 coronas
1163 1561 1237 1624 ad
1271 1561 1464 1642 pedes
1507 1561 1884 1631 Piscator-is,
1912 1571 1979 1625 et
2022 1562 2097 1624 ad

541 1658 994 1727 scenofactoris
1025 1665 1493 1720 monumentum
1515 1701 1534 1726 ‚
1566 1657 1954 1722 adstantibus
1984 1664 2103 1720 llu-

539 1759 720 1824 cibus
740 1801 761 1832 ‚
812 1764 877 1822 et
925 1754 1270 1820 Praefectis
1319 1754 1590 1815 militum
1615 1797 1635 1825 ‚
1682 1761 2096 1835 prosternere.

545 1860 710 1921 Haeo
743 1855 933 1940 igitur
958 1862 1019 1917 et
1050 1851 1166 1914 alia
1200 1851 1555 1935 hujusmodi
1601 1850 1885 1933 diligenti
1914 1852 2102 1916 animi

540 1948 1379 2019 consideratione‘nobiscum
1402 1958 1759 2030 reputantes
1772 1949 2102 2013 vehemen-

540 2039 640 2113 ter
667 2047 899 2112 soliciti
931 2067 1145 2112 sumus
1171 2090 1191 2116 ‚
1235 2066 1311 2109 ne
1340 2050 1503 2111 Nos·
1534 2046 1637 2126 qui
1666 2046 1728 2107 in
1775 2046 1963 2109 tantis
1993 2068 2096 2128 pe·

539 2145 755 2210 riculis
781 2153 842 2207 et
880 2143 1357 2208 adversitatibus
1401 2142 1722 2205 constituti
1756 2153 2098 2206 sanctorum

540 2243 982 2326 Apostolorum
1027 2240 1237 2305 valido
1280 2238 1630 2322 indigemus
1673 2240 1946 2314 auxilio,
1995 2242 2103 2304 de·

541 2361 809 2425 generes
837 2362 872 2423 a
901 2339 1205 2423 majorum
1236 2336 1494 2420 pietate,
1521 2346 1589 2400 et
1618 2337 1778 2401 devii
1807 2358 1841 2400 a
1874 2339 2103 2402 sanctis

542 2458 758 2502 eorum
789 2435 1098 2500 institutis
1117 2434 1334 2503 simus,
1367 2442 1432 2498 et
1461 2433 1690 2515 quib'us
1720 2433 1781 2494 in
1804 2433 2103 2515 accipien-

540 2534 642 2599 dis
667 2556 702 2599 a
732 2542 862 2599 Deo
894 2520 1007 2616 per
1047 2532 1267 2596 beatos
1309 2530 1644 2614 Apostolos
1691 2530 2011 2595 beneficiis
2040 2541 2103 2596 et

543 2633 724 2697 donis
752 2642 935 2714 pares
962 2649 1178 2693 sumus
1201 2671 1221 2699 ‚
1269 2627 1546 2709 impares
1571 2635 1637 2689 et
1667 2627 1884 2710 ingrati
1918 2628 1978 2689 in
2011 2649 2103 2693 sa-

540 2750 644 2796 cra
675 2748 889 2793 eorum
920 2724 1253 2790 recolenda
1284 2723 1620 2796 memoria,
1650 2732 1713 2790 et
1737 2724 1951 2809 gratiis
1992 2724 2103 2787 im-

541 2825 790 2892 mortali
823 2816 951 2889 Deo
991 2823 1249 2907 agendis
1279 2821 1705 2904 reperiamur,
1752 2822 2103 2904 meritoque

539 2925 793 2989 illorum
836 2912 1250 2985 destituamur
1287 2920 1644 3003 praesidio,
1689 2939 1955 3003 quorum
2001 2939 2105 2985 ne·

540 3020 830 3106 gligimus
860 3018 1341 3107 solemnitatem.

666 3115 969 3183 volentes
987 3117 1196 3199 itaque
1226 3114 1696 3198 cupientesque,
1713 3114 1972 3178 Romani
1994 3121 2105 3181 Po·

540 3214 674 3297 puli
700 3234 847 3299 erga
877 3219 994 3277 BB.
1026 3210 1809 3295 Apostolos‘devotionem‚
1843 3211 1919 3275 de
1950 3233 2105 3294 quo·

545 3333 677 3375 rum
726 3310 1036 3393 praesidio
1084 3310 1239 3392 hanc
1282 3310 1509 3374 Urbem
1554 3315 1823 3372 nostram
1875 3329 2101 3373 eorum

546 3411 899 3475 decoratam
934 3408 1353 3489 Corporibus,
1398 3405 1778 3470 caelestibus
1822 3405 2100 3473 illustra·

541 3515 669 3570 tam
702 3505 1005 3573 doctrinis
1029 3547 1048 3575 ,
1094 3511 1155 3566 et
1187 3503 1421 3585 potenti
1465 3503 1627 3583 apud
1672 3509 1868 3566 Deum
1900 3512 2103 3587 patro·

541 3604 704 3686 einio
732 3619 986 3682 semper
1023 3600 1293 3683 adjutam
1328 3600 1600 3664 maxime
1642 3598 1955 3666 confidere
2000 3604 2107 3668 de-

539 3708 682 3772 cet,
727 3704 1019 3781 quantum
1062 3697 1125 3759 in
1176 3697 1369 3762 Nobis
1412 3687 1551 3771 est,
1583 3697 1868 3779 augere,
1911 3705 2100 3782 atque

542 3796 964 3878 amplificare,
1007 3795 1117 3857 bac
1149 3802 1359 3859 nostra
1388 3794 1449 3856 in
1488 3803 1857 3876 perpetuum
1887 3798 2102 3862 valitu-

545 3905 612 3957 r'a
646 3894 971 3957 Sanctione
1001 3892 1328 3956 statuimus
1359 3912 1429 3955 ac
1462 3893 1881 3961 decernimus,
1912 3903 1981 3958 ut
2010 3916 2104 3960 re-

541 3996 830 4055 currente
875 4007 984 4071 per
1026 3987 1304 4052 ordinem
1337 3985 1539 4052 Natali
1585 3983 1686 4048 die
1732 3992 2098 4056 eorumdem

538 4084 980 4168 Apostolorum
1004 4128 1023 4155 ,
1068 4104 1193 4150 non
1221 4082 1421 4168 solum
1464 4085 1528 4146 in
1557 4084 1822 4151 Basilica
1867 4089 2099 4154 Vatica-

492 4196 499 4202 ·
538 4187 655 4254 na,
681 4190 748 4245 ut
780 4189 942 4245 nunc
967 4181 1163 4246 moris
1191 4188 1327 4251 est,
1358 4180 1423 4242 in
1451 4181 1784 4264 pervigilio
1814 4183 2096 4265 ejusdem

537 4280 699 4345 Festi
728 4287 1038 4362 vesperae
1070 4278 1383 4342 solemnes
1425 4277 1846 4362 celebrentur,
1874 4282 2101 4363 quibus

535 4376 844 4456 interesse
892 4376 1053 4440 solet
1089 4384 1396 4439 Romanus
1434 4375 1723 4440 Pontifex
1765 4398 1904 4441 cum
1937 4384 1994 4441 S.
2028 4388 2098 4443 B.

537 4479 609 4538 Ε.
632 4469 1068 4537 cardinalibus
1087 4519 1106 4547 ‚
1134 4470 1501 4536 Patriarcbis
1527 4514 1548 4546 ,
1585 4472 2100 4556 archiepiscopis,

538 4570 887 4654 Episcopis‚
910 4569 1181 4652 aliisque
1203 4578 1516 4632 Romanae
1539 4570 1759 4634 Curiae
1781 4570 2098 4645 Praelatis,

539 4667 645 4749 qui
677 4666 882 4731 locum
912 4666 974 4728 iu
1001 4665 1294 4749 cappella
1334 4664 1654 4729 Pontificia
1686 4667 1992 4742 obtinent,
2030 4678 2100 4732 et

530 4759 723 4828 mane
751 4764 813 4825 in
844 4764 1063 4828 eadem
1110 4761 1367 4826 Basilica
1397 4762 1680 4827 solemne
1724 4770 1974 4827 Sacrum
2019 4767 2097 4830 ab

538 4859 677 4941 ipso
719 4865 995 4924 Romano
1023 4858 1322 4924 Pontifice
1366 4868 1734 4949 peragatur,
1777 4870 1844 4925 et
1870 4880 2101 4926 secun·

537 4956 654 5022 dae
694 4962 1004 5039 Vesperae
1047 4947 1334 5039 ejusdem
1378 4956 1777 5020 Venerabilis
1817 4958 1944 5021 diei
1987 4965 2095 5023 Ec·

536 5055 889 5119 clesiastico
917 5058 1108 5118 Cantu
1132 5097 1153 5126 ‚
1186 5054 1425 5118 sonitu
1457 5075 1489 5118 a
1521 5055 1804 5137 Capitulo
1825 5063 1885 5119 et
1914 5055 2096 5120 clero

535 5160 864 5234 praesente
908 5151 1097 5215 etiam
1131 5157 1190 5215 S.
1223 5159 1293 5214 R.
1325 5159 1393 5215 E.
1423 5151 1733 5228 cardinali
1780 5153 2095 5234 praefatae

536 5249 842 5315 Basilicae
868 5248 1423 5334 Arcbipresbytero
1455 5250 1719 5332 aliisque
1762 5249 2101 5314 Cardinali·

538 5347 655 5410 hus
699 5345 775 5409 ad
822 5345 1108 5410 eamdem
1162 5350 1577 5426 vesperarum
1630 5345 2094 5410 solemnitatem

539 5441 889 5512 devotionis
918 5460 1104 5506 causa
1136 5440 1614 5530 accedentibus,
1646 5442 2099 5526 persolvantur3

2213 785 2331 847 bus
2371 785 2434 845 in
2479 784 2742 850 diversis
2785 787 3084 853 Ecclesiis
3126 811 3160 854 a
3191 790 3432 863 Nobis,
3473 796 3770 869 tanquam

2208 880 2419 962 aliqua
2448 884 2885 963 Apostolorum
2919 886 3222 950 memoria
3253 895 3363 949 aut
3394 884 3782 969 praerogati·.

2210 998 2287 1040 va
2313 978 2663 1059 insignitis,
2709 982 2927 1046 electis
2973 989 3036 1048 et
3077 983 3340 1047 inferius
3384 981 3774 1046 nominandis

2210 1075 2395 1139 Missa
2439 1076 2500 1137 in
2544 1077 3051 1153 pontificalibus,
3091 1080 3453 1145 concinente
3498 1096 3568 1142 ac
3612 1078 3774 1161 psal·

2209 1170 2386 1235 lente
2428 1173 2642 1238 schola
2684 1182 3054 1251 cantorum,
3098 1176 3485 1258 aliorumque
3528 1175 3770 1240 Pontifi-

2210 1269 2345 1333 ciae
2376 1279 2624 1334 nostrae
2666 1270 2998 1353 Cappellae
3038 1273 3345 1338 Ministris
3383 1272 3776 1337 inservienti·

2211 1367 2330 1431 bus
2351 1413 2372 1441 ,
2402 1367 2622 1431 ordine
2649 1387 2721 1431 ac
2767 1370 2955 1435 modo
2987 1368 3415 1435 infradiceudo
3449 1370 3566 1432 rite
3599 1391 3772 1452 pera·

2210 1469 2393 1546 gatar
2415 1505 2435 1535 ‚
2466 1463 2901 1547 recolaturque
2931 1467 3234 1530 memoria
3269 1465 3777 1530 i'llustris'trium·

2210 1559 2314 1641 pbi
2333 1580 2547 1624 eorum
2570 1563 2881 1649 martyrii,
2900 1565 3066 1645 quod
3086 1572 3220 1628 toto
3239 1572 3570 1628 Terrarum
3595 1566 3769 1636 Orbi,

2211 1657 2326 1720 sed
2370 1658 2701 1741 praecipue
2745 1664 3058 1729 Romanae
3101 1662 3249 1726 Urbi
3279 1661 3470 1727 decus
3509 1663 3773 1728 contulit

2212 1762 2278 1818 et
2308 1750 2696 1838 dignitatem.
2815 1788 2820 1797 -

2340 1853 2619 1916 Secunda
2642 1853 2832 1936 igitur
2851 1854 3008 1917 intra
3029 1861 3307 1921 octavam
3333 1856 3433 1920 die
3449 1856 3771 1922 missarum

2211 1947 2513 2013 solemnia
2548 1952 2609 2011 in
2642 1951 3572 2026 Pomtfieattbus-celebrentur,
3600 1974 3772 2036 prae·

2211 2042 2498 2110 sentibus
2543 2056 2692 2111 ven.
2725 2050 3042 2112 Fratribus
3089 2052 3406 2134 Episcopis
3451 2052 3774 2117 Pontificio

2213 2145 2461 2208 Tbrono
2478 2146 2970 2219 assistentibus,
3003 2147 3064 2208 in
3097 2148 3359 2214 Basilica
3391 2155 3458 2212 B.
3492 2150 3772 2231 Apostoli

2214 2241 2383 2306 Pauli
2421 2245 2531 2307 Via
2562 2244 2858 2317 Ostiensi,
2889 2245 2949 2305 in
2973 2266 3094 2327 qua
3130 2244 3397 2310 celebris
3426 2234 3770 2310 estutrius'-

2209 2359 2334 2420 que
2377 2341 2655 2420 Apostoli
2702 2341 3040 2413 memoria,
3087 2362 3423 2424 sacraeque
3457 2343 3776 2424 Reliquiae

2212 2447 2556 2507 servantur,
2588 2446 2650 2500 et
2677 2439 2877 2502 veteri
2908 2439 3193 2503 instituto
3225 2440 3526 2504 solemnis
3551 2441 3772 2504 eadem

2212 2533 2316 2597 die
2343 2541 2410 2598 B.
2457 2535 2736 2617 Apostoli
2779 2535 2952 2600 Pauli
2995 2538 3510 2602 commemoratio
3551 2538 3773 2602 recoli·

2210 2636 2317 2693 tur
2343 2674 2363 2702 ,
2395 2632 2498 2713 qui
2521 2674 2541 2703 ,
2575 2633 2628 2696 si
2656 2633 2857 2698 adbuc
2883 2634 3098 2698 vivens
3126 2635 3185 2695 in
3214 2635 3446 2705 Terris,
3479 2635 3637 2700 adeo
3663 2644 3777 2701 Ro·

2213 2747 2433 2794 manos
2473 2729 2820 2812 diligebat,
2868 2737 2934 2793 ut
2969 2732 3101 2795 sine
3145 2732 3604 2796 intermissione
3647 2752 3777 2798 me-

2213 2825 2474 2890 moriam
2526 2847 2744 2890 eorum
2791 2826 2853 2889 ia
2897 2828 3030 2893 suis
3076 2828 3461 2894 orationibus
3505 2827 3772 2906 faceret,

2207 2919 2744 3006 vehementerque
2774 2934 3036 3005 cuperet
3063 2943 3174 2989 eos
3200 2924 3440 2997 videre,
3471 2932 3539 2990 et
3563 2926 3641 2990 ad
3662 2946 3774 2993 eos

2213 3018 2672 3083 confirmandos
2712 3020 2947 3102 aliquid
2992 3021 3334 3105 spiritualis
3376 3023 3614 3106 gratiae
3661 3025 3777 3087 im·

2210 3116 2480 3198 pertin-ig
2525 3123 2755 3199 quanto
2783 3118 2980 3199 magis
3010 3119 3388 3200 sperandum
3421 3127 3561 3195 est,
3606 3122 3774 3204 quod

2215 3213 2408 3277 modo
2425 3219 2654 3278 Beatus
2681 3213 2747 3276 in
2768 3213 2965 3278 Caelis
2984 3234 3096 3296 pro
3122 3215 3404 3278 Alumnis
3425 3217 3551 3281 suis
3577 3224 3771 3282 Deum

2214 3330 2394 3374 orare
2438 3331 2560 3375 non
2601 3319 2846 3379 cesset,
2892 3332 3188 3393 suamque
3220 3333 3403 3394 opem
3450 3313 3776 3388 humiliter

2216 3406 2684 3489 postulantibus
2706 3452 2728 3481 ‚
2760 3409 2986 3472 afferre
3012 3410 3136 3472 non
3165 3416 3457 3482 recuset,
3486 3418 3559 3472 ut
3581 3410 3645 3473 in
3669 3411 3778 3477 illa

2212 3502 2475 3570 caelesti
2520 3504 2968 3571 confirmentur
3007 3505 3333 3577 doctrina,
3381 3507 3444 3568 iu
3486 3526 3612 3588 qua
3655 3528 3769 3573 eos

2212 3620 2324 3664 ore
2350 3622 2464 3666 suo
2485 3645 2507 3676 ,
2537 3621 2654 3684 per
2681 3602 2846 3684 quod
2878 3600 3157 3667 Christus
3185 3601 3565 3685 loquebatur
3583 3645 3605 3678 ‚
3634 3624 3775 3669 eru·

2211 3696 2390 3760 divit.
3205 3750 3215 3756 .

2338 3795 2548 3859 Tertia
2580 3794 2680 3859 die
2709 3795 2774 3857 in
2801 3793 3084 3860 Ecclesia
3112 3803 3174 3861 S.
3202 3797 3623 3862 Pudentianae
3665 3796 3780 3862 flet

2217 3890 2499 3957 solemne
2545 3892 2605 3954 in
2646 3891 3117 3956 Pontificatibus
3160 3899 3413 3957 Sacrum
3443 3938 3463 3968 ‚
3506 3895 3816 3976 interve-f

2212 3989 2530 4052 aientibus
2559 3985 2810 4054 dilectis
2851 3987 2998 4054 filiis
3026 3990 3475 4055 Pmtonotariis
3516 3998 3778 4074 Aposto-

2214 4086 2375 4150 licae
2422 4087 2602 4151 Sedis
2644 4108 2726 4150 ex
2753 4106 3016 4151 numero
3058 4088 3773 4170 ParticipantiumzNam

2211 4182 2539 4264 perbibent
2579 4182 2699 4246 hoc
2742 4183 2883 4248 loco
2930 4181 3126 4247 fuisse
3171 4183 3423 4249 domum
3479 4187 3776 4252 Pudentis

2211 4279 2527 4345 Senatoris
2549 4322 2569 4352 ‚
2599 4279 2760 4362 apud
2789 4295 3003 4362 quem,
3034 4301 3175 4346 cum
3209 4282 3771 4365 primum'ltomam

2210 4375 2507 4447 advenit,
2556 4374 2910 4460 hospitatus
2959 4384 3057 4440 est
3109 4377 3398 4461 Princeps
3445 4379 3774 4461 A‘postolo·

2210 4494 2345 4538 rum
2404 4479 2667 4547 Petrus,
2712 4475 2818 4557 qui
2868 4474 2934 4534 in
2984 4474 3204 4538 eadem
3257 4476 3448 4540 domo
3500 4478 3772 4542 Verbum

2209 4572 2320 4636 Dei
2366 4572 2675 4636 Gentibus
2704 4571 3142 4645 annunciavit,
3186 4592 3394 4637 sacras
3425 4573 3638 4636 babuit
3670 4578 3778 4661 Sy·

2208 4687 2406 4733 naxes
2428 4711 2448 4740 ,
2492 4675 2745 4733 Sacrum
2779 4668 3018 4749 pluries
3049 4667 3198 4733 fecit
3220 4712 3240 4741 ‚
3285 4677 3349 4733 et
3380 4676 3772 4736 Sacramenta

2209 4762 2945 4840 Christiadministravitg
2976 4768 3135 4831 adeo
3162 4774 3229 4829 ut
3259 4767 3323 4828 in
3355 4786 3426 4830 ea
3450 4768 3615 4850 jacta
3646 4772 3775 4835 siut

2214 4863 2675 4945 quodammodo
2707 4862 2908 4944 prima
2941 4871 3254 4928 Romanae
3287 4862 3608 4929 Ecclesiae
3638 4864 3775 4928 fun-

2209 4961 2495 5024 damenta
2546 4960 2823 5023 omnium
2866 4959 3128 5023 aliarum
3180 4959 3602 5042 Ecclesiarum
3650 4969 3776 5029 Ha·

2208 5047 2321 5120 tris
2350 5066 2414 5120 et
2441 5058 2771 5138 nagistrae
2797 5099 2817 5128 ,
2861 5061 3046 5139 qua'm
3079 5058 3387 5140 superbae
3429 5056 3774 5123 inferorum

2206 5161 2423 5238 portae
2457 5172 2576 5215 non
2609 5153 2880 5216 vincunt.

2335 5256 2562 5324 Quarta
2607 5249 2710 5313 die
2753 5251 2816 5310 in
2860 5248 3137 5314 Ecclesia
3184 5256 3241 5313 S.
3271 5252 3510 5316 Mariae
3551 5251 3616 5313 in
3658 5253 3774 5320 via

2211 5354 2357 5411 Lata
2387 5346 2714 5410 Missarum
2749 5344 3182 5428 persolvantur
3210 5345 3512 5412 solemnia
3536 5373 3557 5422 ς
3583 5348 3775 5413 inter·

2206 5443 2607 5510 venientibus
2627 5441 2875 5507 dilectis
2891 5442 3043 5508 filiis
3057 5447 3394 5508 Causarum
3425 5444 3640 5509 Palatii
3663 5466 3773 5511 no-
