4442 6300
1522 528 1870 607 QmNQun
1908 534 2380 594 sanctonum
2419 541 2587 594 nc.

429 682 750 757 utra-:utto
772 727 794 756 ‚
821 687 982 767 quae
1012 688 1155 768 post
1187 680 1433 748 Camilli
1480 682 1722 749 obitum
1747 724 1790 753 ..
1829 682 1993 766 ejus·

433 784 712 865 demque
737 781 1187 847 intercessione
1247 781 1533 871 evenisse
1589 779 1997 857 dicebantur3

3380 538 3480 587 ³ss

2102 681 2462 766 hujusmodi
2492 680 2811 751 uinculis
2839 680 3217 747 auctoritate
3245 684 3467 746 Nostra
3512 686 3676 762 Apo·

2106 780 2328 845 stolica
2351 782 2432 845 de
2460 800 2635 845 more
2654 778 2982 864 delegatis,
3013 779 3403 861 cognitaque·
3418 784 3678 842 Proces-

432 880 740 963 hujusque
770 879 1079 944 examinis
1110 899 1359 945 summa
1388 879 1466 943 ad
1528 883 1657 942 Nos
1710 878 1882 960 ipsos
1934 879 1998 941 in
2109 898 2288 942 suum
2320 880 2402 942 ab
2430 878 2584 959 ipsis
2612 877 3037 943 confectorum
3069 875 3393 941 validitate
3413 918 3434 948 ‚
3464 895 3544 939 ex
3564 873 3676 938 tri-

315 971 370 1031 Ᾰ
438 979 605 1044 Petri
637 977 942 1043 Cathedra
963 976 1094 1060 jam
1127 976 1426 1040 sedentes
1459 974 1663 1039 delata
1686 1018 1708 1046 ‚
1737 985 1878 1055 post
1912 975 2000 1037 in-

2112 975 2231 1039 bus
2257 973 2571 1039 miraculis
2603 975 2667 1035 in
2698 974 3016 1054 praedicta
3052 979 3379 1037 Sacrorum
3428 974 3684 1036 Rituum

434 1080 719 1143 vocatam
757 1073 961 1136 nivini
992 1070 1254 1136 luminis
1284 1091 1466 1153 opem
1513 1091 1583 1135 ac
1645 1070 2001 1134 reiteratam
2107 1073 2598 1156 congregatione
2630 1071 3107 1136 accuratissime
3140 1070 3481 1159 discussis,
3508 1072 3686 1137 aud-i-

437 1170 843 1235 collectarum
916 1168 1356 1251 probationum
1437 1167 2004 1232 considerationem
2117 1180 2181 1236 to
2212 1183 2278 1233 nt
2306 1190 2421 1253 par
2450 1180 2624 1241 erat,
2656 1170 3005 1234 Peritorum
3030 1168 3276 1252 judicio
3300 1212 3321 1240 ,
3374 1169 3681 1252 novisque

439 1266 636 1330 visum
665 1273 768 1332 ,est
800 1267 991 1345 Nobis
1013 1309 1034 1336 ..
1066 1266 1191 1330 duo
1223 1265 1625 1348 potissimum
1657 1284 1735 1328 ex
1781 1285 2003 1335 novem
2112 1268 2633 1351 inquisitionibus
2702 1288 2892 1348 super
2947 1267 3335 1332 sanationum
3397 1269 3684 1332 obtenta·

436 1365 783 1448 propositis
814 1362 1248 1427 indubitanter
1276 1362 1677 1445 approbanda
1712 1383 1896 1435 esse;
1939 1384 2008 1426 u·

438 1480 589 1525 num
620 1462 915 1525 nimirum
946 1462 1026 1525 de
1055 1461 1297 1525 enormi
1334 1459 1570 1544 Polypo
1628 1459 1689 1520 in
1748 1461 2010 1525 naribus

440 1558 769 1641 cujusdam
798 1556 1052 1621 Puellae
1112 1556 1530 1620 viterbiensis
1588 1556 1888 1628 suborto,
1943 1566 2004 1621 et

440 1652 660 1738 plures
682 1654 816 1738 jam
849 1673 1100 1718 menses
1129 1654 1555 1736 pervicaciter
1582 1661 2009 1734 permanente,

443 1750 553 1834 qui
586 1771 665 1816 ex
693 1751 831 1816 solo
858 1757 1150 1817 contactu
1180 1749 1269 1813 fili
1297 1748 1638 1814 subuculas
1673 1750 1841 1815 Servi
1895 1750 2005 1814 Dei

439 1848 696 1932 penitus
723 1848 996 1915 evanuit.
1030 1847 1315 1911 Alterum
1347 1846 1427 1911 de
1480 1846 1700 1911 lethali
1757 1850 2009 1913 morbo·

442 1965 581 2010 rum
610 1945 907 2027 congerie
932 1988 955 2017 ‚
985 1944 1259 2027 maligna
1299 1944 1548 2009 scilicet
1603 1944 1768 2009 febri
1795 1989 1818 2019 ‚
1876 1945 2010 2028 pul·

439 2061 698 2107 monum
731 2050 795 2107 et
838 2042 1094 2124 pleurae
1146 2042 1637 2107 inflammatione
1660 2087 1710 2123 ,ἢ
1738 2042 2007 2126 gutturis

441 2139 634 2205 etiam
663 2138 878 2204 ulcere
899 2182 921 2212 ,
951 2139 1184 2220 quibus
1199 2140 1526 2204 catharina
1555 2140 1840 2205 Dondula
1869 2163 2007 2206 sex·

442 2235 664 2318 tojam
699 2255 914 2305 mense
944 2243 1204 2313 uterum
1239 2235 1449 2305 ferens
1469 2278 1490 2308 ‚
1520 2248 1804 2320 correpta
1833 2247 1900 2301 et
1929 2239 2006 2302 ad

319 2374 328 2383 ·
439 2342 793 2398 extremum
822 2334 991 2397 vitae
1023 2334 1402 2399 Medicorum
1435 2334 1625 2398 etiam
1648 2328 1892 2417 judicio
1910 2335 2011 2398 de·

440 2432 628 2497 ducta
659 2429 858 2496 fuerat
888 2474 908 2503 ‚
940 2430 1051 2495 sed
1082 2431 1290 2494 omnia
1323 2430 1463 2513 solo
1486 2430 1709 2507 haustu
1759 2451 1957 2514 aquae
1985 2474 2006 2503 ‚

440 2528 505 2593 in
536 2548 660 2611 qua
691 2527 1113 2593 comminutus
1145 2525 1353 2593 fuerat
1388 2526 1594 2609 pulvis
1625 2548 1663 2592 e
1717 2528 2009 2593 cubiculo

441 2627 614 2691 Servi
649 2624 758 2687 Dei
785 2621 1135 2698 collectus,
1164 2621 1346 2687 illico
1397 2623 1660 2705 depulsa
1722 2623 2010 2698 fuerunt,

444 2721 602 2785 itaut
634 2734 820 2804 aegra
853 2724 973 2787 non
1008 2719 1201 2793 modo
1231 2720 1607 2795 sanitatem,
1638 2721 1751 2786 sed
1797 2722 2013 2805 pristi-

441 2836 555 2884 nas
581 2818 772 2895 etiam
802 2816 967 2880 vires
1013 2825 1331 2887 momento
1394 2818 1699 2901 temporis
1753 2838 2010 2901 recupe-

442 2915 597 2980 ravit
624 2961 641 2978 .
704 2921 874 2990 Quae
933 2914 1182 2998 quidem
1241 2914 1550 2980 Miracula
1627 2936 1817 2998 qurum
1882 2920 2011 2982 Nos

439 3019 711 3079 Decreto
752 3011 928 3077 edito
983 3011 1354 3093 dienxxvt.
1419 3008 1814 3094 Septembris,
1850 3015 2007 3077 Anni

437 3115 804 3178 unccxu.
835 3111 1179 3192 approbata
1231 3110 1761 3204 publicaverimus
1782 3155 1803 3183 ‚
1861 3132 2006 3176 mox

439 3207 759 3291 praefatae
791 3206 1309 3288 congregationis
1340 3206 1677 3271 consilium
1738 3208 2004 3273 audieri-

446 3325 588 3369 mus
617 3322 806 3385 super
852 3301 1339 3366 Beatificationis
1393 3302 1737 3368 bonoribus
1795 3304 2008 3380 eidem

442 3402 555 3467 Dei
580 3408 769 3465 Servo
797 3406 936 3462 tuto
976 3398 1374 3472 deferendis,
1436 3400 1539 3463 die
1597 3399 1849 3474 demum
1911 3423 2006 3467 se·

439 3499 641 3565 cunda
674 3498 994 3562 Februarii
1033 3498 1189 3559 Anni
1220 3501 1607 3578 MDCCXLII.
1637 3497 1701 3562 in
1751 3502 2006 3565 Festivi·

437 3602 566 3661 tate
597 3585 1052 3680 Purificationi‘s
1087 3595 1491 3668 beatissimae
1549 3596 1824 3677 Virginis
1883 3605 2008 3663 Ma·

438 3692 572 3757 riae
596 3734 622 3763 ,
644 3711 769 3772 quo
800 3690 904 3752 die
937 3689 1091 3753 olim
1122 3689 1414 3754 Camillus
1448 3694 1699 3773 superni
1746 3693 2008 3761 luminis

437 3788 616 3853 radio
647 3786 997 3866 illustratus
1026 3786 1105 3851 ad
1135 3788 1364 3850 bonam
1389 3785 1632 3870 frugem
1669 3780 2014 3855 conversus

441 3885 639 3950 fuisse
670 3879 1083 3966 perhibetur,
1109 3875 1280 3946 aliud
1346 3890 1676 3950 Decretum
1741 3885 2004 3965 protuli-,-

439 4005 583 4048 mus
609 3982 685 4046 de
717 3981 1003 4068 ejusdem
1037 3979 1286 4044 formali
1316 3980 1784 4045 Beatiticatione
1828 4001 2002 4063 pera·

446 4079 690 4165 gen‘da3
724 4078 909 4162 cujus
966 4076 1271 4142 solemnia
1329 4077 1557 4168 deinde
1615 4077 1678 4139 in
1739 4071 2006 4152 Basilica,

314 4224 367 4286 B
438 4176 740 4260 Principis
768 4165 1214 4259 Apostolorum
1246 4174 1323 4237 de
1349 4174 1511 4238 Urbe
1539 4175 1658 4238 rite
1688 4174 2005 4241 celebrata

438 4273 697 4342 fuerunt
728 4273 946 4353 vigore
972 4270 1314 4333 Literarum
1346 4274 1712 4334 Nostrarum
1745 4280 2006 4355 Aposto-

438 4371 703 4437 licarum
732 4370 839 4432 die
869 4373 998 4429 vn.
1032 4366 1317 4449 ejusdem
1349 4367 1581 4432 mensis
1611 4377 1674 4432 et
1703 4370 1850 4433 anui
1882 4375 2003 4436 sub

436 4467 680 4537 Annulo
711 4464 1044 4529 piscatoris
1073 4464 1402 4528 editarum.

560 4560 872 4632 Indultam
914 4562 1103 4625 beato
1161 4559 1312 4623 Viro
1364 4560 1882 4638 venerat-ionem,
1927 4586 1999 4631 ac

435 4683 680 4731 summo
711 4658 1017 4724 Fidelium
1050 4656 1263 4721 studio
1295 4659 1500 4721 eidem
1530 4660 1872 4726 exhibitam
1894 4684 2003 4727 no·

337 4763 344 4770 ’
431 4781 507 4826 va
539 4760 920 4839 subsequuta
949 4761 1094 4816 sunt
1126 4753 1420 4818 miracuta
1447 4799 1467 4827 ‚
1528 4776 1685 4836 quae
1743 4759 2003 4844 manife-

435 4867 594 4924 stam
625 4855 742 4922 Dei
774 4851 1154 4918 voluntatem
1189 4851 1269 4915 de
1296 4851 1495 4932 ipsius
1541 4853 1995 4936 glorificatione

307 4981 356 5042 c
432 4954 500 5017 in
529 4951 743 5016 Terris
770 4947 1416 5030 augendatostendere
1448 4949 1839 5022 videbantur.
1869 4956 2001 5017 Tri·

440 5054 561 5117 bus
588 5048 806 5129 itaque
837 5044 1166 5128 Episcopis
1196 5044 1272 5108 ad
1306 5044 1751 5132 inquirendum
1811 5069 2003 5135 super

541 5247 595 5299 Δ
631 5240 918 5297 liras-ula
940 5255 1046 5308 pro
1077 5236 1512 5307 Beaeificatione
1538 5242 1866 5311 approbata.

535 5335 583 5386 B
626 5327 898 5386 Solemnis
925 5325 1310 5396 Beaeg’le‘catio.

539 5423 589 5475 Ι)
628 5418 917 5474 ΠίναοαΙα
937 5435 1044 5487 pro
1078 5417 1519 5472 ζῖαηοηίεαιὶοηο
1545 5413 1874 5491 approbata.

755 5532 969 5574 suso.
1009 5532 1125 5571 xxv.
1166 5532 1316 5572 ron.
1354 5521 1483 5574 vn.

2117 1385 2256 1428 rum
2286 1365 2749 1446 perseverantia
2773 1362 3061 1447 legitime
3086 1364 3358 1445 peractis
3377 1405 3398 1435 ‚
3431 1363 3554 1429 duo
3572 1382 3685 1447 po·

2118 1462 2424 1525 tissimum
2458 1468 2747 1541 tanquam
2780 1461 3234 1543 approbatione
3256 1465 3465 1525 nostra
3495 1459 3685 1544 digna

2121 1561 2319 1625 Nobis
2348 1559 2667 1642 proposita
2698 1558 2952 1624 fuerunt
2971 1604 2993 1633 .
3022 1558 3187 1640 quae
3217 1578 3411 1641 quum
3459 1576 3681 1648 revera
3734 1630 3743 1631 ἶ

2120 1658 2377 1739 privatis
2405 1657 2895 1725 nostris·studiis
2922 1656 3264 1729 adhibitis,
3294 1664 3359 1720 et
3394 1656 3681 1723 invocato

2117 1756 2355 1820 lumine
2387 1756 2650 1838 Spiritus
2702 1756 2898 1821 sancti
2920 1801 2941 1829 ‚
2999 1753 3352 1820 clarissima
3411 1754 3475 1817 in
3534 1754 3699 1835 luce¹

2117 1854 2319 1937 posita
2351 1872 2495 1918 esse
2538 1852 3065 1937 judicaverimus,
3126 1850 3228 1915 die
3283 1851 3485 1934 prima
3529 1852 3680 1936 Maii

2122 1949 2466 2035 superioris
2492 1948 2634 2012 anni
2694 1954 3079 2015 unccxw.
3138 1953 3405 2013 Decreto
3457 1958 3679 2015 nostro

2115 2047 2597 2131 approbavimus
2626 2055 2695 2111 et
2720 2045 3203 2128 publicavimus.

2248 2144 2519 2210 Primum
2552 2150 2648 2209 est
2673 2142 2916 2209 sanatio
2944 2144 3166 2208 Luciae
3194 2142 3488 2209 Teresiae
3512 2143 3679 2209 Petti
3719 2168 3773 2227 1)

2116 2242 2368 2308 Puellae
2394 2263 2475 2306 ex
2503 2240 2750 2323 Oppido
2801 2239 3172 2324 Caprarolae
3195 2283 3216 2311 ‚
3259 2261 3425 2323 quae
3480 2258 3678 2324 quum

2087 2348 2090 2349 ’
2119 2342 2199 2405 ab
2229 2339 2366 2425 ipsa
2396 2339 2720 2405 nativitate
2748 2340 2831 2404 ob
2864 2356 3111 2420 prauam
3168 2337 3463 2405 Thoracis
3519 2347 3684 2404 stru·

2119 2446 2356 2505 cturam
2379 2455 2597 2519 magna
2626 2434 2976 2519 respirandi
3002 2432 3373 2499 difficultate
3400 2435 3681 2501 laboras-

2122 2543 2219 2598 set
2239 2577 2260 2603 ,
2290 2531 2869 2614 et-procedentibus
2925 2531 3108 2596 annis
3127 2573 3149 2602 ‚
3202 2529 3677 2613 ingravescente

2121 2630 2481 2701 Astbmate‚
2520 2628 2964 2695 accedentibus
3024 2627 3376 2711 purulentis
3422 2638 3488 2693 et
3544 2648 3682 2693 san-

2117 2728 2362 2812 guineis
2425 2725 2937 2797 exorationibus,
3010 2746 3085 2790 ac
3152 2744 3392 2789 summa
3445 2727 3679 2790 virium

2120 2824 2535 2912 prostratione
2558 2867 2579 2894 ,
2610 2832 2873 2901 externo
2901 2842 3155 2904 quoque
3182 2830 3500 2891 contracto
3547 2822 3682 2906 gib-
3771 2881 3781 2888 .

2119 2925 2203 2989 ho
2228 2967 2248 2995 ,
2280 2939 2531 3006 gravem
2557 2920 2683 2984 sibi
2712 2919 2978 3000 aliisque
3023 2921 3214 2983 vitam
3268 2917 3432 2983 haud
3492 2919 3685 3004 longe

2118 3018 2478 3103 protrahere
2499 3036 2686 3099 posse
2715 3016 3109 3083 ostendet-etz
3131 3014 3194 3077 in
3228 3016 3496 3081 maxima
3510 3036 3685 3079 mor·

2117 3119 2344 3182 borum
2375 3112 2737 3196 hujusmodi
2767 3110 3122 3178 intensione
3143 3155 3164 3185 ,
3195 3132 3382 3195 quum
3432 3113 3685 3176 invoca·

2118 3224 2179 3278 ta
2214 3210 2382 3284 beati
2411 3206 2660 3274 Camilli
2691 3228 2810 3290 ope
2837 3250 2860 3283 ‚
2890 3228 3114 3291 aquam
3149 3208 3414 3274 bibisset
3439 3207 3685 3291 praefa-

2101 3305 2186 3376 'to
2216 3307 2459 3391 pulveri
2491 3303 2834 3369 admixtam
2858 3351 2878 3379 ,
2908 3307 3097 3371 unius
3126 3306 3331 3370 noctis
3386 3307 3590 3386 spatio
3639 3326 3681 3372 a

2118 3406 2363 3484 morbis
2390 3402 2689 3469 omnibus
2714 3402 3007 3483 expedita
3031 3446 3053 3474 ‚
3083 3412 3145 3467 et
3174 3402 3456 3485 perfecta
3511 3402 3682 3468 vale.

2117 3502 2353 3568 tudinis
2381 3500 2673 3563 firmitate
2703 3498 2926 3561 donata
2960 3497 3097 3561 fuit.
3196 3565 3205 3572 ,

2245 3599 2526 3663 Alterum
2557 3606 2657 3662 est
2685 3596 3070 3659 instantanea
3103 3595 3343 3660 sanatio
3386 3597 3682 3680 Μοῖραι-ἧι

2118 3705 2224 3762 tae
2254 3692 2511 3763 castelli
2541 3689 2966 3772 duodeviginti
2999 3697 3303 3756 annorum
3328 3691 3580 3756 Puellae
3600 3713 3682 3756 ex

2123 3792 2372 3877 oppido
2399 3788 2622 3854 Marini
2642 3831 2664 3860 ‚
2695 3809 2859 3870 quae
2887 3790 2970 3852 ob
2995 3789 3211 3853 vitium
3245 3788 3561 3872 sanguinis
3599 3791 3681 3854 ab

2117 3900 2301 3956 utero
2351 3886 2568 3952 Matris
2602 3893 3010 3956 aecontractum
3065 3884 3354 3968 malignis
3408 3885 3682 3968 pustulis

2119 4007 2306 4070 saepe
2334 3983 2563 4050 afflicta
2585 4025 2608 4056 ‚
2638 3983 2887 4046 tandem
2917 4002 3135 4046 earum
3169 4001 3430 4045 numero
3460 3984 3523 4046 in
3561 3984 3681 4047 im-

2118 4103 2398 4156 mensum
2428 4089 2653 4151 aucto,
2683 4078 2843 4144 itaut
2874 4079 3227 4143 universum
3290 4078 3488 4162 ipsius
3543 4099 3681 4146 cor·

2117 4202 2236 4264 pus
2285 4178 2463 4242 unica
2518 4183 2730 4240 crusta
2754 4220 2775 4246 ‚
2833 4174 3001 4239 sanie
3060 4176 3333 4256 taboque
3391 4184 3683 4242 manante

2114 4280 2483 4356 coopertum
2508 4277 2858 4354 appareret,
2891 4279 3071 4335 acuta
3103 4291 3357 4352 quoque
3388 4270 3559 4335 febri
3581 4293 3683 4337 su·

2113 4371 2562 4454 perveniente,
2590 4368 2883 4449 omnique
2916 4365 3144 4431 amissa
3177 4376 3387 4432 motus
3416 4378 3482 4433 et
3540 4388 3681 4433 sen·

1991 4473 2002 4494 ³
2116 4490 2297 4534 suum
2331 4464 2626 4530 facultate
2652 4464 2909 4548 jamjam
2941 4464 3295 4545 expiratura
3347 4464 3678 4546 judicaba-

2112 4573 2260 4638 tur;
2291 4584 2485 4645 quum
2519 4562 2728 4626 subito
2756 4561 3049 4642 imposita
3078 4560 3198 4643 ipsi
3224 4562 3499 4645 imagine
3532 4564 3677 4625 bea.

2113 4663 2158 4725 ti
2181 4660 2472 4734 ¹Camilli,
2502 4679 2574 4723 ac
2605 4657 2780 4722 brevi
2815 4678 3001 4739 prece
3057 4658 3140 4721 ab
3190 4657 3387 4738 ipsius
3446 4665 3674 4725 Sorore

2112 4769 2176 4824 et
2202 4764 2399 4823 Matre
2429 4755 2661 4821 emissa
2686 4796 2706 4827 ‚
2731 4753 2907 4818 velut
2937 4775 2972 4818 a
3007 4773 3225 4818 somno
3289 4757 3509 4820 mortis
3564 4776 3674 4821 ex-

2112 4857 2299 4921 citata
2326 4851 2605 4935 perfecte
2628 4845 2942 4916 convaluit
2962 4892 2983 4922 ‚
3013 4869 3238 4932 corpus
3269 4861 3533 4933 repente
3563 4854 3672 4917 de-

2114 4954 2387 5024 tumuit,
2415 4957 2666 5015 crustae
2697 4949 3105 5020 deciderunt,
3132 4944 3385 5029 reliquit
3409 4968 3552 5012 eam
3581 4947 3675 5014 fe-

2117 5050 2294 5125 bris3
2327 5050 2487 5114 itaut
2514 5067 2553 5112 e
2580 5044 2987 5114 lecto·statim
3034 5062 3301 5128 surgens
3327 5086 3348 5117 ‚
3404 5046 3675 5129 integer-

1461 5332 1504 5383 C
1513 5367 1525 5380 .
1571 5332 1752 5384 Causa
1780 5335 2158 5389 reassumimr.

3344 5517 3420 5570 48
