4442 6300
896 498 1003 550 ιιι
1837 487 2067 543 acu
2106 486 2766 557 canonizavimus

705 643 954 702 Domini
981 641 1408 702 protonotarii
1440 638 1796 714 Αραυὸὶίὀΐ,
1817 640 1938 698 διο
1956 635 2268 712 Antequia:
2530 636 2809 713 [gnatius
2840 635 3020 696 Rana·
3042 633 3247 712 spone.
3274 637 3542 698 Casum.
3583 637 3785 715 Pausa
3822 648 3829 653 ·

707 757 802 797 res
867 741 1054 797 Rotas
1109 737 1452 804 Audimus,
1487 736 1811 807 Sacrorum
1831 736 2074 795 Menum
2110 735 2269 792 Com
2496 785 2503 791 .
2558 811 2563 815 ἢ
3424 784 3431 791 .
3788 776 3798 785 .

691 836 1068 909 gregorianis
1089 833 1482 899 Sacrator-ios,
1515 831 1829 891 Promotou·
1854 830 2025 889 Fidei
2043 838 2097 888 οι
2122 828 2271 888 Pro·
2502 826 2735 891 lisdem
2776 827 3190 893 caeremoniis
3213 869 3233 900 ,
3262 847 3420 910 quas
3440 829 3677 899 nudius
3721 830 3947 904 tertius

694 940 948 990 curator
977 932 1247 993 fiscalis
1281 931 1573 991 camerae
1610 927 2015 1002 Apostolicoo.
2254 948 2265 961 ⁴
2380 922 2887 1008 significavimus,
2911 924 3134 989 iisdem
3168 923 3366 990 terme
3386 925 3673 990 Personis
3700 926 3947 991 adelam

1003 1051 1012 1056 ·
2292 1040 2299 1047 ·
2378 1019 2587 1093 tibus,
2614 1039 2777 1102 quae
2806 1015 3137 1086 adfuerant
3163 1021 3227 1082 in
3257 1021 3600 1104 superiori,
3631 1022 3749 1087 bo'o
3792 1042 3947 1104 quo·

823 1131 908 1185 ne
940 1123 1231 1188 mandato
1265 1118 1648 1231 sanctissimi
1686 1062 1925 1182 Domini
1951 1078 2163 1182 Nostri
2350 1137 2504 1200 ‚que
2562 1117 3027 1189 consistorium,
3086 1126 3408 1201 peractum
3465 1125 3585 1184 est.
3655 1119 3945 1185 Pontifex

901 1218 1129 1301 'empse-
2163 1266 2168 1271 -
2304 1230 2311 1239 '
2376 1212 2642 1297 praefari
2677 1214 2762 1279 ita
2791 1214 3019 1296 coepit

709 1416 1524 1597 VENERABILES
1533 1514 2020 1591 FRATRES.
2099 1515 2273 1589 Post
2342 1532 2624 1588 causam
2699 1506 2893 1589 beati
2966 1488 3247 1588 Fidelis
3284 1543 3344 1588 a
3425 1513 3935 1619 Sigmaringa
3903 1573 3925 1608 ‚

708 1666 930 1742 quam
966 1636 1190 1710 Vobis
1240 1637 1318 1708 in
1363 1612 1843 1739 praecedenti
1898 1632 2392 1705 Consismrio·
2410 1633 2974 1743 proposuimus,
3036 1618 3336 1705 alteram
3399 1630 3589 1731 beati
3630 1632 3935 1710 Camilli

706 1774 801 1830 ue
851 1750 1074 1828 Lellis
1124 1754 1202 1825 in
1253 1750 1398 1823 hoc
1450 1744 1815 1853 praesenti
1865 1746 2259 1822 Consistm
2239 1773 2311 1819 10
2362 1733 2585 1839 Vobis
2632 1746 3099 1837 exhibemus3
3163 1763 3239 1821 et
3302 1723 3941 1850 quemadmodum
3982 1775 3991 1783 '

702 1877 784 1945 iu
830 1895 1042 1947 causa
1095 1867 1293 1943 beati
1341 1862 1604 1939 Fidelis
1653 1862 1926 1943 sacram
1977 1844 2541 1975 antiquitatem,
2615 1879 2705 1937 et
2751 1862 2968 1975 hujus
3016 1881 3314 1957 sanctae
3354 1865 3561 1940 Sedis
3612 1866 3933 1981 discipli-2·

703 2016 872 2063 nam
924 2003 1094 2060 ante
1143 1981 1397 2058 oculos
1446 1982 1879 2072 habuimus,
1912 1982 2011 2053 ita
2039 1968 2395 2083 profecto
2424 1997 2741 2059 mentem
2776 1966 3111 2055 eandem
3121 1980 3465 2084 idemque
3494 1985 3935 2062 institutum

704 2109 781 2179 in
840 2099 1329 2209 proponenda
1393 2125 1603 2174 causa
1649 2093 1847 2172 beati
1897 2094 2189 2193 Camilli
2217 2094 2577 2181 hodierna
2636 2090 2757 2171 die
2810 2101 3254 2187 retinemus.
3313 2099 3676 2209 Equidem
3734 2105 3939 2178 inter

701 2210 1065 2325 Martyres
1114 2220 1267 2322 ipse
1320 2241 1471 2289 non
1526 2230 1997 2304 recensetur,
2046 2211 2172 2287 sed
2224 2216 2425 2321 iuter
2475 2213 2987 2306 confessores,
3040 2241 3132 2290 eo
3145 2210 3391 2319 quod
3447 2218 3932 2321 praeclarissi-

703 2342 892 2415 simis
941 2362 1109 2411 sane
1166 2333 1604 2424 virtutibus,
1660 2357 1744 2406 ac
1798 2333 2069 2406 meritis
2118 2347 2510 2406 exornatus
2562 2357 2649 2408 ex
2702 2331 2837 2406 hac
2918 2328 3204 2408 mortali
3287 2335 3430 2411 vita
3491 2334 3566 2408 in
3626 2336 3927 2425 Caelum

702 2453 1173 2557 migraverit,
1228 2449 1543 2523 naturali
1596 2464 1844 2522 tamen
1898 2449 2149 2520 mortis
2197 2474 2516 2553 genere;
2572 2475 2816 2552 neque
2868 2452 2949 2525 in
2970 2446 3251 2525 odiuin
3300 2432 3739 2531 christianae
3760 2458 3928 2530 Re-

698 2571 984 2674 ligionis
1033 2565 1469 2641 interfectus
1521 2567 1746 2641 vitam·
1777 2565 2147 2637 amiserit.
2201 2546 2542 2658 Quamvis
2591 2583 2839 2641 autem
2880 2567 3411 2642 consessorum
3436 2567 3741 2649 cultus
3759 2587 3931 2675 post

699 2690 989 2790 Marty1
991 2711 1115 2759 um
1168 2682 1478 2757 cultum
1490 2680 1834 2756 inductus
1881 2678 2161 2772 fuerit,
2217 2698 2459 2758 tamen
2508 2680 2713 2759 illum
2765 2674 3044 2788 pariter
3095 2688 3483 2787 antiquum
3535 2711 3743 2777 esse,
3785 2692 3929 2763 mi-

701 2806 918 2878 mme'
932 2818 1039 2877 est
1075 2797 1614 2887 dubitandum·
1607 2823 1814 2875 cum
1849 2823 1938 2873 ex
1988 2794 2235 2872 seculo
2285 2814 2557 2919 quarto
2606 2796 2825 2903 hujus
2877 2805 2991 2876 rei
3024 2820 3496 2877 monumenta
3538 2807 3933 2901 certissima

703 2934 1153 3054 suppetant,
1204 2919 1478 2991 etiamsi
1551 2912 1848 3011 illorum
1918 2918 2347 2990 sententiam
2398 2942 2839 3031 sequamur,
2876 2921 3031 3052 qui·
3069 2945 3371 3005 sacram
3404 2924 3972 3032 antiquitatem.

703 3042 921 3141 magis
1000 3050 1339 3109 accurate
1411 3004 1945 3152 diligenterque
2001 3018 2607 3135 perscrutantur.
2632 3036 2863 3109 Hanc
2915 3038 3334 3140 opinionem
3386 3037 3534 3112 Nos
3606 3036 3921 3141 amplexi

704 3183 948 3232 sumus
998 3158 1076 3229 in
1129 3152 1684 3227 Commentariis
1715 3146 1977 3225 nostris
2013 3154 2144 3227 DE
2181 3151 2978 3232 CANONIZATIONE
3014 3153 3650 3245 SANCTORUM,
3680 3158 3926 3230 omit-

692 3290 944 3349 tentes
995 3298 1156 3345 eam
1188 3267 1801 3370 disputationem,
1849 3292 2048 3369 quae
2100 3269 2292 3344 vires
2341 3269 2729 3343 eruditos
2709 3298 2786 3344 ιιι
2823 3270 3025 3345 duas
3016 3287 3281 3374 partes
3316 3270 3627 3363 dividit,
3663 3290 3933 3350 utrum

703 3390 947 3466 cultus
996 3388 1221 3463 sancti
1275 3384 1522 3472 Hilarii
1576 3384 2075 3472 PictaviensiS‚
2127 3409 2220 3456 an
2271 3387 2496 3492 sancti
2549 3388 2849 3514 Martini
2898 3389 3347 3500 Turonensis
3394 3383 3917 3464 Confessorum

706 3508 1077 3611 antiquior
1112 3507 1191 3582 in
1225 3500 1552 3578 Ecclesia
1594 3477 1948 3575 dicendus
1999 3493 2358 3576 videat'ur.

863 3626 1061 3697 Haec
1112 3617 1362 3722 quoad
1413 3642 1683 3692 samam
1760 3619 2324 3720 antiquitatem:
2350 3589 2654 3702 Verum
2713 3620 2961 3723 quoad
3040 3621 3260 3725 hujus
3333 3622 3640 3698 Sanctae
3690 3587 3931 3698 sedis

708 3740 1210 3844 disciplinam,
1262 3759 1479 3809 nemo
1535 3736 1821 3837 ignorat
1850 3787 1871 3824 ‚
1921 3735 2321 3836 Monachus
2356 3741 2628 3853 primos
2664 3738 2882 3814 fuisse
2909 3794 2932 3831 ,
2964 3743 3097 3843 qui
3131 3739 3447 3816 consilia
3482 3739 3924 3845 Evangelica

707 3862 840 3937 sibi
891 3849 1188 3966 penitus
1236 3850 1579 3925 imitanda
1632 3853 2205 3956 proposuerint,
2258 3852 2524 3928 deinde
2559 3854 3131 3930 Mendicantium
3167 3856 3479 3931 Ordines
3516 3858 3703 3930 hanc
3742 3860 3924 3932 viam

709 3983 1068 4090 ingressos
1112 3983 1313 4061 6556,
1364 3994 1447 4043 ac
1500 3984 1869 4072 postremo
1922 3996 2048 4043 eos
2097 3965 2400 4064 coetus,
2427 3974 2579 4078 qui
2633 3971 2897 4094 Clerici
2955 3973 3349 4078 Regulares
3411 3953 3925 4078 appellantur.

711 4092 906 4171 Illud
944 4093 1160 4191 etiam
1197 4091 1566 4192 cognitum
1606 4103 1714 4164 est
1766 4087 2101 4166 omnibus
2152 4099 2825 4200 perspectumque,
2874 4089 3142 4166 Sedem
3196 4091 3382 4165 hanc
3434 4090 3935 4195 Apostolicam'

708 4231 998 4315 semper
1049 4205 1446 4312 proclivem
1499 4204 1765 4297 fuisse,
1817 4222 1903 4279 ut
1951 4209 2151 4281 inter
2207 4207 2533 4282 Sanctos
2610 4208 2933 4282 referret
3010 4205 3372 4284 ordinum
3450 4205 3932 4310 Regularium

707 4331 771 4405 F
771 4326 1213 4415 undatores
1263 4325 1320 4396 si
1371 4320 1472 4395 illi
1524 4322 1920 4397 vintutibus
1970 4323 2280 4398 heroicis
2329 4322 2708 4427 gloriaque
2762 4324 3289 4400 miraculorum
3355 4341 3551 4429 post·
3592 4325 3899 4400 obitum
3902 4369 3928 4414 ‚·

707 4451 844 4523 u'ti
881 4444 1278 4518 necessario
1331 4442 1791 4541 requiritur,
1842 4443 2143 4514 maxime
2197 4441 2718 4517 excelluerint·
2740 4470 2922 4517 non
2948 4461 3149 4526 una
3175 4460 3419 4516 tamen
3472 4461 3762 4544 semper
3797 4447 3933 4516 ea-'

714 4543 1035 4668 demque
1089 4562 1432 4660 ratione,
1481 4582 1648 4630 cum
1702 4559 2153 4660 antiquiores
2204 4561 2358 4631 ritu
2407 4561 2855 4663 antiquiori,
2907 4551 3130 4676 tacito
3185 4557 3521 4638 videlicet
3581 4562 3929 4634 Summo-

718 4712 885 4761 rum
937 4676 1383 4766 Pontificum
1442 4700 1777 4765 assensu,
1815 4677 2058 4748 ceteri
2114 4661 2510 4751 recentiori
2562 4671 2745 4769 ritu,
2811 4665 3150 4782 expresso
3204 4675 3539 4753 videlicet
3590 4701 3925 4769 asensu,

709 4808 931 4888 immo
971 4794 1256 4902 prolata
1306 4823 1348 4868 a
1399 4794 1712 4872 Summis
1756 4728 2239 4867 Pontificibus
2289 4792 2656 4872 definitiva
2704 4798 3118 4888 sententia,
3169 4793 3450 4869 fuerint
3484 4772 3922 4869 Sanctorum

713 4921 935 4996 Fastis
986 4915 1381 5016 adscripti,
1431 4909 1629 5012 juxta
1684 4909 2048 5013 duplicem
2103 4912 2573 4985 canonizandi
2630 4912 2972 5004 modum,
3008 4905 3118 4987 de
3177 4938 3331 5042 quo
3402 4914 3478 4985 in
3554 4914 3926 4986 recensitis

715 5039 979 5112 nostris
1031 5032 1585 5106 Commentariis
1634 5027 2051 5110 luculenter
2085 5030 2406 5131 egimus,
2456 5030 2769 5132 epochas
2801 5046 3218 5133 temporum
3259 5025 3684 5118 statuendo,
3716 5027 3925 5129 quod

716 5182 809 5229 an
861 5149 1172 5226 feliciter
1225 5145 1590 5220 fuerimus
1628 5147 1978 5248 assecuti,
2030 5142 2341 5217 aliorum
2375 5163 2531 5219 esto
2580 5143 3927 5247 judicium..

871 5271 1112 5343 Porro
1165 5262 1364 5367 juxta
1411 5265 1728 5365 primum
1773 5253 2353 5341 canonizationis
2405 5289 2734 5353 morem,
2766 5261 3057 5339 cultum
3090 5259 3519 5364 publicum
3501 5287 3576 5336 ιιι
3608 5259 3927 5356 Ecclesia

720 5381 1103 5461 uuive1sali
1158 5380 1647 5454 obtinuerunt
1726 5377 2043 5469 Paulus,
2117 5369 2524 5469 Antonius,
2601 5375 2895 5453 Basilius
2971 5393 3319 5451 coetuum
3392 5376 3924 5452 Monachomm
