4442 6300
979 509 1086 561 230

792 651 897 716 lus
926 652 1080 718 olim
1113 651 1421 738 praedixit
1446 700 1467 729 ,
1493 657 1627 741 (a)
1656 656 1923 721 invicem
1972 659 2267 729 mordent
2310 667 2375 723 et

792 751 1155 825 comedunt,
1185 759 1248 816 et
1268 772 1383 817 nos
1403 755 1849 818 consumimur.
1874 754 2189 838 Siquidem
2233 774 2380 840 spes

791 856 890 912 est
946 849 1274 930 qued-ille,
1303 852 1410 932 qui
1441 850 1641 916 adbuc
1673 851 1963 916 mortalis
2007 873 2130 916 non
2163 853 2371 918 solum

787 945 1058 1026 privatas
1090 947 1376 1012 Familias
1399 992 1420 1021 ‚
1466 949 1577 1013 sed
1606 937 1886 1034 integros
1913 970 2074 1031 pene
2106 949 2377 1034 Populos

787 1044 1216 1109 acerbissimis
1259 1045 1420 1111 odiis
1449 1046 1553 1108 diu
1598 1047 1764 1109 inter
1782 1069 1850 1111 se
1894 1048 2276 1113 dissidentes
2301 1071 2373 1114 ac

788 1140 1157 1208 dimicantes
1180 1145 1413 1226 optima
1428 1143 1550 1207 fide
1571 1146 1830 1227 pacavit,
1856 1142 2386 1210 immortalismo-

782 1240 866 1303 do
886 1249 952 1304 et
971 1240 1233 1306 caelesti
1266 1242 1414 1306 sede
1441 1252 1758 1325 receptus,
1788 1242 1895 1307 fiat
1920 1260 2038 1323 pro
2066 1244 2249 1308 nobis
2277 1251 2382 1307 In-

780 1344 1099 1400 tercessor
1124 1341 1284 1421 apud
1310 1346 1527 1413 Deum,
1556 1347 1624 1402 ut
1651 1342 1864 1405 audiat
1892 1341 2144 1405 tandem
2176 1343 2372 1426 gemi-

783 1442 886 1497 tus
910 1454 1372 1517 oppressorum,
1397 1437 1657 1519 aspiciat
1672 1436 1989 1523 lacrymas
2006 1439 2369 1517 -viduarum,

783 1543 995 1614 parcat
1018 1533 1484 1598 calamitatibus
1515 1532 1947 1618 Reipublicae,
1969 1558 2042 1601 ac
2072 1536 2369 1612 sublatis,

778 1629 1011 1703 bellis,
1041 1632 1402 1713 compositis
1434 1632 1711 1697 dissidiis
1735 1678 1755 1706 ‚
1785 1634 2076 1699 extinctis
2106 1644 2369 1700 conten·

786 1728 1064 1793 tionibus
1096 1749 1311 1811 pacem
1348 1736 1538 1815 ponat
1562 1730 1723 1795 fines
1738 1731 2084 1796 Ecclesiae.

854 1925 1184 1989 JOSEPH
1216 1927 1464 1989 nunu
1496 1930 1750 1990 Fon-om·
1781 1927 2286 2006 Arcbicpiscopus

912 2064 919 2069 -
1190 2028 1611 2088 Damnst-enus
1622 2029 1952 2089 Auitum.

913 2217 1454 2284 Ardentissimae
1435 2239 1499 2282 in
1530 2226 1725 2285 Deum
1755 2229 1818 2285 et
1846 2220 2199 2285 Proximum
2232 2216 2374 2282 cha·

783 2318 1275 2403 ritatis·victima
1332 2338 1480 2383 vere
1512 2317 1634 2382 tuit
1678 2318 2203 2409 beatusblosepb.
2250 2324 2369 2382 Pro
2435 2374 2447 2383 .

788 2416 903 2481 Pei
933 2415 1127 2499 gloria
1158 2423 1225 2479 et
1253 2417 1601 2479 animarum
1636 2415 1837 2481 salute
1869 2435 1985 2481 nec
2028 2414 2371 2499 suspendio
2403 2452 2404 2455 =

789 2515 947 2575 mori
981 2513 1228 2586 timuit,
1260 2532 1376 2577 nec
1420 2514 1483 2575 in
1514 2511 1838 2577 laboribus
1867 2513 2077 2577 vivere
2122 2533 2368 2585 recusa-

787 2612 896 2674 ritss
927 2599 1082 2687 Quid
1126 2630 1280 2693 ergo
1324 2608 1640 2692 reliquum
1669 2618 1811 2684 est,
1855 2610 1977 2673 nisi
2022 2609 2189 2692 qnod
2235 2616 2365 2673 tam

787 2729 1079 2793 magnum
1105 2708 1414 2791 seraphici
1433 2708 1679 2773 Ordinis
1699 2707 1915 2771 lumen
1936 2718 2000 2771 et
2031 2728 2365 2773 ornamen-

787 2817 917 2870 tum
951 2807 1089 2891 (b)
1120 2827 1311 2890 super
1338 2806 1834 2871 candelabrum
1816 2827 1879 2868 in
1910 2815 2119 2870 sancta
2152 2806 2368 2871 Eccle-

789 2906 877 2969 s'ia
921 2903 1121 2969 eollo(
1112 2913 1307 2978 etur
1338 2911 1410 2967 ut
1437 2905 1731 2969 omnibus
1774 2906 1881 2988 qni
1925 2903 1989 2967 in
2018 2904 2208 2969 domo
2254 2904 2365 2969 Dei

790 3010 975 3075 sunt,
1006 3000 1370 3071 elucescat?

829 3199 1221 3262 J-OANNES
1257 3198 1745 3261 FRANCISCUS
1771 3199 2075 3274 stuppam·
2096 3198 2332 3262 Archis-

983 3335 990 3348 ·
1104 3302 1399 3373 piscopm
1425 3301 1697 3359 Corinthi
1735 3295 2071 3368 Δωρίους.

922 3495 989 3551 ln
1043 3488 1300 3551 sublimi
1344 3488 1722 3552 humilitatis
1777 3485 2029 3570 fastigio
2071 3484 2370 3550 solidiora

790 3589 1015 3673 jacens
1027 3587 1379 3650 sanctitatis
1407 3585 1804 3649 fundamenta
1823 3590 1891 3647 R.
1912 3582 2142 3666 Ioseph
2167 3604 2200 3647 a
2220 3592 2373 3648 Leo·

792 3687 958 3749 nissa
990 3693 1158 3748 tanta
1191 3703 1337 3766 erga
1363 3690 1560 3752 Deum
1593 3701 1666 3745 ac
1697 3684 2026 3747 Proximos
2066 3681 2372 3747 ohariiate

792 3782 1050 3847 refulsit
1077 3781 1467 3861 exarsitque,
1488 3787 1555 3841 ut
1582 3780 1789 3862 primo
1819 3780 2182 3864 Byzantium
2214 3801 2375 3845 mar-

792 3878 942 3963 tyrii
977 3877 1196 3940 avidus
1238 3872 1631 3952 contenderit
1655 3920 1674 3948 ‚
1702 3876 1988 3959 illudque
2029 3879 2373 3944 asserendo

794 3986 862 4039 et
894 3974 1309 4058 praedicande
1353 3974 1757 4047 sustinuerit,
1792 3974 1940 4038 licet
1972 3972 2215 4039 servata*
2255 3996 2373 4060 per

804 4073 1179 4139 miraculum
1224 4074 1347 4136 vita
1392 4091 1519 4134 non
1556 4073 2120 4155 consummaverin-
2153 4092 2223 4136 ae
2267 4093 2395 4153 po·-

790 4179 1038 4234 *stremo
1068 4170 1129 4231 in
1149 4169 1394 4251 propria
1410 4173 1544 4248 Deo
1567 4167 1657 4231 sic
1677 4168 2049 4250 disponente
2081 4189 2372 4235 reversus

801 4267 1092 4330 omnibns
1121 4267 1326 4330 omnia
1358 4265 1558 4330 factus
1581 4308 1600 4338 ,
1634 4272 1697 4328 et
1729 4265 1822 4328 sui
1868 4264 2070 4345 ipsius
2114 4267 2371 4330 sedulus
2501 4302 2516 4309 ‘

800 4365 1146 4448 abnegator
1199 4383 1312 4448 pro
1370 4362 1691 4426 Fratribus
1731 4363 1986 4444 cupiens
2044 4364 2374 4431 anathema

794 4461 939 4527 fieri
970 4463 1240 4526 animam
1264 4480 1376 4545 pro
1405 4461 1626 4542 iisdem
1644 4480 1884 4542 ponere
1908 4480 2043 4526 non·
2060 4462 2376 4528 dubitave-

794 4561 900 4628 rit.
942 4559 1154 4622 Virum
1188 4558 1472 4641 'proinde
1531 4562 1601 4623 et
1639 4559 1993 4643 hujusmodi
2039 4567 2104 4623 et
2145 4563 2377 4626 ceteris

798 4658 1236 4723 charismatum
1292 4656 1471 4720 donis
1512 4665 1876 4720 exornatum
1916 4659 2376 4743 *praeclaraque

800 4756 1154 4839 praeditum
1188 4755 1523 4818 Sanctitate
1552 4754 1774 4819 multis
1800 4762 1866 4819 et
1895 4758 1970 4820 ad
2014 4766 2369 4838 portentum

708 4924 717 4932 .
802 4854 1061 4936 patratis
1102 4853 1304 4935 signis
1345 4853 1747 4932 comprobata
1781 4854 1843 4916 in
1874 4858 2232 4918 Sanctorum
2274 4854 2378 4917 Al-

806 4953 957 5016 bum
1001 4949 1225 5014 referri
1284 4952 1361 5014 ad
1421 4950 1745 5015 militantis
1788 4951 2102 5020 Ecclesiae
2144 4954 2379 5035 praesi-

809 5048 980 5111 dinm
1026 5055 1086 5109 et
1120 5046 1356 5119 decus,
1387 5046 1642 5129 dignum
1681 5043 2047 5131 justumque
2086 5049 2378 5124 videtur,

809 5153 1120 5226 quatenus
1163 5143 1247 5207 ita
1279 5144 1358 5206 ab
1403 5130 1759 5227 Apostolica
1800 5143 1916 5209 bac
1960 5153 2178 5211 Sancta
2221 5147 2380 5212 Sede

808 5241 1204 5326 dijudicetur.
2258 5283 2262 5288 -

920 5451 1005 5521 (a)
1032 5451 1130 5505 Aa
1159 5452 1285 5506 Gal.
1315 5468 1436 5525 cap.
1466 5455 1516 5508 ὅ.
1556 5453 1648 5528 (b)
1674 5455 1877 5510 laub.
1906 5471 2028 5528 cap.
2057 5456 2110 5510 b.
2141 5456 2229 5511 1⁸.

1982 513 2187 566 ACTA
2228 480 2882 568 cmoxtz'ssx'rmms

2645 660 3027 723 melum·-
3056 665 3125 721 αι
3157 662 3374 724 Palma
3409 656 3916 739 Ara-‘Remanent

2943 762 3269 822 Reatinus
3298 761 3614 824 Auium.

2610 1045 2929 1112 Mirabilia
2960 1055 3104 1113 sunt
3141 1067 3263 1114 nec
3288 1048 3504 1133 pervia
3544 1049 3762 1124 dictu,
3792 1070 3955 1133 quae
3998 1071 4064 1115 o-

2487 1154 2741 1224 peratus
2768 1154 2867 1209 est
2896 1153 3064 1209 Deus
3092 1146 3152 1208 in
3184 1145 3420 1210 famulo
3448 1166 3563 1211 suo
3605 1152 3674 1210 Β.
3704 1147 3982 1229 Ξοεθρῑιο
4023 1169 4059 1212 a

2486 1241 2838 1314 Leonissa
2887 1242 2966 1306 de
3022 1240 3202 1324 eujus
3244 1244 3729 1308 canonizatione
3773 1244 4066 1310 instantia

2488 1339 2898 1421 proponitur,
2927 1346 3179 1405 PATER
3210 1345 3710 1407 BEATlssmss:
3742 1344 3843 1405 Ab
3861 1349 4067 1421 insan-

2485 1440 2575 1498 tu‘a
2599 1448 2972 1517 praeventus
3009 1444 3080 1499 in
3104 1437 3622 1502 benedictionibus
3663 1443 4059 1513 sanctorm,

2483 1540 2671 1595 crevit
2725 1547 2942 1611 postea
2981 1541 3215 1612 pietate
3262 1548 3318 1598 et
3358 1542 3567 1614 qratia
3596 1557 3793 1601 coram
3831 1543 3958 1601 Deo
4001 1528 4086 1603 et⁸

2481 1635 2839 1696 hominibus.
2860 1632 3273 1713 inscraphico
3301 1620 4062 1716 Ordine'Capnccinorum

2482 1728 2799 1802 adscitum,
2833 1730 3004 1793 brevi
3027 1730 3190 1795 ‘adeo
3218 1729 3522 1794 virtutum
3554 1731 3839 1794 omnium
3856 1731 4066 1814 attigit

2367 1870 2374 1881 .
2483 1825 2771 1915 culmen,
2799 1834 2873 1889 ut
2907 1826 3053 1910 jure
3085 1826 3312 1890 merito
3347 1826 3598 1890 heroici
3612 1827 3887 1894 bominis
3929 1827 4065 1913 glo·

2483 1923 2642 1987 riam
2673 1922 3169 2006 fueritadeptns.
3197 1931 3279 1987 ln
3310 1922 3606 2008 Regulari
3653 1924 4064 1992 observantia

2480 2020 2697 2086 nullus
2726 2022 3038 2095 exactior,
3069 2022 3148 2084 in
3164 2021 3367 2106 rigore
3399 2021 3824 2105 poenitentiae
3852 2024 4065 2096 nullus

2485 2117 2748 2194 fortior,
2789 2119 2862 2182 in
2885 2120 3242 2219 abiectione
3268 2120 3642 2186 humilitatis
3682 2121 4065 2205 perfectissi-

2485 2236 2646 2282 mus.
3167 2268 3180 2277 ,

2614 2314 2977 2380 Dilatandae
3007 2314 3182 2379 Fidei
3213 2316 3524 2382 excitatus
3552 2315 3802 2391 ardore,
3830 2314 4068 2402 longis·

2484 2412 2644 2480 simo
2669 2414 2895 2478 itinere
2938 2413 3014 2478 ad
3044 2413 3337 2478 Tureicas
3379 2415 3856 2497 peregrinatus
3854 2414 4067 2479 Natio-

2482 2532 2640 2586 nes,
2682 2511 2837 2574 nihil
2887 2510 3145 2595 pavidus
3186 2530 3262 2575 ea
3305 2512 3586 2594 perpeti,
3632 2530 3795 2593 quae
3837 2510 4058 2574 infide-

2476 2606 2635 2675 lium
2667 2607 3159 2675 rabiesrini’erret
3187 2652 3207 2683 ,
3236 2607 3482 2673 vincula
3507 2651 3528 2683 ,
3560 2608 3826 2673 ‘verbera
3851 2651 3873 2683 ,
3915 2606 4051 2671 vul-

2476 2726 2626 2771 nera
2645 2751 2668 2779 ,
2712 2708 2992 2771 ssa'nnnas
3016 2749 3036 2780 ,
3063 2711 3294 2769 Cruces
3317 2747 3339 2779 ,
3378 2704 3545 2769 inter
3573 2726 3744 2788 quae
3777 2708 4057 2770 mortem

2477 2798 2771 2869 invictam
2816 2804 3233 2887 oppetiisset,
3264 2803 3384 2868 nisi
3420 2803 3566 2869 inde
3610 2802 3838 2888 Angeli
3877 2803 4060 2871 nini-

2476 2896 2669 2970 sterio
2702 2902 2926 2966 Fuisset
2957 2910 3230 2983 ereptus.
3307 2943 3312 2947 -

2604 3000 2946 3083 Apostolici
2967 2999 3179 3064 herois
3208 2997 3449 3083 insigne
3468 2998 3768 3062 meritum
3795 2997 4064 3063 miraeu-
4133 2988 4139 2993 ’

2473 3096 2535 3163 la
2569 3097 2830 3181 plurima
2874 3100 3289 3172 decorarunt,
3332 3116 3412 3161 ne
3439 3104 3580 3181 post
3624 3092 4057 3185 testimonium

2478 3196 2792 3260 bominum
2821 3197 3075 3259 deesset
3093 3194 3416 3260 Sanc-titali
3440 3195 3580 3280 ejus
3605 3194 4061 3259 Testimonium

2473 3294 2637 3366 Dei,
2670 3293 2838 3376 qnod
2872 3293 3075 3375 majus
3103 3300 3222 3356 est.

2605 3390 3073 3456 Benemeritum
3103 3391 3317 3473 itaque
3344 3389 3561 3455 Virum
3609 3388 3689 3452 de
3733 3388 3919 3463 Fide,
3964 3386 4048 3452 de

2479 3487 2808 3563 Ecclesia,
2862 3489 2944 3553 de
2988 3488 3332 3572 Serapbica
3372 3487 3654 3552 Familia
3677 3479 4062 3575 Capuccino-.

2485 3608 2623 3650 rum
2652 3630 2673 3661 ,
2724 3586 3108 3651 cumulatum
3162 3587 3554 3649 virtutibus
3533 3627 3552 3668 ,
3581 3583 3927 3668 fulgentem
3977 3582 4059 3647 si-

2485 3685 2622 3768 gnis
2652 3683 2993 3765 proficuum
3027 3688 3125 3747 est
3145 3726 3165 3757 ,
3194 3687 3447 3748 PATER
3476 3683 3962 3754 BEATtssmss,
3990 3679 4055 3742 in

2483 3779 2819 3847 christiana
2853 3778 3199 3861 Republica
3231 3776 3607 3859 Populorum
3629 3776 3957 3839 imitationi
3990 3782 4058 3840 et

2482 3878 2868 3942 venerationi
2901 3895 3276 3959 proponere3
3307 3882 3493 3957 prout
3527 3873 3900 3939 solemniter
3921 3871 4057 3948 fiet,

2485 3976 2699 4040 statim
2734 3996 2805 4039 ac
2825 3995 2862 4038 a
2888 3982 2975 4039 Te
3010 3993 3299 4056 suprema
3330 3972 3691 4056 proferatur
3722 3971 4057 4047 sententia,

2483 4095 2597 4157 per
2627 4092 2809 4156 quam
2842 4074 3065 4136 beatus
3090 4069 3325 4153 Josepb
3343 4090 3378 4133 a
3401 4068 3699 4133 Leonissa
3731 4069 3898 4133 inter
3922 4088 4059 4134 san·

2482 4181 2621 4237 ctos
2651 4167 3065 4250 Confessores
3095 4173 3497 4232 recenseatur
3515 4213 3532 4230 .

2492 4461 2890 4527 sumsu
2907 4464 3001 4526 US
3044 4462 3341 4524 patrastri
3378 4459 3881 4537 Ατοήΐερίεοορυ
3914 4463 4056 4523 Βω-

2980 4579 3187 4623 senus
3213 4561 3550 4623 Anserem.

2618 4851 2976 4918 O'altitndo
3014 4849 3369 4914 divitiarum
3411 4850 3750 4934 sapientiae
3766 4855 3830 4913 et
3857 4850 4058 4914 scien-
4099 4902 4107 4910 .

2491 4950 2615 5014 tiae
2664 4951 2817 5022 Dei,
2862 4969 3046 5032 quam
3091 4948 3758 5030 incomprehensibilia
3789 4956 3934 5011 sunt
3956 4947 4057 5030 jn-

2493 5049 2660 5113 dicia
2688 5049 2830 5131 ejas
2858 5054 2936 5124 et&
2975 5044 3446 5129 investigabiles
3485 5046 3630 5109 viae
3688 5045 3830 5127 ejus
3856 5090 3871 5106 .
3902 5049 4056 5108 Cen-

2491 5151 2621 5209 tum
2656 5141 2911 5228 triginta
2941 5151 3211 5225 quatuor
3241 5162 3548 5206 annorum
3596 5143 3799 5212 stadio
3821 5185 3842 5215 ,
3883 5140 4052 5216 beati

2489 5240 2750 5325 ‹sosephi
2781 5262 2815 5305 a
2843 5239 3140 5308 Leonissa
3181 5258 3304 5305 non
3332 5239 3606 5304 obscuro
3646 5240 3891 5322 Aprutii
3937 5244 4055 5320 Op-
4088 5252 4092 5256 ’
