4442 6300
977 545 1047 596 1511
1975 543 2182 598 ACTA
2220 544 2878 604 CANomzA'rtottts

792 687 1124 752 Enimvero
1164 686 1447 753 homines
1475 687 1582 770 qui
1610 687 1888 749 animum
1924 686 2123 751 semel
2156 687 2348 768 appli-
2462 688 2546 761 la,
2576 710 2735 772 quae
2765 712 2965 775 nuper
2989 711 3105 776 per
3132 698 3220 756 Te
3250 693 3520 778 cognita,
3551 701 3640 758 Tu
3673 692 3812 777 ipse
3840 698 4018 758 BEA-

792 805 982 848 curre
1001 786 1076 847 ad
1097 784 1269 848 illam
1294 792 1610 848 aeternam
1633 783 1728 867 (0)
1745 783 2134 854 felicitatem,
2160 804 2345 862 quam
2462 795 2764 854 ‘rissmss
2795 796 3044 855 PATER
3079 791 3440 873 Apostolico
3473 798 3580 856 tuo
3603 791 3841 874 judicio
3877 812 4018 874 pro·

788 883 1148 960 repromisit
1182 890 1345 946 neus
1363 882 1765 964 diligentibus
1794 902 1886 953 se,
1906 881 2057 942 dum
2087 880 2214 945 fide
2243 903 2349 945 ex·
2458 887 2700 951 bavisti.
2733 894 2903 962 Quae
2933 889 3286 972 hujusmodi
3316 882 3526 953 fuere,
3550 890 3853 953 Sacerdos
3884 900 4018 952 erat

784 979 980 1045 citati,
1003 1000 1114 1062 spe
1136 988 1196 1044 et
1227 981 1524 1044 charitate
1558 980 1885 1059 eriguntur
1916 987 1978 1041 et
2002 979 2348 1062 junguntur
2457 983 2711 1065 quidam
2758 985 3025 1050 nidacns
3055 993 3466 1067 cognomento
3507 984 3865 1059 placentin
3910 986 4017 1066 qui

784 1076 1066 1158 quotidie
1098 1079 1297 1161 magis
1325 1078 1402 1140 ad
1432 1085 1628 1141 Deum
1658 1076 1906 1157 ipsum3
1939 1075 2157 1139 borum
2203 1094 2344 1155 pro·
2455 1100 2647 1163 quum
2678 1080 3012 1162 aliquando
3052 1083 3130 1146 ad
3162 1085 3363 1165 ignem
3409 1090 3602 1145 staret
3642 1080 4019 1146 calefaciens

777 1173 947 1240 secto
993 1175 1214 1239 animis
1267 1195 1450 1258 quam
1509 1173 1836 1236 minimum
1893 1182 2140 1254 oportet
2195 1191 2338 1236 esse
2453 1196 2561 1249 se,
2592 1188 2848 1257 repente
2892 1185 3218 1262 correptus
3263 1178 3564 1243 comitiali
3616 1180 3839 1246 morbo
3883 1196 4011 1260 quo

774 1273 1143 1338 commercii
1183 1293 1321 1334 cum
1364 1271 1776 1354 0011101111118,
1822 1279 1891 1334 111
1937 1270 2167 1332 mirum
2213 1288 2337 1332 11011
2448 1273 2826 1354 plerumque
2855 1274 3204 1348 laborabat,
3235 1276 3461 1340 cecidit
3490 1275 3554 1336 in
3580 1271 3802 1339 faciem
3833 1296 4008 1339 suam

769 1369 851 1431 sit
872 1413 891 1437 ,
924 1371 975 1434 si
1010 1378 1137 1435 tam
1169 1367 1355 1435 facile
1386 1390 1459 1433 ea
1480 1389 1664 1449 saepe
1687 1367 2151 1451 aggrediantur,
2172 1387 2336 1446 quae
2453 1391 2644 1451 super
2669 1372 2880 1453 ignem
2927 1374 3130 1456 ipsum
3154 1416 3175 1446 ,
3204 1374 3518 1455 ollamque
3551 1393 3630 1435 eo
3673 1393 3819 1437 casu
3866 1373 4010 1435 sub·

765 1464 1070 1529 humanas
1097 1466 1263 1530 vires
1304 1464 1671 1548 longissime
1705 1470 2001 1544 superant
2045 1482 2334 1527 omnem·
2445 1469 2628 1531 vertit
2685 1467 2988 1534 ferventis
3031 1491 3269 1553 011110ος
3316 1484 3440 1552 11110
3483 1469 3715 1534 factum
3758 1479 3897 1540 est,
3939 1480 4011 1533 ut

765 1582 889 1644 que
920 1562 1209 1633 ordinem
1245 1570 1533 1636 1101111001
1567 1562 1687 1627 nisi
1721 1561 1909 1649 etiam
1941 1568 2006 1623 et
2037 1560 2191 1623 illud
2227 1561 2335 1632 sit,
2452 1565 2726 1629 torridus
2771 1567 2917 1632 inde
2964 1566 3139 1632 illico
3181 1570 3487 1632 excitatus
3530 1588 3718 1649 vapor
3759 1568 3897 1651 ejus
3941 1576 4006 1631 et

766 1660 868 1740 agi
902 1680 1015 1723 eos
1043 1658 1418 1742 plerumque
1444 1668 1510 1722 et
1533 1659 1766 1723 moveri
1797 1659 2207 1731 divinitus‚ut
2238 1676 2338 1721 res
2447 1654 2692 1725 vult'um
2733 1668 3133 1730 combureret
3165 1672 3228 1729 et
3270 1673 3701 1746 corrumperet
3748 1665 3964 1729 oculos
3990 1708 4009 1735 ,

768 1756 1040 1819 audeant
1069 1777 1519 1838 saepenumero
1550 1764 1675 1819 tam
1710 1776 1965 1836 magnas
1994 1765 2056 1819 et
2088 1765 2340 1833 stupen-
2448 1777 2519 1821 ac
2542 1757 2718 1822 fieret
2751 1770 3086 1842 propterea
3115 1761 3227 1824 ille
3259 1783 3484 1826 caecus
3511 1781 3631 1825 non
3660 1762 3876 1824 videns
3906 1768 4011 1823 So·

769 1851 903 1918 clas,
925 1873 1052 1932 quo
1085 1855 1277 1927 magis
1302 1852 1407 1935 (11)
1436 1861 1727 1932 appareat
1761 1849 2125 1934 magnitudo
2147 1851 2334 1912 virtu·
2449 1853 2598 1918 lem.
2626 1863 2692 1917 ln
2725 1878 2803 1921 eo
2834 1878 3022 1938 quum
3055 1859 3224 1922 vires
3256 1880 3399 1922 suas
3429 1878 3648 1923 omnes
3679 1878 3779 1923 ars
3814 1858 4007 1921 medi·

770 1951 849 2013 tis
882 1949 992 2013 Dei
1021 1949 1081 2010 in
1119 1949 1266 2013 illis.
1300 1955 1425 2014 Nec
1470 1951 1713 2013 minora
1743 1949 2109 2031 eafquidem
2155 1949 2335 2030 signa
2447 1974 2514 2026 ca
2539 1974 2792 2018 menses
2822 1955 3496 2037 aliquotneqriicquam
3529 1963 3698 2019 esset
3725 1963 4010 2036 experta,

2444 2050 2715 2116 Didacus
2750 2052 3000 2115 tandem
3027 2053 3099 2115 ad
3137 2052 3412 2135 Regalati
3433 2052 3845 2133 praesidium,
3876 2057 4009 2115 Deo

2445 2158 2761 2217 movente,
2792 2147 3097 2229 confugitg
3124 2149 3426 2230 petiitque
3451 2149 3658 2211 afferri
3692 2148 3811 2210 sibi
3836 2147 4008 2212 illius

2445 2244 2762 2309 cucullum
2788 2289 2809 2320 ,
2852 2247 3105 2327 suisque
3137 2247 3377 2310 affectis
3409 2246 3610 2309 oculis
3651 2246 4000 2307 admoveri:

2446 2344 2576 2413 Qua
2609 2343 2670 2402 in
2703 2362 2809 2414 re,
2852 2363 3042 2422 quum
3069 2342 3163 2404 illi
3196 2341 3382 2407 facile
3417 2342 3640 2405 fuisset
3683 2343 4004 2421 obtempe-

769 2056 826 2109 et
866 2047 1149 2131 prodigia
1181 2047 1477 2121 fuerunt,
1504 2069 1665 2129 quae
1695 2047 1989 2129 deinceps
2018 2056 2157 2129 post
2198 2048 2335 2110 obi-

769 2154 904 2209 tum
943 2145 1106 2208 servi
1153 2146 1249 2208 sui
1296 2144 1503 2209 t'acere
1551 2146 1820 2227 perrexit
1854 2151 2017 2209 Deus
2048 2146 2121 2207 ad
2156 2143 2334 2207 illius

764 2246 966 2327 magis
1006 2242 1441 2308 illustrandam
1489 2246 1920 2309 sanctitatem=
1970 2248 2061 2305 Ex
2103 2242 2331 2321 quibus

762 2342 924 2405 illud
959 2343 1081 2405 erit
1110 2342 1332 2406 ordine
1363 2342 1537 2425 prius
1561 2385 1581 2413 ,
1612 2342 1777 2422 quod
1810 2341 1983 2421 prius
2022 2338 2151 2401 fuit·
2180 2350 2333 2401 tem-

757 2459 941 2521 pore,
973 2458 1115 2500 nam
1140 2438 1370 2502 factum
1405 2449 1499 2503 est
1530 2440 1720 2521 paulo
1742 2446 1881 2518 post
1900 2437 2041 2520 ejus
2060 2436 2329 2507 obitum,

764 2546 954 2616 atque
985 2535 1068 2597 ita
1101 2556 1168 2598 se
1197 2534 1444 2598 babuit·
1473 2542 1672 2609 Quum
1708 2534 2037 2597 mendicus
2080 2532 2327 2612 quidam

766 2633 872 2716 qui
902 2632 1189 2713 accipere
1220 2620 1285 2694 e't
1314 2631 1446 2711 ipse
1478 2630 1699 2694 solitus
1730 2626 1929 2692 suerat
1954 2648 2203 2692 mensae
2234 2648 2328 2690 re·

763 2729 997 2812 liquias
1026 2749 1105 2791 ex
1150 2728 1315 2793 Petri
1343 2728 1674 2797 manibus,
1718 2725 1793 2788 ad
1832 2724 2168 2809 janitorem
2213 2724 2325 2786 ali·

765 2825 1017 2908 quando
1043 2826 1314 2890 venisset
1335 2825 1538 2887 serius
1565 2842 1749 2903 quam
1785 2830 1853 2883 ut
1870 2822 2205 2902 quidquam
2233 2841 2330 2883 es·

2445 2446 2648 2501 ratum
2668 2483 2687 2509 ‚
2717 2440 2927 2502 statim
2960 2439 3171 2503 lumen
3202 2441 3461 2521 accepit,
3494 2461 3621 2520 quo
3649 2438 3849 2502 multo
3877 2457 4007 2502 11111-

2441 2532 2535 2615 gis
2563 2555 2749 2613 quam
2781 2543 2961 2598 antea
2995 2536 3207 2599 vivido
3248 2546 3555 2617 acutoque
3587 2555 3736 2598 usus
3778 2554 4004 2617 perpe·

2443 2638 2562 2693 tuo
2583 2629 2701 2693 fuit
2731 2631 2937 2713 quoad
2968 2632 3138 2694 vixit.
3173 2633 3236 2695 ld
3281 2643 3487 2696 autem
3534 2631 3799 2711 contigit
3841 2649 4006 2695 anno

2440 2737 2581 2806 post
2609 2729 2913 2792 Christum
2948 2737 3159 2792 natum
3197 2735 3377 2795 1705.
3425 2749 3585 2791 anno
3616 2749 3767 2791 vero
3814 2734 3996 2791 1735.

2441 2822 2705 2905 Birgitta
2737 2832 2966 2909 ortega
2997 2847 3184 2905 quam
3218 2832 3610 2906 percusserat
3639 2831 3808 2888 Deus
3838 2822 4006 2888 ulce-

2441 2937 2508 2980 re
2541 2920 2852 2998 pessimo,
2883 2923 3050 3002 quod
3079 2921 3261 2985 lateri
3292 2921 3783 2993 adhaerescens,
3827 2916 4004 2988 sanie

2439 3018 2708 3098 taboque
2739 3027 2942 3082 costas
2974 3019 3113 3102 ejus
3141 3020 3297 3082 adeo
3327 3026 3722 3098 corruperat,
3757 3024 3827 3079 ut
3855 3016 4002 3081 illas

2441 3112 2768 3178 extrahere
2831 3115 3087 3178 omnino
3146 3133 3406 3178 necesse
3462 3113 3687 3186 fuerit3
3745 3115 3998 3178 tandem

2439 3231 2629 3292 quum
2661 3211 2908 3274 videret
2948 3210 3178 3273 nullam
3213 3211 3334 3274 sibi
3368 3210 3637 3292 amplius
3680 3229 3857 3290 spem
3901 3230 4005 3274 su·-

2437 3327 2689 3390 peresse
2731 3309 2810 3371 ab
2856 3307 3214 3372 bominibus
3254 3308 3332 3371 ad
3375 3306 3934 3371 convalescendum
3961 3350 3982 3379 ‚

2438 3423 2580 3466 sese
2607 3403 2801 3467 vertit
2833 3404 2909 3466 ad
2937 3411 3190 3467 Petrum
3223 3411 3502 3466 nostrum
3526 3446 3547 3474 ,
3578 3423 3833 3484 sperans
3859 3400 4000 3467 fore

2437 3505 2502 3559 ut
2533 3497 2674 3581 ejus
2706 3500 3055 3580 patrocinio
3084 3501 3316 3563 sanitas
3344 3498 3466 3561 sibi
3498 3519 3532 3561 a
3557 3504 3682 3560 Deo
3711 3499 3999 3562 restitue·

764 2930 864 2988 set
904 2923 1215 3004 reliquum
1248 2922 1413 3003 quod
1449 2920 1874 3002 dispensatum
1905 2918 2035 3000 jam
2067 2938 2189 2981 non
2234 2939 2329 2982 es·

769 3020 959 3084 setin
1004 3040 1116 3082 eos
1160 3019 1267 3099 qui
1318 3028 1598 3096 tempore
1643 3015 2008 3088 adfuerant,
2055 3034 2327 3094 eumque

758 3124 1092 3202 propterea
1122 3136 1381 3180 vacuum
1416 3113 1755 3176 dimitteret
1778 3113 2043 3197 janitor,
2071 3109 2329 3176 frustra·

757 3220 859 3276 tus
890 3213 1001 3277 ille
1035 3232 1146 3293 spe
1178 3232 1325 3282 sua,
1353 3211 1664 3290 famisque
1692 3209 2018 3290 impatiens
2051 3229 2168 3289 qua
2193 3208 2329 3287 plu-

764 3309 995 3376 rimum
1029 3308 1427 3373 cruciabatur
1449 3349 1469 3375 ,
1499 3305 1730 3369 cursim
1766 3306 2081 3386 ingressus
2122 3303 2327 3384 proxi·

762 3426 933 3468 mum
965 3403 1323 3484 Templum,
1354 3404 1663 3483 nixusque
1691 3401 1958 3483 genibus
1984 3409 2129 3464 ante
2160 3401 2323 3463 Petri

763 3502 1209 3585 sepulchrum:
1244 3508 1320 3564 Et
1349 3523 1387 3564 o
1428 3498 1730 3584 (inquit)
1772 3498 1879 3560 ubi
1914 3507 1976 3561 tu
2024 3497 2211 3560 modo
2255 3518 2326 3559 es

757 3608 938 3681 pater
957 3598 1228 3679 optime?
1260 3617 1396 3660 nam
1431 3596 1480 3658 si
1508 3602 1573 3657 111
1606 3596 1849 3657 viveres
1881 3613 1999 3656 non
2023 3614 2140 3674 ego
2160 3611 2326 3654 nunc
2435 3602 2627 3658 retur.
2659 3601 2861 3668 Quare
2906 3615 3250 3659 conscenso
3281 3614 3445 3675 equo
3491 3594 3870 3675 Aquileriam
3915 3595 3996 3659 ad

759 3715 1040 3759 morerer
1070 3693 1260 3756 fame.
1292 3691 1469 3766 Quod
1491 3711 1632 3756 cum
1667 3690 1956 3762 dixisset,
1988 3690 2144 3751 mira
2175 3709 2323 3753 sane
2441 3691 2600 3754 Petri
2644 3692 2842 3773 ipsius
2886 3692 3274 3756 invisendum
3322 3690 3717 3772 sepulchrum
3765 3691 3992 3753 avivit:

751 3794 886 3863 res!
918 3789 1314 3872 sepulchrum
1350 3789 1596 3853 nemine
1628 3787 1920 3850 moliente
1953 3794 2172 3869 sponte
2216 3807 2327 3850 sua
2436 3790 2550 3852 Ubi
2581 3809 2772 3871 quum
2830 3810 2970 3852 sese
3003 3789 3169 3856 ultro
3198 3787 3414 3852 multis
3440 3789 3660 3850 effusis
3704 3789 3994 3869 precibus

751 3889 930 3951 111100
963 3907 1030 3950 se
1061 3886 1309 3967 aperuit
1330 3931 1349 3957 ,
1380 3904 1729 3966 manusque
1761 3895 1975 3946 extare
2007 3873 2136 3946 visa
2185 3894 2322 3953 est,
2437 3886 2607 3949 illius
2627 3885 2861 3949 tutelae
2886 3886 3301 3969 permisisset,
3325 3885 3626 3967 postridie
3650 3904 3826 3947 mane
3847 3884 3997 3947 dum

748 4007 787 4050 a
815 4007 934 4067 qua
968 3985 1138 4065 panis
1169 3984 1597 4065 porrigeretur
1625 3982 1956 4052 1110111110ος
1986 4001 2110 4062 quo
2140 3982 2196 4044 is
2227 4002 2321 4043 ac·
2437 3984 2499 4043 in
2529 3985 2788 4065 patriam
2816 3994 3136 4046 revertens
3156 3981 3539 4064 aliquantum
3575 3982 3990 4062 progreditur,

746 4090 930 4163 cepto
980 4090 1242 4162 stupens
1285 4079 1625 4152 discessit,
1671 4097 1940 4158 eamque
1987 4096 2166 4148 rem,
2224 4078 2315 4137 uti
2431 4091 2696 4162 repente
2736 4081 2926 4143 sentit
2973 4089 3234 4159 corpore
3287 4080 3430 4160 quia
3480 4087 3688 4142 sanata
3736 4086 3908 4141 esset
3956 4087 3995 4142 a

748 4187 925 4262 gesta
958 4186 1138 4250 erat,
1169 4187 1303 4239 tum
1339 4176 1471 4258 ipse
1505 4186 1632 4239 tum
1662 4174 1770 4237 alii
1804 4174 1910 4256 qui
1944 4182 2138 4237 testes
2182 4173 2314 4236 fue·

752 4285 895 4339 rant
925 4274 1203 4338 Miraculi
1236 4275 1478 4354 magnis
1506 4273 1890 4337 clamoribus
1929 4271 2319 4353 divulgantes

754 4372 1144 4440 effecerunt,
1189 4378 1252 4432 ut
1297 4370 1436 4452 ejus
1475 4368 1642 4434 fama
1693 4379 1880 4432 totam
1925 4365 2057 4430 fere
2100 4367 2317 4447 Hispa·

688 4537 698 4548 ,
745 4469 958 4541 niam,
1001 4467 1079 4530 ad
1110 4488 1297 4547 quam
1334 4466 1642 4549 pervasit,
1689 4464 2094 4530 admiratione
2136 4484 2310 4526 com-

748 4564 977 4648 pleret.
1029 4571 1159 4627 Hoc
1204 4571 1503 4644 quantum
1553 4564 1672 4635 sit,
1718 4582 1899 4644 quam
1945 4560 2311 4624 admirabile

748 4671 938 4744 atque
971 4661 1312 4725 inauditum
1336 4704 1356 4733 ,
1401 4668 1463 4724 et
1495 4669 1648 4744 quot
1679 4668 2032 4741 quantaque
2076 4658 2140 4718 in
2186 4678 2312 4721 11110

749 4756 1055 4823 miraculo
1075 4758 1198 4819 sint
1227 4756 1543 4826 miracula,
1578 4755 1779 4819 multo
1807 4762 1896 4817 Tu
1932 4752 2158 4816 melius
2187 4760 2312 4816 PA-

749 4861 899 4921 ‚TER
932 4858 1388 4916 BEATlsstME
1423 4871 1533 4933 pro
1564 4851 1765 4914 divina
1787 4870 1977 4931 prope
2012 4858 2115 4912 tua
2139 4848 2308 4930 inge·

748 4950 841 5015 m'i
870 4949 928 5011 vi
957 4957 1021 5013 et
1061 4948 1435 5013 dexteritate
1458 4993 1480 5022 ‚
1517 4968 1722 5011 rerum
1758 4947 2032 5009 omnium
2074 4939 2313 5008 divina·

748 5071 903 5114 rum
935 5048 1467 5126 humanarumque
1526 5044 1856 5128 prudentia
1900 5063 1977 5106 ex
2023 5052 2085 5105 te
2130 5052 2311 5122 potes

743 5145 1100 5227 intelligere
1132 5163 1318 5225 quam
1353 5163 1471 5225 ego
1500 5142 1731 5205 dicere.
1764 5147 1968 5213 Quare
1988 5136 2309 5220 nelongus

743 5244 864 5307 sim
897 5243 976 5305 ad
995 5261 1072 5306 ea
1103 5260 1374 5323 propero
1406 5237 1708 5303 narranda
1730 5238 1856 5300 duo
1886 5234 2009 5299 alia
2041 5234 2309 5297 miracu·

2435 4178 2653 4259 plag'a3
2699 4195 2890 4258 quare
2932 4176 3165 4256 optime
3197 4197 3264 4239 se
3293 4174 3503 4239 valere
3545 4172 3884 4248 inclamat,
3929 4182 3995 4237 01

2428 4293 2569 4335 011111
2619 4272 2789 4336 (11010
2839 4271 3019 4335 exilit
3070 4271 3134 4331 in
3174 4271 3370 4352 pedes
3402 4268 3564 4332 laeta
3612 4278 3673 4330 et
3716 4271 3992 4351 gestiens

2429 4388 2578 4448 prae
2623 4370 2870 4451 gaudio.
2916 4367 3143 4430 Aderat
3185 4366 3441 4430 Maritus
3480 4367 3617 4428 viae
3659 4386 3873 4429 comes
3926 4376 3992 4430 et

2427 4466 2564 4545 ipse
2610 4472 2745 4527 arte
2777 4464 3150 4547 Chirurgus,
3195 4463 3300 4543 qui
3349 4479 3613 4546 propere
3656 4482 4022 4527 accurrens·

2423 4562 2528 4622 ubi
2560 4560 2831 4643 primum
2851 4560 3072 4623 fascias
3101 4557 3310 4634 solvit,
3332 4579 3463 4622 rem
3492 4560 3572 4620 ita
3602 4578 3745 4621 esse
3767 4560 3988 4640 depre-

2425 4655 2646 4719 hendit
2686 4658 2774 4718 uti
2810 4656 3041 4718 mulier
3082 4655 3520 4736 praedicabam
3568 4673 3706 4715 uam
3753 4655 3984 4720 nedum

2423 4752 2695 4818 fistulam
2717 4795 2738 4824 ,
2770 4772 2929 4836 quae
2964 4752 3206 4834 jamdiu
3233 4771 3309 4815 ex
3341 4751 3548 4815 ulcere
3578 4749 3738 4815 facta
3781 4750 3986 4815 t‘uerat

2423 4847 2546 4912 alta
2578 4857 2766 4930 atque
2795 4846 3148 4917 horribilis,
3180 4866 3365 4927 quam
3400 4845 3567 4927 pelle
3600 4844 3981 4927 completam

2419 4944 2857 5025 indoctamque
2900 4940 3247 5022 comperit3
3290 4959 3501 5004 verum
3533 4948 3595 5003 et
3623 4938 3864 5003 febrem
3908 4961 3983 5004 ac

2422 5040 2660 5104 doloris
2682 5057 3216 5104 sensumssomnem
3249 5037 3479 5117 quibus
3508 5035 3615 5099 illa
3645 5047 3825 5100 antea
3845 5034 3982 5117 plu·

2421 5138 2643 5198 rimum
2677 5136 3093 5205 cruciabatur,
3127 5134 3318 5196 etiam
3354 5143 3542 5214 atque
3574 5132 3759 5196 etiam
3791 5131 3976 5212 inspi-

2420 5229 2687 5303 ciendo,
2732 5229 3162 5301 attrectando,
3209 5227 3665 5309 scrutandoque
3719 5246 3975 5308 prorsus

847 5450 930 5520 (a)
967 5449 1172 5504 Jacob.
1210 5448 1267 5502 2.
1306 5467 1365 5502 v.
1398 5449 1450 5502 Β.
2523 5439 2617 5512 (b)
2654 5438 2752 5493 Aa
2774 5438 2978 5508 Ephes.
3011 5440 3059 5489 1.
3087 5456 3144 5489 v.
3183 5439 3268 5488 19.
