4442 6300
1500 518 1848 590 qumque
1899 502 2366 573 emesenum
2423 520 2588 572 nc.

3430 515 3541 571 m

482 668 565 734 tia
591 675 735 732 vota
760 666 824 730 in
854 635 1179 731 Aseeterie
1204 670 1264 729 8.
1297 662 1708 729 Vincentiide
1742 672 1921 730 Erato
1940 684 2040 729 so·
2156 664 2503 728 snrws
2539 666 2657 726 rte.
2691 665 2734 726 S
2790 667 3035 726 Priscae
3072 665 3384 741 Presbyter
3428 666 3719 727 cardina·

482 765 679 831 lemni
702 762 1367 847 professiene‘emisit.
1397 763 1693 828 Terrenis
1733 762 1822 825 ibi
1872 762 2044 827 curis

483 862 791 927 abdicatis
826 870 948 925 tam
981 869 1154 925 arcto
1185 870 1373 942 atque
1394 858 1821 924 indissolubili
1854 872 2045 933 nexu,

489 981 633 1024 rum
670 956 984 1041 virginum
1018 963 1256 1047 §penso
1287 978 1355 1021 se
1383 957 1746 1040 conjunxit,
1796 965 1866 1021 ut
1920 976 2050 1021 me-

2744 766 2824 825 tis
2863 766 3121 827 Valenti.

2281 958 2452 1017 Novo
2481 974 2516 1017 a
2546 958 3023 1019 SANCTtTATE
3053 959 3357 1020 VESTRA
3407 956 3721 1041 Religioni

488 1058 614 1122 rito
643 1048 1232 1141 clamrepotuerit
1253 1083 1270 1116 a
1301 1059 1759 1119 Dilectissimae
1788 1058 1963 1126 milti,
1991 1063 2048 1116 st
2158 1049 2422 1116 decreto
2441 1050 2761 1135 triumpho
2784 1097 2805 1126 ,
2852 1052 3298 1136 triumphalem
3359 1075 3568 1136 aeque
3626 1075 3721 1120 sa-

489 1176 597 1233 epo
623 1158 743 1217 ini.
770 1159 1011 1227 Quanto
1038 1172 1188 1215 vero
1213 1171 1429 1216 amore
1455 1151 1753 1217 caelestis
1774 1158 2049 1233 Sponsus
2155 1147 2406 1233 pienter
2433 1148 2709 1215 instituis
2741 1170 3028 1234 pompam
3049 1194 3071 1223 ,
3099 1157 3560 1217 BEA‘rtssmss
3601 1159 3728 1217 PA-

489 1251 879 1315 catharinam
954 1259 1482 1331 prosequeretun,
1544 1249 1915 1333 frequentes
1981 1258 2051 1313 et
2159 1250 2340 1316 TER,
2359 1252 2614 1327 propter
2639 1264 2823 1328 quem
2856 1245 3169 1329 frequenti
3202 1246 3725 1313 cbristifidelium

493 1342 904 1415 admirandos
930 1353 1263 1421 Ecstuses,
1294 1347 1357 1409 ln
1392 1347 1624 1429 quibus
1680 1367 1823 1412 cnm
1882 1366 1956 1411 ea
1985 1365 2053 1410 e·

490 1446 638 1511 tiam
662 1445 738 1507 in
768 1438 1383 1508 terris‘familiariter
1426 1444 1782 1509 conversari
1841 1443 2055 1526 digna·

489 1549 593 1607 tus
620 1550 720 1605 est
742 1585 764 1615 ,
791 1548 854 1604 et
885 1541 1085 1621 ipsum
1115 1559 1435 1607 sacrorum
1469 1542 1840 1626 stigmatum
1880 1540 2052 1603 inae·

494 1637 814 1706 stimabile
844 1636 1075 1701 donum
1106 1636 1278 1702 clare
1309 1646 1641 1702 testantur.

2160 1347 2496 1423 conspectu
2522 1387 2542 1416 ‚
2572 1349 2828 1424 totaque
2858 1343 3025 1409 Urbe
3087 1344 3428 1424 plaudente
3485 1347 3726 1412 Vatica-

2162 1456 2318 1502 num
2351 1437 2678 1519 Templum
2714 1441 3123 1522 superaddito
3154 1452 3531 1507 ornamento
3591 1465 3730 1508 rur-

2165 1553 2273 1598 sus
2301 1534 2624 1619 refulgeat.
2662 1537 3010 1603 Debellatis
3056 1539 3369 1621 siquidem
3431 1542 3726 1606 vitiorum

2169 1632 2471 1696 monstris
2496 1677 2515 1704 ‚
2569 1643 2864 1715 tanquam
2895 1634 3122 1699 devicti
3155 1635 3360 1701 bostis
3387 1637 3590 1720 spolia
3615 1683 3637 1706 ,
3669 1649 3736 1705 et

621 1734 867 1800 Placeat
895 1734 1084 1816 igitur
1114 1736 1570 1798 sauerrrart
1598 1740 1922 1801 VESTRAE
1966 1733 2056 1795 in·
2166 1727 2248 1792 ad
2278 1727 2477 1795 iuter
2505 1732 2902 1795 subactarum
2936 1733 3396 1799 provinciarum
3426 1737 3728 1816 praedae,

494 1830 751 1897 tattibiti
785 1851 905 1919 qua
936 1828 1135 1911 pollet
1163 1829 1563 1903 auctoritate,
1594 1828 1916 1907 docleaare
1936 1871 1967 1900 ‚.
1990 1833 2057 1891 B.
2160 1830 2262 1889 tot
2289 1827 2604 1907 praeclara
2635 1829 2883 1891 virtutis
2912 1849 3142 1911 genera
3183 1831 3572 1912 praeseferat
3635 1855 3730 1900 aa·

497 1927 889 1993 Catharinam
921 1926 998 1990 de
1028 1925 1261 1989 Ricciis
1290 1926 1380 1989 uti
1409 1945 1555 1989 vere
1585 1934 1863 2015 sanctam
1922 1925 2059 1991 vir·
2165 1942 2279 1987 cer
2307 1923 2733 2005 solemnisque
2765 1935 3118 2008 apparatus.
3149 1932 3320 2001 Quae
3352 1928 3562 2013 omnia
3591 1952 3731 1996 cum

492 2027 712 2111 'ginem
744 2022 1029 2089 venerari
1061 2043 1254 2105 posse
1282 2033 1351 2089 et
1374 2021 1675 2087 inmutari.

565 2218 1048 2283 Dommcvs
1084 2220 1200 2279 rte.
1231 2219 1291 2281 S.
1331 2221 1643 2283 Barnun-di
1672 2218 1994 2296 Presbyter

884 2318 1240 2378 cardinalis
1296 2318 1681 2381 Pessima.

625 2506 1167 2575 semiustam-tna
1199 2507 1279 2574 de
1307 2508 1536 2579 Ricciis
1554 2551 1576 2583 ,
1604 2511 2064 2573 BEA‘rtssmss

500 2612 751 2674 PATER
771 2650 794 2680 ,
827 2605 945 2669 fuit
969 2624 1118 2671 vere
1149 2605 1344 2691 Virgo
1372 2607 1620 2690 sapiens
1641 2648 1663 2680 ,
1693 2614 1759 2671 et
1807 2624 1927 2670 une
1982 2606 2065 2670 de

498 2723 759 2768 numero
789 2703 1171 2788 prudentum
1197 2728 1219 2779 ς
1250 2724 1383 2768 non
1399 2704 1689 2768 enim-ab
1708 2703 1845 2789 ipsa
1882 2722 2064 2769 exer·

498 2801 629 2866 ceri
665 2801 864 2884 potuit
895 2799 1196 2881 sapientia
1227 2800 1471 2883 major,
1519 2821 1710 2883 quem
1764 2820 1911 2865 cum
1971 2806 2067 2864 tot

500 2896 881 2965 caelestibus
906 2896 1154 2962 deliciis
1182 2904 1248 2962 et
1276 2917 1471 2980 prope
1496 2896 1928 2981 singularibus
1955 2897 2065 2961 do·

502 2996 601 3061 nis
623 3039 649 3087 ,
676 2995 908 3078 quibus
930 2996 1097 3061 adeo
1123 2993 1386 3079 largiter
1420 2993 1740 3059 effluebat
1758 3039 1780 3069 ‚
1834 2994 2091 3060 suerri·-

506 3114 675 3162 mtun
703 3101 894 3177 atque
922 3093 1285 3159 diuturnum
1326 3092 1536 3158 odium
1597 3093 1696 3159 sui
1752 3102 1819 3160 et
1874 3091 2069 3157 maxi·

504 3210 686 3257 mam‘
704 3192 899 3259 animi
926 3181 1375 3256 demissionem
1408 3191 1827 3276 conjungere5
1869 3209 2061 3273 quan·

508 3300 641 3358 tum
667 3311 821 3355 vero
851 3288 1176 3374 prudentia
1199 3297 1265 3354 et
1292 3308 1500 3360 rerum
1533 3305 1682 3362 usu,
1711 3289 1772 3350 in
1794 3288 2066 3352 matinen-

507 3390 591 3454 du
618 3386 960 3456 severioris
989 3386 1155 3451 vitae
1182 3387 1475 3452 instituto
1516 3387 1945 3468 praestiterit,
1995 3393 2066 3449 ut

504 3487 711 3552 diviua
740 3489 805 3548 et
832 3483 1211 3558 mortalia
1267 3481 1578 3548 beneficia
1636 3484 2069 3565 copiosissme

509 3584 630 3650 sibi
659 3573 893 3649 collata
914 3624 936 3654 ,
964 3588 1183 3647 eontra
1211 3579 1577 3645 calidissimi
1606 3581 1822 3645 Hostis
1861 3588 2066 3644 tuere·

504 3689 608 3748 tar
632 3679 918 3758 insidias,
948 3686 1015 3746 et
1040 3677 1305 3756 oedu‘um
1332 3675 1709 3742 christianae
1732 3676 2069 3759 perfectio·

503 3778 604 3842 nis
634 3776 953 3860 negotium
985 3776 1121 3854 dies
1143 3817 1164 3848 ,
1196 3781 1542 3856 uatesque
1574 3783 1832 3858 strenue
1886 3794 2067 3859 urge-

504 3883 648 3949 ret,
679 3874 831 3939 satis
859 3890 1177 3955 superque
1204 3891 1341 3935 rem
1372 3863 1829 3952 planewertam
1856 3878 1922 3936 et
1976 3879 2068 3937 te·

506 3981 725 4054 amam
756 3969 995 4035 faciunt
1036 3967 1238 4034 exiles
1295 3967 1421 4033 cibi
1448 4010 1468 4042 ,
1531 3968 1758 4032 breves
1815 3967 2017 4034 somni
2044 4012 2067 4043 ‚

506 4070 693 4155 longa
716 4066 963 4154 jejunia
989 4110 1011 4140 ‚
1038 4074 1212 4131 arcta
1240 4064 1494 4131 silentia
1521 4109 1543 4142 ‚
1573 4064 1863 4131 assiduae
1925 4085 2066 4149 pre-

509 4163 917 4241 eeas‘usseres
946 4163 1263 4251 lacrymae
1286 4203 1309 4236 ,
1337 4161 1482 4227 duri
1534 4162 1852 4230 orucians
1876 4205 1898 4237 ‚
1929 4162 2066 4246 qui·

504 4267 627 4331 bus
654 4262 942 4348 staffilem
971 4259 1252 4344 corporis
1282 4280 1515 4325 sexum
1542 4259 1634 4340 ·in
1694 4261 2067 4326 servitutem

498 4363 934 4454 redigere-,get
961 4358 1210 4426 fortiter
1234 4357 1536 4423 doercere
1572 4357 1805 4443 sategit
1837 4382 1853 4419 ε
1900 4358 2069 4424 ilinc

507 4460 740 4525 factum
768 4463 871 4534 est
893 4500 914 4529 ,
940 4466 1010 4519 ut
1041 4456 1342 4520 Dominus
1373 4455 1952 4548 praeveniens-eam
2004 4456 2069 4518 in

508 4554 1057 4628 benedictionibus
1085 4552 1474 4626 dulcedinis,
1526 4551 1921 4624 suavissimis
1981 4562 2069 4618 at·

509 4676 632 4738 que
658 4650 1393 4734 efficacissimisgratiae
1424 4669 1575 4714 suae
1627 4649 1819 4716 radiis
1873 4651 2068 4716 unde·

508 4771 756 4836 quaque
780 4749 1229 4821 illustraverit,
1256 4758 1320 4811 et
1344 4746 1584 4831 jugiter
1642 4748 1820 4830 operi
1871 4749 2069 4813 inten-

509 4861 637 4917 tam
666 4858 732 4916 at
761 4845 1120 4934 vigilantem
1150 4845 1480 4911 invenerit.
1512 4851 1666 4909 Cum
1698 4847 1913 4929 itaque
1975 4854 2069 4910 te-

509 4958 605 5015 ate
633 4946 940 5033 Cypriane
966 4949 1271 5029 martyre,
1302 4942 1622 5027 Virginem
1652 4951 1869 5008 coetus
1899 4944 1979 5006 sit
1996 4949 2073 5007 et-

507 5051 769 5109 tustrtor
808 5047 1019 5121 portio
1080 5042 1287 5118 θηρία
1353 5044 1577 5103 Chrim‘
1594 5082 1615 5113 ,
1675 5059 2069 5121 consequens

509 5151 608 5206 est
627 5184 649 5212 ,
676 5142 1139 5204 tremissum
1167 5141 1418 5201 PATER
1437 5179 1457 5209 ,
1490 5145 1561 5200 ut
1589 5135 1844 5200 excelsa
1888 5135 2069 5219 primi

508 5236 790 5305 Pastoris
821 5253 1041 5297 manus
1067 5240 1272 5296 tantae
1303 5232 1542 5316 Virgini
1570 5232 1852 5314 imponat
1899 5255 2075 5299 com-

511 5357 656 5401 nam
689 5335 753 5397 in
782 5332 1014 5403 terris,
1045 5350 1232 5412 quam
1265 5330 1384 5411 ipsi
1413 5331 1475 5391 in
1505 5329 1713 5396 Caelis
1764 5331 1899 5416 jam
1958 5339 2076 5397 no.

516 5433 731 5500 minus
756 5429 1145 5517 praeparavit
1173 5428 1236 5491 in
1267 5436 1614 5503 aeternum.

2168 2018 2236 2085 in
2264 2020 2519 2083 sublimi
2551 2023 2819 2103 quadam
2847 2032 3043 2105 parte,
3074 2023 3338 2089 consilio
3363 2045 3438 2091 ec
3465 2028 3734 2108 pruden-

2132 2118 2143 2167 ἰ
2170 2115 2260 2181 tia
2287 2121 2784 2184 sanctinus
2812 2126 3124 2187 VESTRAE
3151 2120 3462 2188 collocata
3478 2123 3734 2201 fuerint,

2168 2213 2407 2278 Civium
2449 2216 2723 2281 animum
2786 2218 2866 2282 de
2925 2227 3100 2299 parta
3161 2219 3423 2284 victoria
3448 2267 3468 2295 ,
3527 2222 3738 2305 deque

2173 2308 2554 2376 christianae
2585 2313 2995 2395 Reipublicae
3025 2316 3358 2396 acquisitis
3403 2309 3741 2399 praesidiis

2171 2416 2242 2474 et
2270 2409 2503 2474 merito
2531 2411 2870 2495 gratulari,
2908 2418 2976 2476 et
2999 2413 3063 2475 in
3097 2415 3364 2477 Patriam
3397 2416 3738 2483 ardentiori

2173 2506 2782 2573 studio-inflammari
2809 2511 3151 2595 continget.
3174 2519 3292 2579 Tot
3317 2514 3507 2596 igitur
3529 2518 3745 2583 tanus-

2172 2622 2298 2687 que
2327 2604 2971 2685 praeclarissimorum
3006 2608 3351 2675 facinorum
3376 2654 3398 2683 ,
3427 2616 3739 2701 martyrii,

2172 2700 2638 2783 poeniteutiae,
2669 2702 2975 2786 regularis
3019 2708 3504 2782 observantiae,
3560 2704 3744 2776 v'ebe-

2173 2799 2402 2865 mentis
2430 2820 2634 2881 usque
2661 2799 2738 2862 ad
2769 2800 3083 2885 sanguinis
3113 2804 3492 2870 effusionem
3544 2808 3743 2874 cbari-

2148 2895 2326 2960 ·tatis
2347 2939 2367 2968 ,
2400 2895 2779 2979 stipantibus
2813 2890 3094 2982 undique
3125 2902 3442 2983 trophaeis
3469 2903 3740 2972 alterum

2172 2996 2477 3059 accedere
2506 3016 2691 3077 posse
2713 3038 2735 3067 ,
2763 2998 2933 3079 quod
2976 3000 3361 3076 innocentia,
3418 3003 3745 3090 integrite-

2171 3089 2515 3174 te·puritate
2532 3098 2599 3154 et
2624 3112 2865 3157 morum
2884 3095 3192 3159 suavitate
3217 3097 3394 3163 beuta
3415 3100 3744 3171 catharine

2172 3189 2254 3253 de
2273 3188 2498 3255 Ricciis
2527 3189 2784 3258 Ordinis
2815 3194 3319 3258 Praedicatorum
3349 3199 3658 3275 muniatis,
3689 3203 3742 3265 si

2174 3291 2630 3351 SANc‘nTATt
2653 3293 2970 3356 VESTRAE
2993 3290 3191 3355 visum
3222 3287 3441 3366 fuerit,
3460 3296 3746 3378 profecto

2171 3402 2500 3447 censerem
2521 3426 2543 3458 ,
2588 3393 2658 3449 ut
2713 3384 3035 3450 Ecclesiae
3094 3393 3312 3455 Festus
3369 3399 3500 3454 tam
3556 3395 3730 3459 varia

2172 3488 2432 3562 tamque
2457 3481 2688 3546 eximia
2720 3491 3045 3566 gestorum
3074 3486 3255 3568 copia
3288 3489 3616 3557 uberiores
3655 3490 3747 3558 fa-

2172 3577 2259 3642 cti
2287 3575 2636 3660 interrupta
2666 3599 2740 3646 ac
2766 3583 2956 3645 toties
2985 3593 3284 3648 renovata
3314 3585 3561 3654 divinae
3608 3611 3744 3674 gra*-

2173 3674 2300 3737 tiae
2321 3684 2686 3762 argumenta
2711 3678 3064 3760 posteritati
3085 3679 3354 3756 tradant,
3372 3691 3564 3767 atque
3581 3705 3742 3754 oom-

2179 3772 2501 3837 mendent.
2583 3817 2588 3822 .

2197 3968 2300 4029 Fr.
2328 3966 2818 4033 1124chth
2835 3974 2968 4033 ’Τιἰ.
3002 3975 3109 4035 SS.
3147 3975 3429 4048 Quarum·
3455 3982 3732 4070 Ger-out&

2263 4075 2463 4127 torum
2491 4070 2807 4144 Presbyter
2832 4072 3177 4132 cardinatis
3204 4075 3655 4139 Portocarroro.
3687 4083 3722 4148 ’,

2308 4257 2628 4343 Virginem
2656 4266 2893 4324 castam
2923 4261 3301 4331 exhibemus
3324 4309 3345 4340 ,
3373 4272 3747 4333 BEATlSSI·

2175 4359 2289 4420 HE
2321 4362 2572 4421 PATER
2597 4401 2617 4429 ‚
2648 4359 2900 4422 beatam
2928 4362 3322 4428 Cathariuam
3356 4362 3437 4428 de
3481 4363 3704 4433 Ricciis
3725 4403 3745 4440 o

2180 4452 2485 4518 laetitiam
2517 4464 2581 4518 et
2610 4454 3156 4522 honorificentiam
3200 4461 3583 4527 Dominicaui
3630 4469 3742 4528 Or-

2181 4551 2385 4625 dinis,
2415 4551 2572 4616 mira
2600 4552 2900 4618 virtutum
2934 4564 3000 4618 et
3042 4557 3491 4622 miraculorum
3547 4560 3744 4624 varie·

2179 4655 2311 4713 tate
2341 4650 2814 4714 circumdatam.
2835 4653 3046 4716 Oblita
3070 4653 3223 4717 baec
3243 4655 3542 4738 Populum
3565 4677 3743 4722 suum

2179 4755 2248 4811 et
2278 4747 2532 4814 domum
2560 4751 2762 4812 Petris
2789 4751 2885 4813 sui
2905 4793 2925 4823 ,
2955 4751 3281 4816 mirabiles
3311 4752 3374 4813 in
3403 4773 3519 4817 suo
3548 4756 3741 4820 corde

2183 4842 2495 4928 disposuit
2523 4846 2954 4920 ascensiones,
2985 4857 3052 4912 et
3080 4849 3145 4910 in
3208 4848 3619 4914 meditatione
3681 4873 3748 4914 e-

2182 4943 2563 5006 xardescens
2595 4941 2800 5006 bausit
2828 4946 3109 5011 flammas
3137 4946 3199 5008 iu
3219 4947 3451 5030 gaudio
3481 4947 3559 5011 de
3593 4953 3748 5011 Fon-

2181 5038 2355 5102 tibus
2382 5036 2720 5103 Selvatoria
2739 5084 2763 5114 ‚
2799 5060 3179 5123 manumque
3206 5042 3380 5106 misit
3401 5042 3483 5105 ad
3516 5041 3701 5108 fortia
3726 5071 3744 5108 ι

2182 5141 2571 5216 Tantumque
2594 5135 2742 5199 inde
2770 5135 2938 5199 illius
2966 5137 3174 5201 virtuti
3190 5141 3458 5203 accessit
3484 5138 3740 5206 decoris

2191 5242 2260 5297 et
2282 5232 2652 5296 incrementi
2679 5278 2699 5308 ,
2727 5242 2796 5296 ut
2822 5234 3015 5318 Virgo
3045 5236 3294 5317 sapiens
3322 5235 3544 5300 effecta
3605 5238 3745 5303 fue·

2190 5328 2276 5392 rit
2300 5338 2367 5394 et
2391 5325 2579 5415 digua
2609 5350 2772 5413 quae
2805 5330 2991 5415 plena
3019 5329 3307 5415 lampade
3348 5334 3597 5398 obviam
3657 5336 3748 5401 ire

2196 5425 2455 5493 caelesti
2510 5432 2752 5514 sponso
2804 5427 3120 5514 potuerit,
3186 5429 3372 5516 eique
3439 5431 3753 5502 illibatam
