4442 6300
886 503 1001 559 m
1864 509 2065 563 ΑιῐτΛ

2131 509 2472 564 cAnol'ttz
2484 509 2789 565 &1¹10le
2886 532 2900 543 ·

710 655 827 720 stri
856 654 1283 723 Auditoribus.
1319 660 1519 717 Larus
1547 653 1712 717 euim
1748 654 1867 718 iste
1897 656 2149 738 antiq-a
2178 665 2279 720 est
2396 655 2486 719 tri
2508 655 2570 717 in
2596 660 2806 720 Monte
2834 660 3086 729 Aureo,
3117 655 3226 720 ubi
3248 699 3270 731 ‚
3327 664 3392 720 ut
3449 656 3547 738 pia
3607 658 3954 725 traditione

609 808 614 812 .
708 752 1037 833 Religione
1073 750 1575 825 celeberrimus3
1608 751 1699 812 ibi
1735 751 2038 836 primum,
2069 759 2136 816 ut
2158 751 2281 817 fer·

706 855 810 912 tor
830 892 851 923 ‚
879 849 1151 931 bospitio
1193 856 1496 931 exceptus
1522 860 1617 914 est
1650 848 1986 931 Apostolus
2008 893 2030 924 ‚
2059 858 2124 914 et
2152 854 2280 914 Ma·

710 946 906 1032 gister
936 947 1229 1012 Gentium
1275 945 1544 1020 Paulus,
1589 946 1694 1028 qui
1734 955 1798 1008 ut
1833 952 1981 1012 Acta
2025 954 2286 1029 Aposto-

708 1044 917 1109 lorum
965 1051 1276 1109 testantur
1295 1087 1317 1117 ‚
1360 1042 1456 1128 (a)
1498 1049 1719 1107 mansit
1746 1050 1989 1107 biennio
2040 1056 2169 1107 toto
2218 1052 2286 1108 tn

710 1162 819 1206 suo
849 1150 1171 1216 conducto,
1200 1154 1255 1205 et
1285 1148 1648 1218 suscipiebat
1678 1161 1882 1205 omnes
1900 1186 1919 1212 ‚
1951 1148 2059 1222 qui
2083 1148 2280 1220 inpre-

709 1247 1033 1305 utebamur
1062 1247 1142 1306 acl
1170 1259 1301 1301 sum
1324 1284 1344 1313 ,
1376 1242 1739 1316 praedicens
1770 1243 2037 1316 nequam
2064 1243 2197 1313 Det,
2221 1251 2281 1303 st

711 1345 932 1403 doceas
963 1357 1117 1417 quae
1143 1348 1284 1399 suat
1309 1342 1379 1400 ds
1412 1339 1659 1399 Domino
1688 1341 1837 1399 Jcsu
1867 1340 2131 1412 Christo,
2149 1354 2283 1400 cust

709 1445 876 1502 omni
902 1441 1125 1515 fiducia
1151 1440 1280 1498 sins
1307 1439 1735 1512 prohibitione.

835 1534 1061 1609 Quinta
1090 1532 1193 1595 die
1220 1531 1298 1597 ad
1325 1530 1654 1594 nisurum
1682 1527 1987 1598 solemnia
2022 1529 2086 1592 in
2120 1535 2281 1594 Pon-

707 1630 1046 1701 tificalibus
1075 1627 1460 1693 celebranda
1489 1626 1862 1692 convenient
1902 1625 2123 1691 dilecti
2158 1626 2274 1689 filii

708 1732 1004 1791 Gamerae
1034 1721 1428 1807 Apostolicae
1474 1721 1702 1786 Clerici
1768 1723 1833 1785 iu
1891 1722 2174 1789 Ecclesia
2212 1729 2274 1787 S.

710 1824 876 1888 Petri
902 1824 985 1886 ad
1011 1820 1278 1888 Vincula
1307 1840 1420 1882 seu
1452 1819 1661 1883 'ritulo
1695 1818 2035 1884 Eudoxias.
2101 1824 2276 1883 Haec

710 1922 875 1985 enim
905 1920 1105 2003 prima
1137 1917 1418 1984 Ecclesia
1463 1937 1606 1981 esse
1638 1913 1951 1989 traditur,
2013 1935 2171 1998 quae
2241 1937 2277 1980 a

710 2018 990 2098 Principe
1020 2015 1460 2101 Apostolorum
1492 2012 1612 2077 fuit
1642 2021 1876 2078 Romae
1928 2011 2271 2077 immortali

709 2121 841 2180 Deo
869 2114 1201 2187 dedicata;
1228 2113 1292 2174 in
1325 2110 1439 2176 bac
1463 2109 1754 2193 ejusdem
1793 2110 1962 2174 beati
1992 2110 2274 2191 Apostoli

711 2210 883 2277 sacra
911 2208 1173 2274 Vincula
1201 2216 1526 2273 servantur
1544 2249 1567 2280 ‚
1596 2226 1759 2288 quae
1785 2225 2038 2288 semper
2105 2227 2274 2270 sum·

710 2331 817 2375 mo
844 2309 905 2371 in
936 2308 1171 2372 bonore
1213 2325 1288 2369 ac
1343 2304 1746 2369 veneratione
1798 2303 1966 2385 apud
2028 2303 2275 2368 Fideles

711 2425 931 2469 omnes
960 2403 1241 2477 fuerunt,
1271 2400 1577 2484 pluraque
1596 2399 2084 2483 benignissimus
2105 2406 2273 2465 Deus

713 2499 1015 2566 miracula
1049 2521 1163 2584 per
1193 2520 1266 2563 ea
1293 2496 1551 2563 efficere
1583 2498 1660 2560 ad
1712 2496 1961 2562 laudem
2022 2507 2085 2562 et
2143 2494 2279 2583 gl'o-

709 2598 868 2661 riam
901 2599 1073 2662 Servi
1106 2597 1204 2661 sui
1236 2595 1529 2680 dignatus
1573 2602 1689 2659 est.
1720 2593 1824 2678 (b)
1877 2599 2045 2658 Haec
2102 2594 2272 2659 enim

710 2703 855 2761 sunt
886 2694 1104 2759 felices
1132 2693 1229 2755 illi
1276 2712 1473 2759 nexus
1495 2736 1517 2765 .
1564 2691 1683 2774 ,qui
1740 2690 1821 2756 de
1881 2690 2149 2755 manicis
2205 2699 2273 2755 et

708 2793 1121 2876 compedibus
1152 2791 1215 2853 in
1236 2810 1529 2858 coronam
1564 2787 1841 2853 mutandi
1886 2787 2271 2871 Apostolum

708 2892 1145 2974 contingentes
1175 2896 1511 2973 martyrem
1544 2886 1985 2950 reddideruntz
2031 2884 2274 2952 Felices

708 2999 991 3062 menae,
1012 3008 1172 3070 quae
1207 2986 1451 3050 nudatis
1472 3005 1629 3066 pene
1659 2984 1913 3049 ossibus
1945 2984 2264 3051 inhaeren-

705 3095 805 3152 tes
832 3088 1003 3152 vivas
1032 3084 1334 3168 reliquias
1364 3084 1445 3152 de
1477 3081 1799 3165 sanguinis
1858 3080 2085 3146 sudore
2136 3082 2271 3165 jam

707 3187 915 3253 attrita
930 3203 1119 3250 carne
1142 3191 1518 3264 rapuerunt:
1552 3179 1780 3244 Felicia
1808 3178 2270 3260 Vincula‚quas

707 3303 883 3348 mum
916 3302 1094 3347 suum
1127 3300 1328 3362 usque
1347 3278 1429 3343 ad
1450 3276 1675 3342 Christi
1705 3282 1964 3342 Crucem
1997 3296 2124 3340 non
2146 3285 2271 3339 tam

706 3379 1219 3447 condemnatura,
1242 3389 1427 3457 quam
1461 3380 1901 3438 consecratore
1935 3371 2269 3438 miserunt.

832 3481 1018 3540 Sexta
1045 3481 1259 3544 autem
1288 3471 1394 3535 die
1425 3470 1490 3532 iu
1543 3468 1826 3534 Ecclesia
1856 3475 1914 3532 S.
1975 3470 2141 3532 Petri
2202 3470 2272 3532 in

709 3578 974 3639 Carcere
1003 3616 1023 3645 ,
1052 3592 1181 3653 quo
1200 3613 1223 3645 ‚
1255 3578 1323 3634 ut
1349 3567 1606 3639 ferunt,
1634 3572 1755 3630 BB.
1819 3565 2101 3646 Apostoli
2158 3575 2271 3632 Pe-

707 3680 842 3735 trus
863 3713 882 3741 .
914 3678 980 3733 et
1009 3665 1240 3732 Paulus
1274 3685 1386 3747 per
1418 3663 1632 3746 plures
1690 3681 1938 3725 menses
1996 3663 2274 3727 arctissi-

708 3785 813 3830 me
836 3763 1129 3831 custodia
1159 3762 1237 3828 ad
1269 3768 1541 3824 mortem
1576 3777 1775 3839 usque
1806 3757 2046 3824 detenti
2082 3765 2227 3824 sunt
2249 3801 2271 3833 ‚

709 3882 1055 3943 eorumque
1085 3856 1395 3924 Custodes
1418 3862 1760 3921 Processus
1781 3899 1804 3930 ,
1846 3861 1912 3917 et
1961 3855 2271 3921 Martinia-

707 3981 823 4026 nus
849 3959 931 4024 ad
971 3957 1160 4022 fidem
1211 3952 1529 4025 conversi,
1579 3950 1793 4016 subito
1848 3970 1927 4015 ex
1985 3952 2272 4033 proxima

703 4055 1135 4140 petraDiviua
1163 4052 1404 4117 virtute
1434 4048 1606 4114 fonte
1638 4056 1871 4123 custo,
1922 4046 2180 4113 fuerunt
2236 4071 2273 4115 a

703 4162 890 4221 Petro
919 4173 1098 4222 sacro
1129 4149 1448 4234 Baptismo
1475 4146 1720 4222 abluti3
1750 4153 1816 4211 et
1846 4144 1955 4209 ubi
2018 4145 2080 4209 iu
2141 4148 2273 4210 vin-

706 4251 866 4317 culis
885 4295 908 4326 ‚
937 4259 1004 4316 et
1025 4247 1335 4315 teterrimi
1363 4244 1635 4314 carceris
1665 4243 1968 4310 foeditate
1996 4242 2271 4310 invisen-

705 4347 883 4413 tibus
909 4343 1406 4428 seErangelium
1439 4341 1553 4406 Dei
1585 4340 1950 4424 praedicare
1975 4381 1996 4413 ‚
2042 4339 2268 4406 curare

703 4444 983 4509 infirmos
1002 4485 1024 4517 ,
1052 4460 1266 4508 sanare
1296 4446 1588 4523 aegrotos
1608 4480 1630 4512 ‚
1659 4443 1726 4501 et
1756 4434 1951 4500 multa
1989 4435 2107 4501 alia
2166 4458 2273 4519 pa·

702 4550 872 4607 trare
902 4537 1200 4605 miracula
1228 4556 1349 4601 neu
1379 4535 1723 4601 desierunt.
1749 4532 1938 4598 Missa
1969 4541 2178 4598 autem
2206 4536 2270 4598 in

708 4636 1173 4705 Pontificalibus
1205 4633 1266 4696 in
1299 4632 1580 4697 Ecclesia
1609 4629 1957 4715 superiori,
1986 4631 2070 4693 ob
2112 4630 2270 4694 inl'e·

707 4736 897 4802 rioris
924 4733 1319 4818 angustiam,
1366 4728 1756 4794 adstantibus
1811 4724 2066 4789 dilectis
2119 4725 2271 4793 liliis

709 4830 1177 4898 Referendariis
1228 4826 1595 4891 vetantibus
1651 4823 2012 4904 Signaturae
2071 4826 2264 4890 ‹lusti-

711 4932 835 4995 tiae
856 4973 878 5003 ‚
904 4925 1352 4994 celebrabitur.

829 5027 1101 5108 Septima
1129 5022 1231 5085 die
1257 5021 1448 5085 Missa
1477 5020 1540 5081 in
1566 5016 2033 5088 Poutfficalibus
2058 5062 2082 5092 ‚
2111 5021 2270 5084 assi-¹

707 5125 1014 5189 steutibus
1060 5119 1308 5183 dilectis
1367 5116 1509 5180 liliis
1567 5115 2126 5180 Abbreviatoribus
2185 5118 2267 5182 de

705 5225 897 5285 Pareo
925 5217 1144 5299 Maiori
1166 5261 1188 5291 ‚
1217 5213 1642 5280 celebrabitur
1669 5211 1732 5273 in
1766 5210 2046 5279 Ecclesia
2071 5220 2131 5276 S.
2155 5221 2263 5278 Pe·

814 5415 899 5487 (a)
940 5417 1066 5469 Act.
1113 5415 1303 5485 Apost.
1347 5428 1471 5483 sep.
1507 5409 1597 5464 ²8.
1641 5427 1700 5463 ν.
1740 5408 1833 5462 80.
1872 5407 1963 5460 21.

2397 752 2599 819 feruir
2618 794 2639 824 ‚
2669 753 2892 819 beatus
2921 748 3262 834 Apostolus
3284 761 3508 821 Petrus
3534 757 3710 818 Cruci
3738 755 3964 824 affixus

2398 850 2700 936 martyrio
2726 857 3061 915 coronatus
3090 858 3189 917 est
3217 853 3419 933 capite
3447 851 3525 915 ad
3554 861 3779 915 terram
3814 872 3953 917 ver·

2397 969 2506 1018 so,
2537 957 2599 1012 et
2632 950 2696 1008 in
2730 930 3004 1017 sublime
3033 948 3299 1028 pedibus
3330 950 3617 1021 elevatis,
3646 968 3961 1023 asserens,

2395 1066 2466 1109 se
2494 1045 2808 1128 indignum
2829 1088 2850 1117 ‚
2880 1045 3047 1127 quod
3078 1045 3166 1110 sic
3196 1047 3669 1131 crucifigeretur
3693 1091 3711 1116 ,
3747 1054 3810 1109 ut
3844 1053 3958 1109 no-

2395 1142 2606 1207 minus
2629 1163 2823 1218 suns3
2855 1143 2966 1206 se'd
2995 1144 3082 1206 ita
3109 1164 3145 1208 e
3174 1150 3339 1207 terra
3363 1145 3617 1209 Caelum
3643 1188 3662 1212 ,
3687 1166 3812 1226 quo
3834 1145 3960 1207 iter

2401 1241 2701 1322 parabat,
2733 1241 3082 1321 suspiciens
3103 1284 3125 1315 ,
3159 1241 3561 1306 admirandae
3585 1242 3956 1305 humilitatis

2395 1339 2688 1402 virtutem
2719 1382 2739 1411 ,
2771 1338 3044 1419 novique
3096 1339 3374 1424 mysterii
3439 1339 3831 1427 disciplinam
3892 1344 3957 1403 et

2393 1434 2561 1497 inter
2587 1442 2890 1499 tormenta
2924 1435 3209 1498 servavit.
3283 1460 3294 1468 ·

2443 1572 2452 1583 ,
2519 1536 2780 1594 Demum
2815 1538 3034 1595 octava
3065 1531 3165 1597 die
3199 1531 3420 1596 festiva
3466 1538 3584 1596 BR.
3620 1527 3826 1606 Petri,
3886 1541 3954 1615 et

2390 1624 2561 1690 Pauli
2593 1626 3037 1708 Apostolorum
3073 1628 3420 1711 Principum
3452 1629 3823 1694 solemnitas
3881 1628 3948 1691 in

2390 1730 2597 1787 sancta
2640 1723 3035 1789 Lateranensi
3094 1724 3366 1790 Basilica
3417 1723 3796 1793 absolvatur.
3854 1725 3951 1788 lbi

2386 1819 2552 1882 enim
2582 1840 2767 1902 supra
2797 1819 3007 1884 Altare
3038 1819 3240 1902 nujus
3271 1822 3333 1884 in
3361 1823 3680 1905 argenteis
3731 1820 3951 1903 Imagi-

2390 1917 2574 1993 nibus
2602 1917 2957 2000 margaritis
2985 1918 3426 2000 lapidibusque
3455 1919 3749 2007 pretiosis
3767 1936 3950 1982 orna·

2387 2013 2468 2076 tis
2495 2032 2672 2077 sacra
2700 2015 3144 2096 Apostolorum
3181 2016 3392 2098 Capita
3414 2059 3436 2090 ,
3466 2036 3628 2098 quae
3675 2016 3826 2080 olim
3886 2016 3954 2078 in

2389 2110 2664 2175 Ecclesia
2699 2117 2737 2174 S
2799 2114 3112 2176 Laurentii
3173 2113 3249 2178 a‘d
3310 2120 3526 2197 Sapcta
3586 2120 3950 2195 sanctorum

2389 2208 2831 2281 servabantur,
2853 2229 2886 2271 a
2906 2207 3018 2274 fel.
3046 2229 3175 2275 rec.
3204 2210 3454 2275 Urbano
3475 2217 3637 2293 Papa
3663 2218 3733 2272 v.
3768 2219 3947 2274 Prae-

2387 2301 2718 2370 deeessore
2748 2309 2974 2373 Nostro
3004 2306 3272 2387 reposita
3303 2305 3577 2371 fuerunt.
3627 2311 3816 2371 Beata
3847 2326 3948 2371 ca-

2390 2398 2514 2481 pita
2542 2443 2564 2473 ‚
2594 2421 2757 2483 quae
2787 2409 3152 2468 Sanctarum
3185 2402 3435 2466 illarum
3462 2403 3811 2475 animarum
3848 2424 3949 2468 se·

2387 2496 2504 2559 des
2529 2496 2679 2559 nibil
2714 2498 2947 2564 humile
2971 2541 2992 2571 ‚
3024 2509 3131 2564 aut
3163 2502 3564 2574 mundanum,
3595 2500 3949 2575 sedecaele·

2389 2593 2506 2657 stia
2534 2594 2739 2659 solum
2769 2617 2841 2662 ac
2870 2597 3086 2660 Divina
3143 2598 3547 2683 cogitat-unu
3606 2618 3768 2680 quae
3824 2618 3947 2663 non

2390 2698 2705 2753 terrenum
2735 2692 3054 2775 pulverem
3083 2737 3105 2765 ,
3157 2703 3264 2756 aut
3319 2694 3623 2758 humanas
3659 2694 3902 2758 ‘sordes
3925 2737 3948 2769 ,

2387 2786 2498 2850 sed
2530 2787 2767 2853 divinas
2797 2790 3213 2856 revelationes
3240 2834 3260 2864 ‚
3287 2800 3352 2855 et
3378 2790 3677 2856 caelestia
3712 2796 3948 2856 Arcana

2385 2884 2662 2967 recipere
2694 2896 3101 2961 meruerunt3
3132 2909 3295 2970 quae
3326 2889 3389 2950 in
3422 2888 3755 2953 novissima
3806 2909 3945 2955 om-

2385 2981 2553 3042 nium
2586 2990 2977 3045 mortuorum
3005 2983 3468 3048 resurrectione
3508 2983 3790 3048 aeternis
3846 2980 3947 3049 or-

2385 3077 2584 3141 nanda
2616 3079 2804 3143 sertis
2830 3080 3201 3165 corporibus
3228 3101 3302 3145 ac
3329 3081 3660 3145 animabus
3687 3081 3819 3158 spis
3839 3101 3942 3144 su·

2383 3194 2609 3256 pernae
2641 3176 3303 3243 Patriae-beatitudine
3362 3176 3628 3240 fruitura
3691 3177 3948 3258 conium

2383 3275 2628 3354 genturss
2658 3268 2837 3336 Mane
2865 3273 3192 3337 Hissarum
3225 3273 3528 3338 solemnia
3573 3274 3642 3337 iu
3698 3271 3947 3338 Pontifi-

2383 3368 2623 3432 calibus
2644 3412 2664 3442 ‚
2694 3380 3021 3450 praesente
3050 3380 3204 3435 ven.
3239 3377 3517 3442 Fratrum
3579 3381 3939 3437 nostrorum

2386 3471 2443 3530 S.
2480 3473 2548 3539 a.
2582 3473 2650 3529 E.
2680 3463 3093 3534 Cardinalium
3122 3467 3405 3551 collegio
3434 3513 3453 3541 ,
3487 3488 3567 3531 eo
3597 3467 3817 3552 majori
3865 3466 3946 3530 ri·

2388 3571 2454 3626 tu
2486 3571 2549 3626 et
2579 3564 2983 3629 solemnitate
3005 3609 3027 3639 ‚
3060 3585 3182 3648 qua
3213 3566 3372 3631 sacri
3401 3561 3774 3647 hujusmodi
3802 3570 3943 3626 Car·

2386 3661 2692 3725 dinalium
2724 3670 3067 3727 conventus
3101 3664 3311 3745 peragi
3365 3681 3637 3743 unquam
3697 3661 3944 3735 solent,

2385 3756 2808 3820 celebrentur.
2844 3765 3118 3839 vespere
3147 3765 3355 3823 autem
3408 3778 3614 3822 sacras
3673 3765 3939 3839 *aposto-3

2386 3851 2589 3917 lorum
2624 3853 2943 3935 Reliquias
2971 3855 3323 3920 veneraturi
3355 3855 3624 3919 solemni
3654 3855 3828 3918 cultu
3879 3861 3944 3919 et

2386 3950 2518 4032 pari
2550 3950 2742 4014 animi
2775 3950 3112 4015 devotione
3134 3951 3212 4014 ad
3259 3952 3547 4015 eamdem
3608 3950 3943 4026 Basilicam

2387 4055 2646 4130 pergant
2676 4046 2891 4112 dilecti
2922 4048 3056 4110 Filii
3087 4046 3341 4112 Nobiles
3367 4047 3494 4110 Viri
3538 4053 3800 4118 Senator
3827 4054 3938 4112 Ur·

2388 4142 2482 4208 bis
2503 4186 2525 4216 ‚
2555 4152 2618 4207 et
2649 4151 3071 4208 Romanorum
3097 4143 3331 4207 Civium
3350 4187 3372 4217 ‚
3401 4152 3469 4206 et
3495 4147 3799 4208 Gamerae
3832 4148 3944 4207 Ur·

2385 4240 2486 4303 his
2515 4245 3029 4313 conservatores,
3063 4260 3330 4323 quorum
3362 4241 3612 4323 pietatis
3642 4239 3946 4322 exemplo

2385 4346 2732 4416 commotus
2763 4337 2839 4400 ad
2869 4338 3113 4403 debitas
3141 4336 3484 4400 immortali
3520 4343 3648 4401 Deo
3703 4338 3940 4420 gratias

2385 4434 2734 4499 reddendas
2765 4454 2875 4517 pro
2903 4434 3207 4520 ineffabili
3237 4453 3496 4498 munere
3524 4433 3583 4498 ei
3616 4432 3849 4499 collato
3873 4436 3940 4498 iu

2384 4531 2708 4598 beatorum
2742 4531 3181 4615 Apostolorum
3216 4531 3402 4603 Petri,
3433 4540 3495 4595 et
3525 4530 3697 4594 Pauli
3735 4542 3941 4613 patro-

2381 4630 2547 4693 cinio
2576 4628 2899 4693 universus
2921 4636 3228 4692 Romanus
3251 4626 3522 4710 Populus
3549 4627 3790 4692 celebri
3817 4626 3936 4693 t‘re-

2383 4727 2636 4807 quentia
2662 4734 2723 4789 et
2757 4724 3006 4789 aemula
3037 4725 3435 4790 festinatione
3463 4724 3767 4790 accedere
3794 4744 3939 4789 con·

2382 4822 2617 4888 tendat.

2508 4917 2941 4985 Pomeridiano
2969 4925 3180 4983 autem
3211 4925 3499 5000 tempore
3521 4914 3786 4981 alionum
3810 4917 3944 4981 die·

2380 5039 2518 5082 rum
2539 5038 2757 5083 omnes
2783 5015 3340 5083 confraternitates
3369 5013 3551 5097 hujus
3585 5014 3797 5079 Almae
3818 5022 3931 5080 Ur·

2382 5116 2505 5188 his,
2524 5135 2635 5197 per
2660 5112 3105 5179 venerabilem
3141 5119 3413 5176 Fratri-m
3465 5122 3743 5175 nostrum
3768 5119 3829 5175 S.
3855 5121 3923 5176 tt.

2381 5220 2453 5278 E.
2473 5210 2858 5278 cardinalem
2891 5211 3198 5276 vicarium
3226 5230 3336 5293 pro
3363 5222 3658 5291 tempore
3686 5209 3948 5291 publicu

2113 5410 2205 5482 (b)
2235 5411 2288 5466 S.
2316 5412 2456 5481 Aug.
2490 5411 2643 5464 &res
2686 5407 2779 5464 29.
2809 5408 2876 5461 de
2907 5406 3143 5462 Sanctis.
