4442 6300
889 464 960 514 -ισ
1891 467 2093 520 ACTA
2138 466 2794 549 canonizartoms

714 607 1121 690 semetipsum
1154 626 1275 671 non
1307 608 1434 673 alio
1465 610 1995 677 honorificentiori
2024 613 2278 679 nomine
2395 613 2538 676 dam
2587 614 2918 696 splendore
2949 615 3144 698 louge
3167 613 3414 696 lateque
3439 615 3724 679 radiante
3765 614 3957 679 mani-

710 714 776 770 et
803 704 1151 787 appellaret
1193 715 1257 771 et
1287 709 1837 793 crederet,.quam
1880 720 2275 794 peccatorem
2390 711 2669 777 testaret.
2726 712 2881 788 Quin
2909 712 3096 776 etiam
3131 713 3381 776 in.aera
3411 714 3785 795 quandoque
3828 713 3956 776 ele·

705 804 874 868 inter
904 805 1152 888 pejores
1170 807 1540 889 pessimum,
1573 808 1890 874 bominem
1923 811 2276 895 indignum,

706 903 813 984 qui
855 901 1020 967 inter
1049 902 1331 968 homines
1356 903 1630 980 viveret,
1678 926 1750 971 ac
1777 907 1963 989 plane
2005 894 2276 975 destina·

705 1005 837 1063 tum
871 1001 1148 1064 aeternis
1177 1001 1431 1086 ignibus
1459 1004 1765 1068 titionem.
1800 1034 1822 1058 ·

716 1147 737 1173 ,
839 1124 865 1150 a
888 1101 1106 1179 Neque
1134 1117 1285 1165 vero
1315 1096 1811 1184 abjectissimam
1841 1102 1998 1166 banc
2017 1145 2039 1175 ,
2082 1121 2272 1183 quam

695 1194 785 1260 de
816 1215 885 1259 se
917 1195 1307 1276 proferebat,
1339 1199 1698 1279 opinionem
1731 1209 2025 1264 oretenus
2046 1200 2273 1272 solum,

705 1292 817 1356 sed
848 1295 1037 1357 etiam
1066 1295 1199 1376 ipsa
1230 1298 1688 1360 retestabatur.
1721 1303 1874 1361 Cum
1894 1297 2057 1361 enim
2090 1317 2276 1382 gene·

708 1389 905 1464 talem
934 1391 1130 1455 adbuc
1155 1392 1500 1477 Religionis
1518 1415 1668 1458 suae
1686 1393 2138 1458 Praefecturam
2170 1393 2273 1458 ba-

703 1485 889 1551 beret
909 1533 929 1563 ,
959 1487 1131 1551 domi
1165 1490 1406 1570 patinas
1434 1496 1713 1575 tergere,
1744 1490 2033 1555 cubicula
2063 1511 2277 1555 verre·

704 1602 816 1657 re,
843 1605 988 1649 vasa
1018 1586 1336 1651 immunda
1370 1590 1686 1674 purgare,
1712 1587 1867 1652 foris
1898 1608 2048 1651 vero
2091 1588 2276 1651 ostia·

706 1683 824 1745 tim
852 1685 1245 1763 emendicare
1266 1730 1289 1759 ‚
1319 1686 1474 1749 haec
1504 1689 1751 1751 demum
1786 1685 2124 1751 ministeria
2159 1686 2267 1749 de·

707 1800 850 1844 rere
881 1781 941 1841 in
977 1781 1205 1864 primis
1225 1783 1590 1867 dignitatem
1623 1806 1799 1848 suam
1830 1777 2224 1848 existimabat
2252 1809 2273 1859 ς

702 1885 834 1942 Non
863 1880 1028 1940 enim
1074 1900 1188 1960 per
1212 1883 1670 1947 contentionem
1694 1928 1713 1956 ,
1745 1902 1946 1965 neque
1993 1901 2104 1963 per
2146 1883 2266 1944 ina-

704 1976 1153 2058 nemaegloriam
1175 2022 1195 2051 ,
1239 1979 1348 2042 sed
1380 2000 1494 2061 per
1520 1980 1941 2044 bumilitatem
1986 1981 2273 2062 Superio-

704 2094 843 2136 rem
865 2076 937 2137 'se
962 2085 1105 2138 esse
1136 2084 1422 2158 oportere
1441 2099 1581 2151 cum
1615 2076 2274 2161 Apostoloarbitraba·

702 2182 825 2235 tur.
858 2172 1016 2246 Quin
1045 2174 1235 2237 etiam
1282 2187 1689 2259 posteaquam
1725 2175 2102 2259 Religionem
2142 2175 2272 2258 jam

703 2269 1205 2337 constituerat'et
1236 2273 1629 2339 stabiliverat
1652 2284 2111 2359 ‚posteaquam
2144 2274 2275 2338 lau-

706 2368 1044 2432 datissimis
1075 2391 1189 2452 per
1207 2392 1486 2436 summos
1514 2372 1847 2437 Pontifices
1880 2371 2274 2436 Constitutio-

701 2466 886 2529 nibus
943 2477 1390 2540 exornaverat,
1449 2477 1861 2553 posteaquam
1910 2471 2125 2552 viginti
2175 2490 2272 2558 sq·

701 2572 869 2645 ptem
900 2584 1202 2628 annorum
1235 2569 1436 2649 spatio
1465 2577 1677 2632 contra
1710 2584 1959 2632 omnem
1998 2568 2271 2633 tenebri-

699 2661 831 2725 cosi
874 2660 1069 2725 bostis
1100 2663 1400 2745 impetum
1426 2686 1674 2729 summo
1714 2666 1933 2730 labore
1955 2711 1975 2736 ,
2020 2667 2271 2739 studio,

701 2761 1048 2822 constantia
1069 2767 1323 2825 'rexerat
1351 2806 1370 2834 ,
1414 2771 1716 2836 auxerat,
1747 2762 2229 2845 amplificavorat
2253 2807 2273 2837 ,

699 2863 832 2918 tum
864 2856 1117 2920 demum
1139 2857 1530 2924 Praefectura
1553 2860 1828 2944 generali
1842 2883 1921 2945 nse
1949 2860 2269 2933 abdicare,

698 2962 761 3016 et
801 2954 966 3017 inter
994 2956 1168 3038 ipsos
1194 3002 1213 3028 ,
1244 2979 1400 3039 qnos
1443 2958 1822 3024 enutriverat
1853 2968 1915 3024 et
1959 2960 2279 3025 exaltave·.

705 3060 842 3123 rat,
890 3053 1074 3115 Filios
1119 3074 1266 3117 suos
1296 3055 1357 3117 in
1400 3055 1600 3120 forma
1633 3059 1793 3121 servi
1842 3078 1984 3123 esse
2031 3059 2266 3129 voluit,

696 3152 896 3232 petiit,
928 3163 986 3215 et
1019 3153 1390 3233 impetravit.
1425 3161 1557 3229 Quo
1587 3157 1840 3238 quidem
1872 3156 2264 3239 temporeil-

694 3248 802 3310 lud
835 3250 1105 3312 maxima
1139 3251 1551 3318 admiratione
1581 3255 2017 3338 dignissimum
2064 3259 2268 3322 visum

696 3355 795 3410 est
842 3349 1173 3423 omuibus,
1219 3352 1431 3431 qnod,
1479 3371 1629 3416 cum
1666 3355 1916 3419 Ordinis
1960 3357 2272 3420 Fundator

690 3443 916 3508 fuisset
947 3453 1011 3508 et
1033 3452 1235 3523 Pater,
1266 3448 1454 3512 talem
1482 3443 1557 3513 ‘se
1588 3460 1797 3516 tamen
1828 3454 2264 3536 Superioribus

692 3543 1047 3624 praestitit,·
1072 3551 1134 3605 ut
1168 3565 1381 3607 verum
1415 3546 1771 3610 obdientiae
1803 3555 1866 3613 e't
1895 3551 2271 3616 humilitatis

694 3639 1018 3722 exemplar
1051 3641 1386 3726 Religi'osis
1414 3645 1706 3707 omnibus
1737 3646 2146 3727 praeluceret.
2182 3682 2204 3704 .

831 3768 852 3790 ·
884 3744 1195 3803 Summam
1224 3759 1435 3820 porro,
1466 3763 1587 3823 qna
1617 3741 2009 3810 afficiebatur
2038 3748 2098 3808 in
2125 3757 2264 3814 Pro·

691 3832 939 3907 ximus,
986 3836 1390 3912 charitatem,
1438 3839 1818 3921 singularem
1843 3890 1863 3916 ,
1909 3866 2028 3926 qua
2075 3847 2153 3909 de
2185 3869 2267 3912 -se

699 3933 1167 3999 modestissime
1227 3937 1583 4009 sentiebat,
1648 3938 2100 4016 bumilitatem,
2158 3944 2273 4007 im-

702 4039 956 4094 mensus
986 4032 1095 4095 ille
1119 4077 1140 4106 ,
1171 4055 1294 4116 quo
1338 4034 1665 4100 ferebatur
1704 4039 1764 4100 in
1797 4046 1988 4103 Deum
2012 4086 2031 4114 ,
2077 4044 2259 4106 vehe-

695 4129 1125 4195 mentissimus
1169 4152 1346 4196 amor
1377 4136 1629 4214 penitus
1657 4137 2016 4203 cumulavit.
2064 4140 2267 4202 intini-

692 4231 787 4287 tas
817 4225 940 4288 sibi
974 4228 1213 4293 animas
1237 4234 1620 4312 exoptabat,
1655 4256 1810 4317 quas
1841 4236 1899 4298 in
1944 4239 2266 4321 diligendo

698 4326 832 4384 Deo
862 4323 1041 4385 unice
1076 4324 1498 4406 impenderet.
1546 4337 1679 4404 Quo
1710 4330 1939 4396 factum
1971 4345 2107 4409 est,
2152 4347 2219 4400 ut
2242 4382 2261 4412 ‚

691 4417 820 4486 sive
850 4439 990 4481 cum
1024 4422 1152 4486 suis
1183 4424 1310 4486 sive
1340 4446 1479 4491 cum
1512 4431 1748 4494 exteris
1779 4451 2132 4496 sermonem
2161 4435 2266 4498 ha-

694 4517 909 4589 beret,
942 4518 1027 4579 nil
1048 4520 1180 4584 nisi
1215 4525 1382 4602 quod
1415 4532 1614 4589 Deum
1647 4536 1934 4610 saperet,
1966 4530 2266 4595 divinam-

694 4636 818 4697 que
853 4618 1328 4684 beneficentiam
1374 4628 1879 4701 commendaret,
1908 4629 2260 4711 alloquere-

697 4722 839 4784 tur,
887 4718 1202 4799 rebusque
1235 4720 1569 4793 omnibus,
1616 4745 1775 4804 quae
1822 4726 2015 4807 ipsius
2059 4728 2262 4791 oculis

693 4813 1211 4887 obversabantur,
1236 4816 1312 4878 ad
1338 4817 1573 4882 divinas
1591 4820 1806 4886 laudes
1832 4825 2262 4895 celebrandas,

693 4917 759 4971 et
801 4911 878 4973 ad
910 4911 1244 4977 caelestem
1277 4915 1800 4996 pulchritudinem
1848 4922 2265 5003 contemplan-

701 5007 841 5070 dam
879 5010 1280 5073 excitaretur.
1316 5018 1465 5075 Cum
1490 5036 1645 5079 xero
1679 5019 1770 5081 vel
1803 5021 1991 5082 verba
2027 5023 2103 5083 de
2134 5029 2264 5087 Deo

696 5103 938 5169 faceret
957 5123 981 5180 ‚·
1006 5101 1103 5171 vel
1137 5109 1278 5192 ejus
1306 5111 1798 5180 immensitatem
1833 5120 2264 5195 meditaretur,

694 5210 866 5264 tanto
896 5224 1008 5267 cor
1032 5204 1170 5288 ejus
1200 5211 1529 5274 aestuabat
1558 5214 1776 5280 ardore
1800 5259 1819 5289 ‚
1850 5224 1918 5280 ut
1944 5261 1963 5288 ,
1996 5237 2134 5282 rum
2178 5221 2269 5281 in·

695 5309 789 5362 tra
851 5322 997 5367 suos
1039 5301 1196 5369 lines
1255 5309 1556 5373 contineri
1616 5332 1737 5375 non
1783 5317 2041 5396 posset,
2100 5316 2269 5382 foras

698 5397 886 5461 etiam
910 5399 971 5460 in
994 5402 1231 5532 {ultum
1258 5418 1646 5491 erumperet,
1670 5431 1863 5494 seque
1885 5412 2096 5477 divino
2116 5435 2268 5496 quo·

2388 817 2564 875 vatus
2594 817 2784 892 atque
2813 830 3150 892 suspensus
3184 809 3514 875 mirabiles
3542 820 3957 892 ecstases-pa·

2390 907 2695 981 tiebatur,
2725 907 2788 969 in
2819 908 3051 990 quibus
3071 917 3138 975 et
3167 898 3388 974 arcana
3430 907 3731 972 caelestia
3776 929 3960 990 pene·

2387 1005 2591 1068 trabat
2613 1049 2633 1078 ‚
2663 1014 2726 1070 et
2755 1005 3006 1071 eximiis
3032 1028 3067 1071 a
3099 1013 3230 1071 Deo
3260 1006 3477 1091 gratiis
3501 1005 3954 1073 illustrabatur.

2391 1102 2646 1167 Divinae
2674 1102 2977 1184 siquidem
3000 1092 3261 1168 bonitati
3291 1111 3782 1168 consentaneum
3802 1112 3959 1175 erat,

2384 1209 2452 1263 ut
2474 1242 2494 1271 ,
2526 1199 2631 1281 qui
2665 1220 2777 1281 pro
2805 1199 3004 1284 gloria
3031 1202 3140 1264 Dei
3172 1200 3696 1265 etri-oximorum
3730 1200 3963 1264 utilita-

2387 1304 2452 1358 te
2481 1294 2542 1356 in
2572 1295 2750 1359 vinea
2775 1294 3020 1359 Domini
3044 1297 3202 1360 adeo
3232 1295 3619 1361 laboraverat
3647 1339 3668 1367 ,
3694 1296 3957 1380 amplis-

2387 1386 2543 1459 sima
2569 1386 2676 1460 bic=
2697 1391 2883 1456 etiam
2928 1393 2988 1454 in
3023 1393 3207 1457 terris
3239 1386 3510 1475 praemia
3532 1437 3552 1465 ,
3596 1392 3962 1476 functusque

2385 1490 2756 1573 perciperet.
2786 1489 3087 1565 Quocirca
3118 1472 3516 1572 prophetia&
3549 1493 3957 1579 curationum,

2384 1588 2786 1655 discretionis
2827 1588 3157 1671 spirituum
3189 1590 3422 1669 gratias
3461 1589 3964 1663 cumulatissime

2385 1684 2479 1748 illi
2511 1687 2872 1770 impertitus
2898 1693 2994 1750 est
3025 1693 3226 1758 Deus,
3259 1687 3489 1768 quibus
3521 1686 3822 1777 humilem
3841 1692 3958 1749 lvo·

2382 1783 2495 1847 luit
2510 1784 2704 1865 ipsius
2724 1784 3012 1867 spiritum
3034 1784 3339 1849 exaltare.
3373 1784 3818 1849 occultissima
3844 1783 3960 1866 igi·

2385 1890 2485 1944 tur
2523 1902 2683 1963 quae
2725 1882 3100 1962 putabantur
3125 1924 3162 1955 „
3190 1889 3509 1963 tamquam
3554 1886 3698 1952 ante
3739 1879 3962 1945 oculos

2385 1979 2588 2061 posita
2633 1980 2896 2053 intueri,
2952 1998 3174 2043 arcana
3208 1978 3271 2041 in
3315 1976 3965 2060 penitioribus-animi

2385 2074 2645 2140 latebris
2675 2076 3114 2141 diletescentia
3144 2083 3501 2159 penetrare,
3532 2077 3802 2140 morbos·
3817 2076 3960 2138 bre·

2381 2173 2445 2235 vi
2472 2194 2655 2254 prece
2679 2217 2698 2244 ,
2730 2173 2827 2238 vel
2862 2173 3053 2237 etiam
3102 2166 3244 2237 solo
3268 2179 3438 2236 tactu
3469 2170 3798 2253 depellere
3819 2215 3840 2246 ,
3869 2170 3959 2234 fa-

2384 2271 2875 2335 miliarissimum
2898 2269 3161 2337 Camillo
3181 2269 3319 2334 fuit.
3341 2274 3475 2335 lmo
3494 2271 3680 2335 etiam
3703 2271 3767 2333 in
3792 2260 3962 2334 aum·

2384 2388 2710 2455 marorum
2735 2371 3109 2434 necessitate
3138 2374 3324 2450 atque
3357 2374 3639 2452 egestate
3660 2356 3802 2432 cum
3825 2379 3960 2431 ma·

2378 2465 2543 2531 xima
2564 2464 2684 2529 fide
2701 2466 3000 2549 jactasset
3020 2467 3566 2551 cogitatum-suum
3586 2465 3651 2527 in
3674 2463 3958 2536 nomino,

2383 2566 2461 2627 ab
2485 2565 2706 2628 eodem
2732 2564 2956 2628 meruit
2977 2563 3361 2628 mirabiliter
3383 2562 3665 2625 enutriri.
3697 2561 3961 2645 Cujusre

2383 2665 2473 2727 roi
2505 2671 2571 2726 ut
2605 2682 2799 2727 unum
2825 2661 3193 2745 exemplum
3228 2661 3564 2733 adducam,
3592 2658 3813 2725 multis
3844 2657 3961 2722 ali-

2379 2762 2432 2825 is
2477 2761 2729 2825 omissis
2757 2785 2773 2819 ι
2820 2762 2914 2824 Ad
2944 2759 3331 2844 Capuccinos
3373 2758 3435 2821 in
3466 2758 3738 2840 quodam
3771 2756 3955 2843 loco,

2383 2869 2564 2922 nocte
2593 2859 2954 2941 ingruente,
2984 2880 3124 2922 cum
3159 2859 3280 2922 iter
3309 2856 3543 2920 faciens
3571 2842 3968 2936 divertisset,
4017 2940 4028 2949 .

2382 2956 2424 3016 ii
2460 2977 2610 3020 vero
2641 2977 2887 3019 summa
2933 2964 3061 3018 tum
3094 2956 3222 3017 vini
3249 2999 3266 3028 ,
3303 2962 3434 3018 tum
3483 2953 3676 3035 panis.
3693 2950 3959 3034 penuria

2382 3054 2777 3124 laborarent,
2812 3053 3076 3117 Camillo
3101 3046 3348 3123 orante,
3378 3050 3614 3127 factu-m
3646 3057 3955 3120 narratur,

2382 3163 2445 3217 ut
2478 3162 2540 3216 et
2569 3173 2728 3235 aqua
2764 3153 2825 3214 in
2859 3155 3162 3236 optimum
3196 3153 3407 3213 vinum
3443 3156 3980 3232 converteretur,x

2382 3261 2445 3316 et
2477 3253 2708 3334 exiguo
2738 3272 2897 3333 pane
2923 3258 3058 3314 tum
3092 3250 3226 3332 ipse
3249 3277 3273 3322 ,-
3303 3257 3433 3312 tum
3467 3247 3644 3312 multi
3692 3246 3949 3328 opipare

2383 3355 2829 3412 saturarentur.
2863 3377 2885 3401 ο
3111 3373 3116 3378 ·

2514 3477 2535 3501 ι
2566 3452 2780 3527 Neque
2810 3466 2958 3509 vero
2990 3464 3093 3507 res
3120 3441 3323 3507 solum
3353 3442 3654 3507 inanimes
3703 3439 3955 3505 Camilli

2377 3542 2682 3608 voluntati
2716 3541 3262 3614 obsecundarunt,
3289 3540 3402 3606 sed
3449 3539 3567 3620 ipsi
3597 3538 3785 3601 etiam
3835 3544 3954 3608 An·,

2382 3641 2564 3727 gelici
2596 3641 2861 3724 Spiritus
2892 3641 2967 3704 ad
2997 3639 3194 3721 ipsius
3236 3637 3542 3719 obsequia
3588 3634 3956 3716 saepissime

2384 3742 2865 3805 descenderunt.
2928 3746 3142 3805 Genua
3200 3735 3516 3820 quondam
3577 3732 3958 3800 Florentiam

2378 3838 2778 3921 proficiscens
2809 3839 2869 3898 in
2916 3835 3216 3900 altissima
3260 3833 3523 3916 quadam
3554 3829 3784 3914 palude
3809 3847 3952 3894 cum

2373 3939 2501 4020 jam
2536 3956 2693 4017 pene
2717 3936 3195 4018 demergeretur
3216 3976 3236 4006 ,
3269 3933 3349 3995 ab
3379 3928 3616 4014 Angelo
3649 3929 3713 3990 in
3757 3925 3961 3992 forma

2373 4035 2622 4119 juvenis
2652 4042 2986 4115 apparente
3019 4032 3097 4095 ab
3131 4030 3387 4094 interitu
3417 4046 3539 4092 una
3570 4047 3710 4091 cum
3755 4024 3956 4090 Sociis

2378 4143 2633 4214 ereptus
2675 4130 2963 4193 traditur.
3023 4129 3420 4193 uoturbams·
3462 4125 3616 4190 alias
3660 4144 3738 4188 ex
3771 4133 3950 4204 ‘equo

2376 4250 2516 4294 cum
2550 4238 2737 4301 esset,
2769 4237 2835 4292 et
2864 4228 2926 4288 iu
2962 4227 3235 4289 maximo
3262 4232 3622 4287 versaretur
3651 4223 3813 4284 vitae
3848 4240 3954 4302 pe-

2375 4328 2597 4399 riculo,
2623 4347 2701 4390 ne
2719 4326 2793 4390 ad
2817 4325 3090 4406 lapidem
3118 4322 3464 4386 offenderet
3489 4320 3949 4402 pedemsuum,

2375 4428 2455 4490 ab
2499 4425 2652 4507 ipsis
2681 4422 3058 4508 Angelorum
3110 4419 3393 4483 manibus
3419 4415 3783 4500 perhibetur
3825 4413 3950 4478 ela·-

2377 4532 2495 4588 tus.
2544 4529 2793 4587 Genua'e
2840 4542 2973 4582 rum
3014 4521 3230 4583 itidem
3277 4526 3482 4588 esset,
3515 4523 3578 4578 et
3622 4513 3697 4598 ad
3745 4518 3944 4592 Nepo-

2374 4631 2498 4686 tem
2520 4643 2695 4685 suum
2730 4618 3038 4682 Bucl‘znici
3072 4626 3216 4681 tunc
3239 4613 3948 4695 temporiscommoran·

2377 4731 2499 4784 tem
2535 4719 2812 4782 dedisset
2845 4716 3198 4797 epistolam,
3230 4714 3452 4776 eadem
3488 4710 3613 4781 die,
3645 4727 3779 4790 qua,
3795 4708 3944 4770 scri·
4027 4760 4035 4770 .

2377 4831 2478 4901 pta
2512 4818 2753 4890 tuerat,
2781 4836 2854 4878 ea
2889 4815 3129 4879 reddita
3158 4822 3247 4876 est
3275 4809 3496 4891 ‘'quod
3528 4808 3948 4886 etia·m⁸A,nge.-

2375 4919 2580 4981 lorum
2607 4912 2954 4977 ministerio
2977 4911 3264 4975 evenisse
3290 4907 3476 4970 l'arile
3497 4903 3697 4984 putari
3720 4910 3945 4984 potest.

2375 5015 2485 5078 His
2527 5012 2894 5097 gravissima
2940 5011 3176 5073 accedit
3234 5006 3426 5071 sancti
3472 5002 3758 5083 Philippi:
3783 4999 3947 5062 Nerii

2378 5110 2717 5176 auctoritas
2744 5119 2808 5172 et
2836 5106 3293 5172 testimoniuma
3325 5111 3462 5182 lpse
3490 5101 3653 5163 enim
3700 5119 3767 5159 se
3797 5115 3961 5159 ocu·-

2379 5214 2461 5276 lis
2489 5207 2920 5292 suis'Angelos
2950 5206 3180 5268 vidisse
3224 5208 3489 5266 testatus
3518 5204 3616 5262 est
3661 5197 3943 5276 ipsorum

2381 5310 2566 5374 etiam
2599 5306 2844 5370 Camilli
2873 5303 3333 5386 Religiosorum
3361 5296 3550 5360 lateri
3585 5293 3943 5360 adstantes,

2382 5428 2578 5491 eaque
2624 5406 2832 5470 omnia
2891 5421 3110 5467 eorum
3173 5398 3429 5462 auribus
3493 5367 3898 5475 suggerebtos
3921 5429 3942 5453 ,
