4442 6300
1504 501 1880 571 eulaeus„
1907 498 2382 575 ⁸unwanum
2421 502 2586 556 arc.

460 645 696 713 cumis
720 664 902 729 opus,
937 644 1106 729 qnod
1131 644 1256 711 sibi
1284 644 1544 729 suisque
1569 646 1849 714 alumni·
1869 666 2006 731 pro·

2128 651 2665 711 sacramentorum
2693 647 3161 731 perceptionem
3190 667 3564 731 procur-anu
3614 654 3681 710 Ιιι

473 742 677 827 prium
711 752 774 809 et
799 743 1199 826 praecipuum
1229 752 1619 827 sumpserat,
1677 753 1750 808 ut
1797 765 2016 833 aegro·
2131 763 2244 808 eos
2272 762 2422 807 vero
2451 741 2854 827 peculiariter
2880 744 3195 817 intentae,
3222 764 3260 807 a
3300 746 3539 827 quibus
3582 764 3684 809 ce-

456 839 720 905 tantium
779 838 1099 921 animabus
1153 839 1649 922 corporibusque
1700 856 2012 905 succurre·

468 944 562 1002 ret
589 983 609 1013 ,
638 935 1002 1007 immensam
1033 956 1226 1019 prope
1252 936 1424 1002 illius
1450 937 1770 1002 charitatis
1798 938 2016 1019 ampli-

468 1030 754 1099 tudinem
787 1034 939 1099 satis
996 1033 1403 1098 demonstrat.
1460 1037 1613 1110 Quis
1667 1035 1829 1099 enim
1887 1042 2013 1100 tota

471 1135 640 1205 Urbe
674 1131 1135 1207 infirmabatur,
1165 1153 1308 1197 cum
1359 1154 1486 1216 quo
1533 1134 2019 1198 commiseratio·

465 1231 830 1296 nis-affectu
875 1248 999 1292 non
1055 1228 1478 1295 infirmaretur
1531 1230 1873 1296 Camillus?
1928 1231 2020 1294 Ad

474 1349 662 1411 qnem
693 1346 816 1391 non
848 1334 1241 1399 accurreret,
1266 1347 1337 1391 ac
1377 1328 1486 1391 vel.
1529 1327 1669 1411 ipse
1721 1347 2020 1412 praesens

480 1423 880 1493 inserviendo
905 1432 973 1487 et
998 1422 1377 1488 consolando
1429 1444 1632 1506 usque
1688 1423 1767 1488 ad
1819 1431 2023 1489 extre·

488 1541 660 1587 mum
687 1520 940 1584 adesset
961 1563 981 1593 ,
1010 1519 1110 1582 vel
1141 1516 1495 1604 subrogatis
1524 1522 1745 1595 Sociis,
1773 1519 2021 1586 deside·

476 1628 673 1684 ratam
705 1637 887 1701 opem
920 1617 1223 1682 afferret?
1276 1624 1473 1692 Quem
1505 1618 1763 1701 „reperit
1816 1619 2024 1701 inopia

487 1735 770 1801 pressum
794 1760 814 1790 ,
841 1714 1232 1799 aegritudine
1262 1718 1664 1797 prostratum,
1690 1726 1802 1781 aut
1828 1718 2026 1782 nimio

481 1814 711 1878 mertis
735 1822 907 1892 metu
936 1813 1333 1894 perterritum
1352 1857 1374 1887 ,
1400 1815 1504 1878 cui
1533 1834 1654 1879 non
1683 1822 2024 1897 opportuna

482 1910 763 1993 eorporis
792 1910 1415 1994 animique-subsidia
1444 1912 1781 1976 contulerit
1801 1954 1823 1985 ,
1852 1932 2025 1975 eum·

472 2028 597 2091 que
629 2008 694 2069 in
741 2014 1032 2075 aeternae
1091 2004 1313 2072 salutis
1366 2008 1651 2074 fiduciam
1706 2007 2027 2075 erexerit?

485 2110 682 2180 Quem
709 2104 876 2170 vitiis
900 2116 1091 2187 atque
1119 2106 1392 2190 peccatis
1407 2106 1714 2170 irretitum
1737 2148 1759 2180 ,
1784 2104 1881 2169 vel
1908 2112 2023 2169 Re·

475 2200 728 2286 ligionis
772 2203 1078 2289 mysteria
1134 2212 1201 2268 et
1250 2203 1538 2288 dogmata
1591 2203 1979 2288 ignorantem
2004 2246 2025 2274 ,

481 2300 630 2383 quin
658 2320 802 2366 eum
832 2301 909 2365 ad
942 2300 1223 2366 melioris
1249 2302 1417 2364 vitae
1464 2302 1846 2383 propositum
1867 2344 1894 2380 ,
1949 2300 2025 2363 ad

476 2399 749 2463 Divinae
781 2399 1079 2464 bonitatis
1106 2397 1306 2462 sinum
1339 2401 1642 2464 reducere
1685 2398 2046 2473 studuerit,-

488 2494 588 2561 vel
627 2499 690 2559 in
718 2496 996 2561 doctrina
1025 2495 1195 2560 Fidei
1224 2496 1381 2577 ethin
1411 2496 1549 2581 lege
1593 2495 1838 2559 Domini
1891 2516 2030 2560 eru-

492 2591 735 2657 dierit?
758 2594 917 2667 Quin
945 2592 1134 2659 etiam
1164 2601 1440 2668 constat,
1470 2593 1716 2675 aliquos
1755 2595 2031 2658 Haereti-

494 2706 603 2753 cos
629 2689 691 2759 in
721 2691 888 2759 Urbe
914 2691 1137 2783 morbo
1163 2700 1489 2773 correptos
1515 2737 1537 2765 ‚
1562 2690 1807 2755 Camilli
1833 2690 2029 2755 chari·

484 2795 614 2852 tate
644 2794 710 2853 et
727 2786 1033 2859 comitate
1072 2786 1438 2862 devinctos,
1486 2787 1751 2871 ejusque
1805 2786 2034 2852 instru-

487 2884 805 2950 ctionibus
827 2891 1015 2966 atque
1041 2885 1501 2951 hortationibus
1525 2884 1899 2958 illustratos,
1924 2886 2032 2951 ad·

470 2980 722 3064 juvante
754 2981 970 3046 Divina
1015 2982 1253 3066 gratia,
1311 2980 1634 3057 Ecclesiae
1684 2981 2030 3053 catholicae

471 3079 798 3145 restitutos
826 3076 1042 3145 fuisse.
1157 3070 1164 3075 ’
1955 3130 1960 3141 ,

603 3178 853 3253 Quibus
881 3177 947 3242 in
975 3178 1167 3243 rebus
1193 3195 1379 3262 quum
1419 3198 1532 3261 per
1587 3199 1808 3245 omnes
1850 3178 2034 3248 Urbis

498 3276 809 3359 Regiones
837 3295 911 3341 ac
938 3282 1170 3341 nomos
1195 3277 1403 3361 magni
1433 3276 1633 3359 ipsius
1684 3275 1918 3341 fuerint
1969 3285 2035 3343 et

485 3365 831 3457 quotidiani
862 3372 1116 3438 labores
1139 3382 1326 3450 ;·tum
1355 3372 1593 3439 veroin
1621 3371 1896 3455 publicis
1915 3381 2036 3444 xe·

489 3469 814 3535 nodochiis
834 3512 856 3543 ,
887 3479 953 3535 et
982 3470 1381 3555 potissimum
1408 3470 1472 3533 in
1501 3470 1804 3553 Hospitali
1837 3478 2035 3537 Domo

2128 840 2257 903 teri
2287 839 2386 904 vel
2443 840 2835 924 contagionis
2889 852 3057 905 metu
3082 885 3102 914 ,
3156 840 3257 905 vel
3318 842 3685 904 morborum

2139 958 2367 1003 nausea
2397 946 2458 1001 et
2486 939 2746 1003 horrore
2776 937 3216 1024 refugiebant,
3245 959 3358 1003 eos
3394 939 3532 1020 ipse
3593 940 3686 1003 ul-

2131 1037 2233 1101 nis
2258 1035 2644 1119 amplexari,
2673 1034 2890 1100 ferere
2921 1037 3055 1101 sinu
3076 1079 3097 1110 ,
3127 1037 3376 1118 suisque
3402 1035 3685 1103 vestibus

2133 1140 2354 1218 tegere
2380 1153 2506 1199 non
2532 1135 2879 1198 recusabat.
2933 1134 3029 1198 lbi
3086 1153 3271 1215 saepe
3331 1133 3683 1198 laboriosas

2135 1239 2353 1294 noctes
2410 1229 2920 1297 laboriosissimis
2973 1231 3198 1296 diebus
3260 1231 3682 1306 continuavit,

2132 1345 2249 1392 nec
2279 1319 2539 1407 ulcerati
2566 1326 2769 1391 cruris
2788 1371 2811 1401 ,
2859 1348 2976 1392 nec
3029 1329 3229 1412 gravis
3284 1329 3535 1393 herniae
3596 1329 3685 1391 in-

2134 1425 2470 1489 commodo
2496 1434 2564 1489 et
2590 1422 2807 1488 dolore
2837 1425 3131 1491 detentus
3151 1468 3171 1497 ,
3204 1446 3319 1488 nec
3348 1427 3471 1501 cibi
3497 1469 3517 1499 ‚
3570 1444 3686 1501 nee

2140 1522 2384 1595 somni,
2413 1542 2531 1586 nec
2558 1520 2863 1604 requietis
2890 1541 3171 1594 memor,
3200 1542 3322 1586 non
3355 1522 3550 1587 semel
3600 1518 3705 1586 ob‘

2134 1625 2478 1699 extremam
2497 1619 2781 1700 corporis
2800 1618 3334 1702 defatigationem,
3357 1620 3687 1702 spirituum

2133 1716 2420 1797 deliquio
2446 1725 2661 1798 captus
2682 1717 2743 1777 in
2766 1723 3000 1780 terram
3029 1716 3413 1781 semianimis
3431 1718 3687 1782 corruit.

2270 1811 2602 1895 Reliquum
2632 1821 2905 1909 eratnut
2934 1813 3244 1895 praesenti
3298 1815 3694 1895 experimen·
3733 1801 3784 1860 Α

2143 1918 2215 1975 to
2243 1911 2568 1994 proposito
2590 1951 2611 1982 ,
2639 1909 3105 1982 videretur,'an
3137 1910 3377 1974 Camilli
3432 1911 3694 1975 ebaritas

2143 2008 2221 2071 ad
2250 2002 2430 2072 illum
2461 2026 2648 2088 quem
2681 2026 2820 2071 cum
2853 2006 3049 2069 Sociis
3081 2005 3406 2088 professus
3450 2005 3692 2082 fuerat,

2141 2103 2397 2187 gradum
2429 2122 2645 2168 revera
2677 2100 3095 2186 pertingeret,
3123 2112 3190 2165 ut
3241 2103 3537 2167 nimirum
3589 2102 3693 2169 ae·

2142 2200 2339 2285 grotis
2368 2194 2691 2265 Fid'elibus
2711 2242 2733 2274 ,
2761 2221 2920 2282 quos
2948 2203 3137 2264 etiam
3166 2201 3363 2283 pestis
3411 2200 3700 2269 incessis·

2144 2309 2278 2372 set,
2308 2319 2496 2383 opem
2527 2308 2594 2363 et
2620 2298 3037 2363 ministerium
3067 2307 3431 2379 praestaret.
3460 2304 3538 2363 Et
3560 2301 3700 2381 qui-

2140 2395 2283 2459 dem
2315 2406 2585 2477 quatuor
2610 2394 2713 2457 vix
2745 2392 2924 2460 annis
2974 2404 3118 2478 post
3174 2386 3478 2460 indultam
3534 2415 3701 2460 novo

2140 2493 2364 2557 ordini
2407 2492 2828 2574 Apostolicam
2891 2490 3419 2556 confirmationem
3476 2492 3700 2557 invasit

2142 2591 2374 2656 Urbem
2402 2590 2762 2673 contagiosa
2792 2588 2931 2653 lues
2954 2620 2975 2662 ,·
3005 2611 3146 2654 cum
3178 2597 3456 2663 extrema
3500 2595 3703 2653 Anno·

2144 2706 2260 2751 nae
2292 2689 2553 2753 caritate
2584 2686 2951 2770 conjuncta,
2982 2697 3052 2752 ut
3081 2687 3311 2769 duplici
3339 2687 3517 2752 clade
3566 2707 3704 2768 per·

2142 2784 2318 2851 culsa
2374 2780 3069 2859 civitas‚.tuneribus‚
3128 2784 3342 2856 luctu,
3378 2784 3703 2848 *vastitate

2147 2881 2463 2969 completa
2488 2881 2698 2947 fuerit.
2729 2880 2908 2946 Alios
2936 2881 3138 2945 morbi
3169 2882 3266 2945 vis
3287 2926 3308 2956 ,
3348 2881 3510 2947 alios
3568 2881 3702 2946 ino·

2095 2996 2100 3001 ·
2145 2981 2247 3064 pia
2278 2989 2345 3046 et
2371 2979 2569 3044 fames
2590 3023 2611 3053 ,
2639 2977 2953 3062 plurimos
2982 2980 3342 3065 desperatio
3371 2989 3434 3042 et
3482 2982 3709 3045 horror

2153 3079 2233 3142 ad
2246 3084 2528 3153 ,mortem
2560 3077 2908 3154 ducebant,
2938 3097 3157 3141 omnes
3184 3096 3341 3142 vero
3369 3084 3597 3152 metus,
3626 3096 3702 3141 ae

2147 3195 2446 3261 praesens
2470 3176 2637 3241 vitae
2657 3173 3009 3258 periculum
3031 3218 3054 3247 ,
3080 3175 3159 3239 ad
3191 3175 3461 3240 salutem
3491 3185 3557 3239 et
3607 3195 3705 3239 se·

2146 3272 2478 3339 euritatem
2505 3271 2654 3335 alibi
2680 3272 3189 3353 conquirendam,
3211 3270 3310 3340 vel
3340 3272 3559 3335 saltem
3580 3271 3705 3333 dis·

2157 3368 2400 3435 crimini
2430 3388 2552 3432 non
2581 3367 3013 3451 objiciendam
3035 3368 3389 3449 adigebant.
3424 3373 3502 3429 At
3547 3386 3704 3430 vero

2153 3466 2454 3534 Camillus
2479 3466 2728 3548 propria
2770 3465 3200 3529 incolumitate
3254 3466 3503 3546 vitaque
3559 3484 3705 3527 con-

494 3567 697 3634 Sancti
729 3568 994 3650 Spiritus
1024 3568 1085 3630 in
1115 3567 1290 3632 Saxis
1319 3567 1494 3630 illius
1522 3587 1714 3650 opera
1741 3567 1900 3632 adeo
1938 3589 2035 3633 as·
2139 3569 2387 3647 tempta
2408 3604 2430 3634 ,
2461 3560 2719 3624 minime
2748 3560 3059 3636 dubitavit
3099 3582 3243 3626 cum
3306 3561 3435 3625 suis
3493 3560 3705 3624 Alum-

490 3666 666 3731 sidua
699 3665 816 3729 suit
838 3711 858 3741 ,
889 3672 958 3729 ut
985 3665 1073 3729 ibi
1100 3664 1541 3749 cogitationum
1570 3671 1758 3748 atque
1799 3665 2040 3730 studio:

497 3784 642 3828 rum
672 3764 948 3848 omnium
977 3783 1232 3846 scopum
1256 3763 1394 3836 ,ibi
1425 3760 1620 3826 veluti
1663 3770 2030 3845 perpetuam

478 3862 647 3940 vitae
689 3880 838 3925 snae
857 3859 1086 3924 ‘sedem
1138 3858 1487 3925 collocasse
1539 3858 1881 3924 videretur.
1938 3861 2033 3922 lbi

485 3977 610 4022 non
639 3956 839 4022 solum
876 3956 1106 4020 Famuli
1137 3961 1203 4021 et
1231 3956 1647 4020 inservientes
1670 3998 1692 4029 ,
1746 3955 1856 4021 sed
1911 3954 2033 4040 ipsi

492 4075 745 4138 queque
770 4054 1112 4137 Praepositi
1140 4045 1433 4119 viderunt
1460 4073 1605 4118 eum
1632 4053 1695 4134 in
1714 4053 1912 4118 omnis
1943 4052 2038 4140 off

470 4150 602 4215 ficii
617 4150 968 4214 ministerio
980 4149 1389 4231 sibimetipsis
1406 4156 1832 4232 praeeuntem,
1847 4169 2037 4232 quae·

480 4265 606 4332 que
633 4247 799 4312 inter
814 4243 1026 4330 plures
1043 4245 1372 4329 dispertita
1394 4255 1539 4313 sunt
1560 4267 1841 4321 munera,
1860 4268 2037 4312 eum·

498 4346 642 4411 dem
671 4364 860 4409 unum
890 4344 1096 4408 omnia
1123 4345 1631 4427 amplectentem,
1661 4365 1732 4411 ac
1760 4345 1914 4408 inira
1941 4365 2039 4410 se·

480 4442 741 4507 dulitate
769 4442 1128 4505 obeuntem.
1158 4446 1224 4503 ln
1257 4460 1335 4505 eo
1391 4440 1740 4504 habuerunt
1795 4440 2035 4523 aegroti

476 4538 779 4623 quidquid
805 4537 1095 4607 homines
1146 4534 1281 4601 fere
1339 4539 1420 4601 ab
1474 4537 1693 4602 amicis
1717 4581 1737 4611 ,
1792 4539 2037 4621 propin·

482 4637 666 4721 quis,
698 4635 1059 4719 parentibus
1105 4632 1475 4699 desiderare
1528 4643 2028 4700 consueverunt:
2069 4627 2074 4636 ’

474 4740 604 4814 Nec
633 4735 835 4817 maJor
861 4740 959 4799 est
987 4732 1450 4796 amantissimae
1487 4732 1703 4798 Matris
1759 4732 2036 4798 solicitu-

2147 3660 2245 3724 nis
2270 3678 2387 3741 pro
2418 3656 2622 3722 salute
2653 3656 2899 3740 publica
2920 3678 2989 3722 se
3018 3658 3351 3723 devovere.
3372 3665 3601 3742 ltaque
3618 3657 3706 3722 vi·

2149 3778 2258 3821 sus
2284 3765 2387 3820 est
2405 3800 2425 3830 ,
2452 3775 2579 3819 non
2605 3754 2795 3820 modo
2824 3754 3095 3838 publicis
3157 3755 3454 3820 omnibus
3516 3760 3708 3819 Noco-

2152 3853 2373 3919 comiis
2404 3852 3035 3926 sineintermissione
3063 3853 3289 3918 adesse
3309 3889 3331 3927 5
3356 3872 3431 3917 ac
3459 3852 3713 3920 miseris
3768 3854 3777 3864 '

2151 3943 2623 4035 aegrotantibus
2650 3970 2841 4033 opera
2861 3993 2884 4024 ,
2912 3948 3190 4015 consilio
3211 3994 3234 4025 ,
3274 3950 3715 4017 exhortationi·

2155 4049 2274 4112 bus
2301 4068 2487 4131 opem
2519 4046 2729 4121 ἴοι-τος
2758 4067 2973 4112 verum
3001 4048 3202 4113 etiam
3231 4047 3588 4114 incredibili
3609 4070 3709 4114 so-

2149 4144 2488 4211 licitudine
2517 4144 2788 4228 privatas
2814 4143 3128 4228 quaslibet
3165 4150 3392 4208 nomos
3419 4145 3706 4230 ingredi,

2149 4243 2532 4328 quandoque
2560 4240 2755 4305 etiam
2778 4285 2801 4316 ‚
2829 4243 2897 4304 si·
2916 4242 3213 4307 cccl-usae
3239 4252 3454 4307 essent
3491 4242 3662 4307 fores
3681 4285 3705 4316 ,

2151 4339 2446 4407 adhibitis
2479 4337 2666 4404 scalis
2694 4357 2809 4423 per
2833 4337 3149 4404 fenestras
3184 4349 3556 4421 penetrare,
3611 4358 3715 4403 re-·

2155 4438 2507 4504 :notissima
2539 4454 2826 4518 quaeque
2856 4437 2993 4501 loca
3013 4481 3035 4512 ,
3064 4438 3365 4510 obscuras
3417 4446 3708 4521 cryptas,

2153 4533 2467 4599 immunda
2498 4530 2741 4598 stabula
2772 4533 2950 4598 anxie
2976 4533 3352 4609 circumit-03
3411 4533 3710 4616 languen-

2151 4644 2251 4698 tes
2272 4674 2294 4706 ,
2324 4630 2624 4703 afflictos,
2654 4629 2864 4695 inedia
2893 4631 3175 4715 dejectos
3201 4631 3592 4714 conquirere,
3614 4639 3713 4695 at·

2155 4751 2282 4813 que
2312 4747 2533 4793 omnes
2560 4727 3065 4811 quibuscumque
3093 4737 3380 4809 poterat,
3412 4726 3712 4793 subsidiis

488 4834 574 4897 do
600 4852 747 4916 erga
774 4831 1026 4894 unicum
1059 4828 1464 4913 languentem
1497 4827 1711 4903 filium,-
1739 4850 1814 4893 ea
1841 4841 2031 4912 quam
2147 4831 2363 4915 juvare
2386 4870 2408 4901 ,
2438 4845 2510 4892 ac
2540 4823 2841 4901 reficere3
2873 4845 3087 4890 eorum
3108 4826 3332 4910 ⁸plagas
3361 4833 3708 4900 curare,·ta·

480 4927 787 4994 Camillus
833 4927 1096 5010 singulis
1160 4925 1515 5007 quibusque
1569 4928 2035 5010 aegrotantibus

474 5026 837 5111 praestabat
856 5048 878 5098 3
909 5043 1124 5088 eorum
1149 5022 1463 5088 desideria
1481 5029 1905 5104 praevertens,
1927 5043 2034 5089 eo·

480 5143 620 5188 rum
649 5121 946 5188 solatium
965 5162 988 5195 ,
1022 5119 1416 5186 commodum
1440 5161 1461 5192 ,
1495 5119 1858 5194 munditiem
1885 5165 1905 5195 ‚
1962 5142 2034 5187 ac

481 5221 874 5308 potissimum
903 5218 1144 5286 animae
1176 5211 1595 5303 expiationem
1617 5261 1640 5293 ,
1670 5224 2034 5302 rectamque

2151 4913 2737 5006 bem‘abstergere,
2768 4922 2986 5000 sord-es
3014 4923 3231 4987 eluere
3253 4966 3273 4996 ‚
3300 4921 3502 4987 lectos
3560 4941 3707 5005 pur-

2152 5043 2300 5109 gare
2325 5046 2343 5083 ι
2379 5028 2706 5086 Praeterea
2724 5039 2952 5086 novum
2970 5021 3214 5102 aperuit
3234 5018 3706 5090 Xenodochium

2146 5122 2215 5183 in
2246 5120 2384 5203 ipsa
2413 5116 2759 5202 Religionis
2803 5136 2955 5182 suae
3013 5123 3252 5189 nomm
3310 5115 3581 5181 alterum
3638 5116 3707 5177 in

2158 5215 2438 5302 Regione
2468 5212 2938 5282 Caelimontana
2961 5213 3041 5278 ad
3095 5221 3373 5278 sanctum
3427 5212 3707 5288 sixtum3

584 5432 638 5484 A
680 5428 979 5483 Crassante
998 5436 1149 5498 peste
1175 5425 1233 5479 in
1268 5419 1414 5479 Urbe
1428 5463 1448 5490 ,
1478 5420 1616 5493 quid
1632 5420 1974 5494 praestiterit
2001 5421 2298 5479 Camillus.
