4442 6300
1528 496 1874 567 quinon}
1913 495 2382 551 ulcerosum
2422 497 2589 551 nc.

3387 501 3496 561 81⁸

456 638 602 702 dum
630 637 866 704 Chorus
898 638 1269 704 decantabat
1296 637 1631 725 bymnumz
1691 644 1771 702 Ts
1828 645 2016 707 Deum
2132 659 2213 703 ne
2238 647 2301 705 et
2325 637 2612 722 exceptis
2661 636 2826 704 inter
2878 643 3152 707 eundum
3214 642 3687 709 occurrentibus

459 747 573 797 ete.
603 756 641 799 a
673 754 742 829 se
772 734 1129 819 inchoatum
1150 776 1173 806 ‚
1204 733 1285 797 de
1316 732 1771 800 Postulantium
1826 736 2018 825 mani-

460 834 576 896 bus
607 831 1033 896 oblationibus
1056 873 1076 904 ,
1105 830 1374 913 aliisque
1398 875 1419 903 ,
1468 852 1629 913 quos
1687 853 1878 913 supra
1926 853 2020 896 re·

2130 735 2253 799 sibi
2284 737 2487 800 tribus
2505 736 2565 799 in
2599 735 2813 799 ordine
2832 739 3259 824 presbyterali
3284 739 3525 819 ultimis
3545 745 3687 803 Car·

2133 835 2450 899 dinalibus
2477 835 2553 898 ad
2584 834 2712 898 oris
2743 841 2806 897 et
2846 838 3125 915 pectoris
3182 835 3481 900 osculum.
3535 839 3688 898 Con·

460 929 820 993 censuimus
841 970 864 1001 ,
896 926 1136 991 Ritibus
1165 935 1230 990 et
1259 929 1683 993 caeremoniis
1716 928 2013 1011 expleti53
2132 929 2410 993 fessioue
2435 974 2456 1002 ,
2486 937 2551 992 et
2580 930 2660 992 ad
2688 930 3130 1011 Apostolorum
3159 937 3346 994 Aram
3379 930 3691 996 thurifica-

457 1045 579 1089 non
615 1025 874 1089 dimisso
903 1024 1264 1106 Apostolico
1294 1031 1519 1089 Senatu
1550 1025 1725 1090 solus
1780 1046 2020 1090 remea-

458 1124 549 1188 vit
579 1125 655 1188 ad
686 1123 933 1204 propria
955 1163 976 1194 ,
1011 1123 1222 1187 sinens
1249 1130 1321 1186 ut
1347 1129 1488 1205 post
1548 1143 1727 1187 sunm
1784 1122 2019 1187 disces·

458 1242 597 1285 sum
626 1222 850 1285 eadem
885 1217 1301 1284 celeberrima
1336 1240 1557 1302 pompa
1591 1222 1670 1285 ab
1734 1221 2021 1284 Eminen-

458 1318 703 1383 tissimo
735 1315 895 1380 Rufo
918 1324 1063 1379 tunc
1089 1317 1396 1399 Episcopo
1426 1317 1823 1382 Praenestino
1872 1337 2016 1381 con-

456 1416 751 1481 ficeretur
767 1420 1021 1477 Sacrum
1041 1439 1063 1488 3
1086 1433 1158 1477 ac
1180 1414 1230 1476 si
1263 1414 1396 1495 ipse
1424 1434 1720 1494 praesens
1748 1414 2019 1478 adesset.

584 1518 876 1577 Attamen
938 1511 1370 1576 sanctissimus
1427 1511 1727 1576 Dominus
1794 1516 2020 1577 Noster

455 1609 835 1674 Benedictus
859 1615 1017 1672 XIV.
1049 1607 1226 1673 nullo
1251 1628 1547 1690 umquam
1579 1607 1816 1673 fractus
1843 1608 2019 1675 labo·

456 1724 530 1769 re
552 1749 572 1778 ,
603 1724 717 1769 uec
752 1724 1002 1787 pressus
1031 1704 1395 1786 obrepentis
1425 1706 1763 1771 senectutis
1784 1706 2015 1788 ponde·

460 1820 573 1874 re,
606 1800 980 1884 geminatam
1011 1798 1358 1864 hodiernae
1418 1798 1787 1866 festivitatis
1844 1801 2024 1868 laeti·

459 1897 617 1961 tiam
637 1941 658 1969 ,
689 1917 848 1979 quae
878 1895 958 1959 de
989 1897 1317 1961 beatorum
1356 1896 1799 1978 Apostolorum
1857 1904 2018 1964 Har·

461 1994 623 2078 tyrio
646 2038 666 2066 ‚
700 2002 762 2059 et
793 1993 872 2057 de
905 2002 1061 2057 no‘va
1093 1992 1376 2075 quinque
1408 1999 1778 2058 Sanctorum
1830 1995 2022 2079 glori-

461 2090 750 2155 ficatione
783 2090 1195 2173 procedebat,
1231 2097 1484 2155 Summo
1536 2092 1873 2155 Sacerdote
1936 2091 2026 2154 di·

462 2209 651 2271 gnum
680 2189 921 2269 putavit
944 2230 965 2259 ,
995 2187 1080 2250 ita
1114 2206 1347 2269 augere
1372 2229 1393 2260 ,
1425 2194 1493 2251 ut
1545 2193 1680 2252 Deo
1740 2187 2019 2252 Hostiam

462 2284 669 2350 laudis
701 2283 969 2348 solemni
998 2283 1124 2347 ritu
1152 2282 1548 2358 immolaret,
1579 2289 1643 2347 et
1695 2282 2024 2351 Altissimo
2100 2302 2105 2307 ·

2129 1027 2303 1090 tione
2332 1037 2582 1108 peracta
2614 1026 2889 1090 sublime
2920 1025 3151 1090 Solium
3182 1027 3513 1108 repetivit,
3552 1047 3694 1109 pro-

2132 1123 2452 1203 sequendo
2472 1122 2723 1186 Missam
2745 1141 2887 1185 cum
2917 1124 3349 1196 caeremoniis,
3378 1144 3538 1206 quae
3561 1143 3693 1188 ser-

2118 1216 2264 1283 ¹vari
2293 1218 2652 1282 celebrante
2684 1225 2938 1283 Summo
2966 1220 3266 1285 Pontifice
3299 1220 3547 1285 solent:
3592 1222 3693 1286 Ni-

2131 1316 2221 1378 bil
2253 1323 2461 1379 autem
2494 1304 2556 1377 in
2586 1315 2702 1380 boc
2731 1323 2916 1380 Sacro
2944 1317 3263 1400 peculiare
3295 1327 3486 1401 atque
3518 1327 3694 1383 nota·

2133 1420 2196 1474 tu
2233 1412 2482 1492 dignum
2511 1411 2737 1475 accidit
2762 1457 2778 1484 ,
2809 1419 3055 1492 praeter
3103 1413 3434 1478 Orationes
3459 1416 3696 1481 neone-

2135 1513 2273 1571 ctae
2305 1506 2432 1569 diei
2491 1525 2612 1570 una
2668 1508 2783 1570 sub
2841 1508 3242 1572 conclusione
3291 1510 3695 1592 conjunctas,

2133 1603 2471 1667 nomiliam
2497 1611 2640 1684 post
2670 1602 3074 1685 Evangelium
3106 1625 3143 1667 a
3175 1607 3515 1670 Sanctitate
3577 1615 3699 1673 Sua

2134 1700 2452 1764 recitatam
2475 1743 2495 1774 ,
2527 1706 2591 1763 et
2623 1698 2940 1765 solemnes
2987 1702 3355 1767 Oblationes
3385 1724 3419 1765 a
3486 1712 3699 1770 Postu-

2134 1797 2416 1863 lantibus
2442 1804 2891 1879 praesentatas.

2253 1894 2594 1985 ,Orationes
2621 1900 2825 1958 autem
2854 1892 3173 1960 collectae
3195 1938 3216 1969 ,
3257 1902 3546 1963 secretae
3569 1934 3596 1972 ,
3636 1907 3703 1964 et

2134 1995 2278 2072 post
2304 1989 2821 2055 communionem
2851 1989 2967 2054 bae
2999 1988 3271 2057 fuerunt.

2711 2282 3136 2346 ORBMUS.

368 2402 391 2425 ⁶
466 2390 749 2473 vota-sua
782 2379 1234 2464 perseipsum
1293 2381 1632 2457 redderetg
1690 2382 2022 2471 solemniis
2140 2426 2145 2435 ·

464 2476 672 2559 itaque
694 2476 1208 2541 canonizationis
1234 2478 1841 2543 memorato.ordine
1895 2481 2027 2564 jam

467 2573 796 2658 completis
816 2616 837 2646 ,
864 2574 947 2636 ab
978 2571 1278 2636 eminenti
1309 2573 1469 2636 Sede
1500 2573 1892 2639 descendens
1911 2618 1933 2648 ,
1961 2585 2030 2640 et

463 2671 542 2733 ad
571 2670 759 2736 aliam
789 2668 1197 2735 humiliorem
1235 2676 1517 2751 paratam
1565 2669 1907 2736 introrsum
1958 2673 2027 2734 in

464 2767 605 2850 ipso
633 2765 886 2831 Theatri
914 2766 1082 2831 aditu
1113 2785 1193 2829 ex
1221 2774 1395 2848 parte
1428 2767 1673 2830 sinistra
1704 2769 1938 2834 Altaria
1960 2789 2028 2833 se

459 2863 779 2928 transtulit
798 2906 820 2936 ,
851 2861 990 2928 solo
1018 2863 1436 2927 Diaconorum
1467 2866 1921 2929 Assistentium
1955 2874 2021 2947 et

466 2959 906 3029 nonnullorum
924 2979 1266 3042 paucorum
1290 2969 1437 3026 tunc
1468 2962 1529 3024 ei
1549 2962 2026 3027 ministrantium

466 3058 790 3124 comitatu.
816 3062 969 3121 Cum
991 3057 1052 3118 in
1082 3077 1158 3121 ea
1189 3057 1509 3140 paululum
1533 3060 1828 3133 sedisset,
1859 3069 2030 3125 stans

470 3158 603 3221 sine
635 3158 816 3220 Mitt-a
843 3155 1017 3219 etad
1075 3155 1288 3220 Altare
1346 3174 1684 3221 conversus
1743 3158 2030 3224 recitavit

468 3245 777 3317 submissa
802 3273 955 3317 voce
990 3257 1194 3326 Palu,
1219 3259 1283 3315 et
1311 3254 1424 3317 Ave
1450 3275 1476 3325 ς
1509 3273 1654 3317 mox
1674 3275 1857 3321 manu
1881 3257 2029 3321 dex·

466 3357 597 3414 tera
633 3350 872 3433 signum
904 3348 1118 3413 Crucis
1149 3348 1431 3414 formans
1456 3371 1493 3413 a
1549 3349 1763 3417 fronte
1791 3353 1872 3417 ad
1928 3374 2030 3436 pe·

466 3457 605 3513 ctus
630 3448 860 3513 cecinit
892 3467 1005 3528 pro
1037 3447 1432 3512 inchoatione
1483 3447 1674 3513 borae
1731 3451 1984 3515 Tertiae
2009 3476 2026 3510 ι

467 3551 627 3609 Deus
655 3552 721 3608 in
750 3548 1167 3624 Adjutorium,
1207 3555 1320 3610 ete.
1380 3545 1757 3611 Cantoribus
1819 3568 2033 3630 prose·-

468 3641 806 3724 quentibus
834 3645 1197 3723 Hymnum,
1227 3649 1294 3703 et
1353 3640 1634 3706 Psalmos
1692 3662 1895 3725 usque
1951 3643 2034 3710 ad

469 3737 680 3801 finem.
712 3737 860 3800 Pos‘t
891 3733 1288 3815 Responsqrii
1338 3742 1589 3800 cantum
1614 3779 1635 3809 ,
1694 3738 2031 3830 completis

466 3832 592 3917 jam
627 3833 923 3915 precibus
948 3832 1431 3913 praeparatoriis
1459 3833 1537 3896 ad
1564 3833 1842 3908 Missam,
1873 3836 2036 3900 inter

476 3951 633 4013 quas
664 3929 895 3994 sedens
926 3926 1200 4006 sandalia
1230 3936 1295 3992 et
1322 3928 1554 4010 caligas
1607 3930 1897 3998 induerat
1953 3935 2033 4000 de

473 4045 646 4091 more
669 4071 690 4100 ,
716 4025 943 4089 iterum
974 4030 1144 4088 stans
1173 4025 1312 4088 sine
1338 4026 1521 4091 nitra
1543 4067 1566 4099 ,
1596 4032 1663 4090 et
1689 4027 1917 4092 delatis
1963 4037 2035 4094 ut

469 4122 626 4187 alias
653 4142 769 4204 per
798 4120 1139 4207 Acolytbos
1167 4123 1416 4202 duobus
1442 4122 1841 4190 candelabris
1885 4135 2035 4190 ante

472 4219 690 4285 Solioli
719 4218 1001 4282 infimum
1031 4219 1284 4303 gradum
1319 4222 1679 4286 Orationem
1710 4222 1834 4286 diei
1866 4224 2034 4289 Festi

476 4322 576 4382 SS.
609 4314 1089 4399 Apostolorumz
1121 4321 1283 4380 Deus
1310 4324 1420 4396 qai
1462 4321 1815 4384 hofflrnam
1875 4328 2032 4386 diem

476 4425 588 4476 ete.
622 4412 991 4496 praecinuit.
1013 4412 1181 4476 Lotis
1211 4413 1438 4478 deinde
1468 4416 1775 4492 manibus,
1806 4439 2029 4501 aquam

475 4508 787 4572 consuetis
816 4508 1226 4572 caeremoniis
1252 4511 1595 4590 praebente
1620 4514 1786 4576 Sacri
1815 4514 2036 4594 Hospi-

477 4604 546 4667 tii
576 4604 877 4687 Magistro
907 4603 1289 4667 Guadaneoli
1320 4610 1487 4669 Duce
1510 4650 1531 4678 ,
1557 4615 1769 4672 vestes
1821 4609 1899 4671 ad
1931 4616 2035 4673 Sa·

475 4697 784 4763 cr'iticium
815 4698 1170 4763 faciendum
1193 4708 1441 4779 paratas
1462 4700 1662 4765 induit
1688 4704 2035 4769 ministerio

476 4795 730 4861 Diaconi
763 4794 1106 4859 cardinalis
1134 4795 1540 4879 Evangelium
1573 4800 1881 4864 cantaturi
1926 4804 2036 4865 Ca·

479 4893 597 4957 roli
627 4893 860 4958 Mariae
892 4891 1269 4973 Sacripantis
1290 4934 1311 4965 ,
1341 4902 1408 4957 et
1433 4893 1665 4959 annulo
1694 4895 2039 4961 Pontificali

482 5012 597 5075 per
623 4990 800 5068 card.
834 4988 1210 5071 Episcopum
1242 4988 1661 5056 Assistentem
1709 4992 2034 5058 subarrha-

475 5095 576 5152 tus
594 5131 616 5162 ,
651 5086 737 5150 ita
766 5091 1022 5151 ornatus
1050 5083 1234 5148 thure
1265 5084 1327 5147 in
1355 5085 1767 5151 Tburibnlnm
1797 5088 2036 5152 immis-

477 5208 586 5257 so,
618 5205 689 5249 ac
717 5181 1130 5265 praecedente
1192 5185 1384 5245 cruce
1436 5180 1604 5247 inter
1657 5184 2033 5250 candelabra

478 5291 721 5367 septem
754 5279 1056 5361 [necessit
1085 5277 1164 5340 ad
1194 5277 1407 5370 Altare
1430 5322 1452 5352 ,
1483 5278 1789 5345 instructo
1820 5280 2038 5347 dunta-

2269 2470 2664 2548 Omnipotsns
2688 2482 2747 2535 et
2773 2476 3071 2537 mirabilis
3121 2478 3279 2540 Deus
3334 2481 3402 2540 in
3463 2480 3705 2542 Sanctis

2138 2575 2262 2632 tais
2281 2613 2303 2643 ,
2332 2575 2441 2647 qui
2466 2574 2763 2631 bectonem
2785 2572 3015 2632 Fidelis
3045 2573 3338 2651 Martyris
3360 2615 3382 2645 ‚
3421 2579 3665 2637 Camilli
3682 2618 3705 2650 ,

2145 2670 2314 2728 Petri
2333 2709 2354 2738 ,
2383 2669 2646 2741 Joseplti
2700 2668 3125 2745 confessorum
3148 2714 3169 2743 ,
3219 2682 3277 2733 et
3325 2674 3705 2735 catharinae
3731 2714 3752 2725 -„

2143 2768 2418 2841 Viryinis
2443 2768 2662 2824 merita
2690 2766 2967 2825 sollemni
2993 2770 3434 2844 glorificatione
3489 2775 3711 2832 clares·

2139 2879 2269 2925 cere
2294 2865 2544 2924 voluisti
2562 2882 2580 2918 ε
2614 2867 2866 2924 concede
2895 2869 3200 2940 propitias
3222 2888 3247 2937 ,-
3274 2877 3342 2927 at
3371 2855 3524 2944 quae
3566 2878 3709 2930 sant

2142 2962 2571 3034 triumphantis
2601 2960 2912 3048 Ecclesiae
2946 2974 3296 3026 ornamenta
3316 3006 3337 3037 ,
3366 2982 3528 3027 nova
3582 2970 3708 3029 sint

2137 3061 2469 3120 militantis
2485 3059 2820 3133 praesidia.
2853 3059 2970 3121 Per
2998 3069 3113 3122 ete.

2674 3254 3167 3316 SECRETA.

2164 3447 2171 3454 '
2275 3449 2648 3509 celebritatis
2675 3447 2999 3508 hodiernae
3029 3465 3280 3511 munera
3334 3457 3399 3512 in
3432 3455 3709 3514 honorem

2140 3544 2492 3606 Sanctorum
2523 3545 2751 3604 Fidelis
2783 3546 3072 3621 Martyris
3095 3588 3116 3617 ,
3153 3550 3441 3616 Camilli,
3499 3553 3705 3625 Petri,

2139 3643 2396 3716 Jossploi
2421 3642 2876 3719 consessorum,
2905 3652 2968 3701 et
3001 3645 3376 3706 catharinae
3431 3650 3701 3724 Virainis

2142 3740 2260 3801 tibi
2277 3742 2525 3799 Domine
2558 3740 2866 3816 offerentes
2897 3741 3219 3802 humiliter
3268 3747 3534 3818 petimus
3555 3766 3583 3816 3
3638 3756 3710 3808 ut

2143 3852 2398 3913 quoram
2428 3837 2779 3896 eoeultamus
2812 3840 3137 3912 triumphis
3159 3879 3180 3911 ,
3209 3843 3601 3917 proficiamus
3651 3861 3710 3904 e·

2141 3936 2430 4008 oeemplis.
2460 3934 2583 3993 Per
2606 3941 2723 3994 etex

2604 4127 3128 4191 PosTcoMunN
3132 4131 3234 4192 10.

2274 4320 2458 4403 Sacro
2487 4321 2745 4395 pignore
2776 4321 3263 4385 immortalitatis
3283 4334 3586 4404 suscepto,
3606 4328 3708 4405 tae

2140 4435 2249 4479 nos
2270 4458 2293 4488 ,
2324 4432 2683 4496 qaaesamus
2718 4417 3008 4490 Domine,
3059 4420 3417 4485 Sanetomm
3483 4411 3712 4488 Fidelis

2146 4517 2476 4590 Martyris,
2496 4515 2758 4574 Camilli
2772 4557 2793 4586 ,
2829 4515 3038 4590 Petri,
3087 4518 3339 4593 Iosephi
3403 4521 3711 4610 Confessa-

2138 4625 2271 4671 ram
2297 4651 2318 4680 ,
2352 4618 2408 4672 et
2438 4611 2801 4672 catharinae
2841 4611 3108 4687 Viminis
3133 4625 3409 4676 aeternae
3443 4619 3708 4695 felicita-

2142 4710 2226 4768 tis
2252 4713 2550 4767 consortes
2570 4744 2591 4775 ,
2617 4721 2866 4780 quorum
2892 4711 3248 4782 temporalis
3292 4715 3711 4777 exaltationis

2144 4804 2399 4866 voluisti
2417 4803 2771 4879 partieipss.
2803 4803 2921 4864 Per
2943 4806 3269 4868 Dominum
3290 4818 3560 4871 nestrum
3592 4821 3705 4874 ete.

2268 4990 2536 5057 Humilia
2561 5007 2713 5055 vero
2733 5034 2753 5063 ‚
2783 5013 2971 5075 quam
2994 4995 3219 5059 sedens
3245 4995 3571 5076 babuitad
3592 5003 3712 5068 cir-

2144 5085 2491 5153 cumfusa'm
2523 5084 2982 5152 multitudinem
3013 5091 3314 5156 Sanctitas
3344 5099 3462 5161 Sua
3482 5140 3503 5170 ‚
3535 5096 3709 5165 lucu·

2145 5183 2354 5248 lenter
2382 5180 2708 5264 exprimit,
2737 5191 2804 5247 et
2832 5186 2916 5248 ob
2967 5184 3188 5252 oculos
3245 5192 3418 5270 ponit
3476 5196 3712 5261 utrius-

2145 5299 2270 5364 que
2303 5278 2716 5346 solemnitatis
2748 5282 3114 5347 memoriam
3138 5326 3161 5357 ,
3185 5293 3256 5349 ut
3310 5286 3545 5372 legenti
3606 5314 3712 5376 pa.

483 5387 591 5445 xat
616 5397 649 5441 a
677 5375 796 5442 sibi
823 5372 1314 5439 Ministrantibus
1345 5373 1822 5460 supplicationis
1843 5377 2036 5461 agmi-
2148 5375 2328 5442 tebit.
