4442 6300
914 490 1020 544 1³4

1941 489 2144 544 ACTA
2183 487 2842 546 cutomzanouts

731 640 1192 720 mentist’spae
1219 642 1353 703 111.
1375 637 1539 703 intra
1559 635 2064 718 Apostolicorum
2095 637 2301 700 Comi·
2409 637 2783 719 subscriptis
2861 636 3223 719 distinctius
3291 653 3591 722 expressa
3667 636 3983 720 reperiun-

727 735 959 800 tiorum
1019 741 1193 817 septa
1235 735 1772 801 commorantibus
1791 777 1813 807 ,
1865 735 2295 817 quaestionem

728 832 884 897 banc
915 853 1037 896 non
1065 833 1199 897 sine
1227 831 1673 897 sententiarum
1703 839 1893 914 atque
1938 833 2293 897 studiorum

729 932 1031 995 varietate
1063 931 1408 1021 audivimus
1437 929 1660 1013 agitari
1683 954 1706 1003 3
1731 949 1807 994 an
1835 929 2079 994 scilicet
2103 930 2164 990 in
2191 949 2299 993 eo-

730 1028 874 1091 dem
907 1031 1206 1093 Vaticano
1229 1072 1249 1099 ,
1279 1049 1355 1091 an
1384 1049 1537 1093 vero
1564 1028 1626 1089 iu
1659 1027 2060 1090 Lateranensi
2107 1025 2297 1090 Patri-

728 1127 942 1191 archio
973 1126 1272 1191 solemnis
1296 1126 1406 1190 illa
1435 1134 1502 1189 et
1528 1125 1842 1208 generalis
1865 1168 1885 1198 ,
1913 1125 1994 1188 de
2038 1142 2158 1205 qna
2191 1142 2296 1187 su-

721 1244 829 1306 pra
855 1224 1223 1303 dicebamus
1243 1269 1261 1296 ,
1295 1212 1668 1306 supplicatio
1700 1220 2055 1306 peragenda
2101 1229 2293 1285 esset.

721 1329 799 1385 Et
828 1323 1084 1404 quidem
1119 1323 1481 1405 praemissis
1508 1322 1572 1384 in
1600 1321 1876 1392 casibus3
1906 1319 2136 1382 nostris
2168 1319 2293 1402 pri·

722 1440 891 1483 mum
953 1419 1154 1484 oculis
1194 1420 1594 1501 aspeximus,
1637 1419 1866 1482 deinde
1909 1418 2098 1481 etiam
2142 1417 2298 1481 alio·

723 1539 859 1582 rum
894 1517 1204 1582 relatione
1229 1517 1619 1588 audivimus,
1649 1514 1967 1599 praefatae
1999 1514 2295 1578 solemni·

718 1617 871 1680 tatis
883 1616 1318 1681 celebritatem
1340 1615 1567 1696 duplici
1584 1613 2031 1696 supplicatione
2046 1611 2294 1676 inchoa·

723 1721 848 1777 tam
907 1711 1105 1778 fnisse
1130 1759 1147 1783 ,
1178 1732 1446 1794 quarum
1483 1712 1679 1775 altera
1707 1708 1769 1771 in
1801 1709 2063 1773 Basilica
2096 1715 2155 1772 S.
2187 1714 2293 1773 Jo-

722 1809 897 1875 annis
927 1809 991 1871 in
1031 1815 1334 1872 Laterano
1356 1850 1377 1879 ‚
1408 1808 1608 1871 altera
1636 1826 1788 1869 vero
1830 1805 2016 1870 simul
2062 1805 2288 1869 eodem

726 1917 1012 1990 tempore
1039 1907 1101 1969 in
1129 1905 1395 1970 Basilica
1418 1910 1477 1968 S.
1514 1905 1675 1967 Petri
1697 1904 1761 1965 in
1791 1903 2090 1967 Vaticano
2113 1900 2293 1965 babi-

727 2014 790 2070 ta
817 2003 977 2079 fuit3
1009 2002 1380 2066 divisionem
1428 2009 1635 2064 autem
1667 1997 1892 2064 factam
1935 1997 2134 2063 fuisse
2179 2018 2293 2063 eo·

727 2122 866 2165 rum
887 2144 910 2173 ,
938 2101 1044 2183 qui
1077 2099 1318 2182 primae
1346 2097 1709 2181 hujusmodi
1754 2095 2032 2180 generali
2064 2094 2297 2178 snppli-

725 2199 954 2265 cationi
975 2197 1298 2262 'interesse
1332 2196 1741 2265 tenebantur;
1771 2192 2085 2258 nonnullis
2126 2192 2295 2256 vide·

727 2296 881 2362 licet
913 2297 988 2359 ad
1018 2314 1231 2368 unam,
1257 2293 1401 2357 aliis
1427 2276 1576 2357 {ero
1608 2293 1683 2357 ad
1715 2292 1976 2357 alteram
2009 2311 2090 2355 ex
2118 2309 2297 2373 prae·

727 2395 914 2459 dic-tis
940 2391 1228 2458 Basilicis
1255 2391 1738 2466 accedentibus3
1766 2397 1945 2473 prout
1978 2388 2075 2452 vel
2112 2387 2299 2452 ratio-

728 2511 810 2556 ne
832 2530 853 2564 ,
884 2490 981 2554 rel
1016 2488 1323 2571 imperio,
1351 2486 1452 2551 vel
1484 2488 1672 2551 etiam
1704 2485 1951 2569 propria
1977 2485 2297 2551 voluntate

724 2596 915 2670 atque
942 2585 1200 2649 arbitrio
1225 2585 1476 2650 adducti
1509 2583 1781 2647 fuerunt.

855 2685 1032 2760 Quod
1061 2705 1254 2766 quum
1284 2689 1507 2747 Nostra
1534 2690 1596 2747 et
1619 2682 1883 2746 aliorum
1913 2681 2102 2744 etiam
2124 2700 2298 2748 com·

727 2781 1000 2866 plurium
1033 2780 1383 2854 sententia,
1415 2799 1531 2844 nec
1558 2779 2022 2844 Ecclesiasticis
2061 2779 2303 2863 regulis

728 2901 802 2945 ac
831 2880 1096 2953 ritibus,
1128 2899 1241 2943 nec
1285 2878 1428 2960 piae
1461 2878 2015 2942 praedecessorum
2061 2885 2303 2942 nostro-

729 2999 865 3043 rum
885 2978 1082 3041 menti
1114 2985 1602 3041 consentaneum
1625 2996 1765 3040 esse
1782 2975 2124 3058 judicaveri
2135 2995 2298 3054 mus,

730 3096 938 3160 neque
967 3096 1120 3141 vero
1148 3074 1392 3157 absque
1422 3072 1687 3141 notabili
1720 3073 1917 3136 {livini
1950 3072 2156 3138 cultus
2184 3074 2300 3135 im-

731 3175 1080 3238 minutione
1099 3181 1162 3235 et
1193 3173 1408 3255 populi
1440 3170 1733 3239 scandalo
1752 3173 1954 3255 reipsa
1983 3171 2122 3238 fieri
2148 3192 2298 3238 con·

733 3272 975 3354 ligeriti
1033 3276 1201 3341 Nos,
1257 3270 1583 3351 cupientes
1623 3276 1834 3334 tantae
1878 3270 2297 3335 solemnitatis

729 3369 924 3437 initia,
952 3367 1402 3432 communibus
1416 3365 1690 3430 omnium
1724 3365 2011 3429 ordinum
2044 3366 2297 3439 studiis,

733 3485 938 3548 eoque
971 3464 1247 3528 maximo
1275 3462 1481 3527 cultus
1528 3461 1859 3545 splendore
1879 3505 1901 3534 ,
1934 3483 2062 3550 quo
2105 3463 2299 3545 potis·

732 3564 953 3628 simum
984 3560 1264 3625 fidelium
1306 3568 1550 3624 mentes
1579 3559 1656 3623 nd
1699 3559 1983 3624 debitum
2017 3579 2164 3642 erga
2207 3561 2302 3626 di·

730 3660 913 3724 vinae
934 3659 1235 3723 bonitatis
1256 3657 1549 3741 mysteria
1573 3657 1993 3720 venerationis
2010 3658 2303 3721 affectum

734 3758 1085 3820 excitantur
1105 3798 1134 3834 ,„
1157 3755 1323 3817 omni
1356 3762 1637 3836 tempore
1669 3752 2144 3826 concelebrari,
2171 3762 2304 3821 Mo·

736 3859 802 3915 tu
834 3850 1092 3933 proprio
1120 3859 1292 3913 etex
1317 3857 1490 3914 certa
1520 3850 1800 3923 scientia,
1829 3858 1968 3931 post
1997 3860 2304 3918 maturam

736 3946 1260 4013 deliberationem
1306 3946 1419 4010 bac
1450 3946 1529 4011 de
1574 3969 1642 4012 rc
1673 3944 1950 4011 habitam
1976 3993 1996 4021 ,
2040 3948 2199 4016 banc
2241 3952 2305 4016 in

735 4054 1056 4129 posterum
1101 4042 1426 4124 praecepti
1458 4046 1653 4106 nostri
1700 4043 1968 4110 formam
2013 4046 2304 4114 volumus

736 4165 876 4209 esse
907 4149 1304 4222 perpetuam,
1334 4140 1565 4222 quade
1597 4142 1996 4222 Apostolicse
2026 4153 2305 4226 potesta-

741 4241 820 4304 tis
851 4238 1234 4322 plenitudine
1254 4239 1586 4326 statuimus
1607 4248 1794 4321 atque
1827 4242 2216 4314 mandamus,
2238 4251 2308 4307 ut

736 4335 915 4401 sicuti
944 4334 1104 4398 Sede
1128 4334 1308 4414 plena
1339 4335 1422 4398 de
1452 4353 1633 4398 mane
1668 4336 1886 4399 Feriae
1915 4345 1988 4400 V.
2017 4349 2161 4420 post
2201 4346 2312 4406 Fe·

742 4442 907 4497 stum
940 4430 1382 4495 Sanctissimae
1412 4430 1739 4497 Trinitatis
1782 4433 1959 4497 unica
2003 4434 2313 4518 supplica·

742 4529 831 4594 tio
859 4574 879 4603 ,
940 4526 1078 4591 sive
1122 4526 1450 4591 Processio
1493 4528 1812 4611 generalis
1867 4535 1966 4593 SS.
2023 4534 2310 4615 Corporis

738 4626 960 4694 Christi
994 4626 1056 4688 in
1088 4626 1257 4690 Urbe
1287 4625 1502 4708 peragi
1549 4627 1875 4692 consuevit
1899 4671 1920 4702 ,
1953 4627 2036 4691 ita
2081 4632 2307 4695 eadem

740 4723 1096 4808 Apostolics
1141 4723 1305 4788 Sede
1344 4731 1642 4796 vacante,
1685 4724 1795 4788 ubi
1838 4726 2308 4794 solemnitatem

743 4825 1125 4907 praedictam
1151 4865 1171 4896 ,
1200 4841 1362 4885 anno
1394 4829 1703 4897 vertente,
1732 4823 2179 4891 celebrandam
2209 4848 2310 4893 es-

745 4942 814 4987 se
844 4922 1204 5005 contingat,
1235 4919 1418 4983 unica
1446 4922 1682 5002 pariter
1711 4921 1773 4984 in
1803 4924 1967 4986 Urbe
1999 4927 2313 5007 generalis

742 5019 1070 5086 Processio
1114 5019 1424 5081 habeatur
1463 5037 1608 5081 cum
1638 5020 1990 5084 interventu
2035 5024 2312 5090 omnium

745 5129 812 5182 et
840 5116 1261 5198 singulorum,
1291 5114 1399 5195 qui
1433 5115 1515 5181 de
1544 5124 1758 5180 cetero
1781 5114 2143 5200 hujusmodi
2175 5142 2315 5206 sup-

747 5212 1066 5294 plicationi
1100 5209 1375 5295 generali
1407 5211 1631 5275 adesse
1663 5220 1996 5289 tenentur3
2040 5236 2311 5298 quorum

745 5311 1005 5375 nomina
1038 5318 1103 5373 et
1133 5307 1461 5370 incedendi
1495 5308 1688 5377 ordo,
1752 5307 1899 5373 aliis
1955 5313 2206 5377 Nostris
2234 5320 2315 5378 A·

637 5445 642 5454 ·
748 5405 1079 5488 postolicis
1142 5402 1361 5467 Literis
1392 5402 1507 5469 bac
1560 5403 1696 5486 ipsa
1725 5404 1829 5470 die
1861 5427 2046 5473 manu
2105 5420 2314 5478 nostra

2407 740 2527 797 tur.

2534 835 2940 896 Dumautem
2973 852 3085 914 pro
3116 830 3478 916 hujusmodi
3523 831 3802 917 generali
3835 851 3978 914 sup-

2406 926 2748 1011 plicatione
2779 929 2939 993 Sede
2967 937 3245 1002 vacante,
3274 938 3347 995 nt
3373 929 3727 1012 praefertur
3750 928 3982 995 baben—

2407 1022 2486 1085 da
2516 1043 2865 1109 congruum
2898 1034 3456 1109 opportunumque
3499 1026 3710 1091 locum
3740 1025 3979 1110 delige·

2409 1140 2477 1185 re
2499 1165 2520 1195 ,
2548 1130 2615 1186 et
2643 1123 3029 1188 constituere
3062 1134 3277 1189 mente
3309 1124 3642 1208 animoque
3685 1124 3982 1190 versaba-

2410 1235 2582 1291 mus;
2616 1218 2774 1283 illud
2802 1225 2929 1285 Nos
2962 1220 3231 1284 maxime
3264 1221 3622 1303 permovit,
3652 1220 3820 1303 quod
3851 1220 3981 1285 ani·

2409 1314 2886 1389 madvertimus,
2917 1318 2981 1379 in
3011 1318 3235 1380 ceteris
3287 1338 3397 1398 per
3426 1317 3829 1395 christianum
3864 1325 3977 1381 Or·

2405 1411 2550 1476 bem
2584 1413 2997 1487 Civitatibus,
3050 1422 3337 1495 tempore
3371 1414 3762 1496 Episcopalis
3791 1415 3973 1479 Sedis

2402 1510 2699 1579 vacantis,
2732 1510 2877 1573 nihil
2914 1511 3140 1576 mutari
3173 1511 3384 1577 solere
3410 1513 3575 1577 circa
3606 1512 3835 1586 locutu,
3864 1522 3975 1578 snt

2402 1607 2778 1683 Ecclesiam,
2810 1608 2870 1670 iu
2902 1629 3054 1690 qno,
3086 1630 3197 1673 seu
3217 1630 3338 1692 qua
3358 1610 3668 1693 Episcopo
3696 1610 3968 1686 vivente,

2403 1706 2735 1789 quotannis
2751 1707 3082 1791 praecipua
3105 1706 3462 1791 hujusmodi
3490 1709 3815 1773 Processio
3834 1715 3976 1773 Cor·

2402 1804 2579 1886 poris
2611 1804 2837 1868 Christi
2868 1805 3175 1871 celebrari
3209 1805 3393 1871 solet.
3420 1813 3637 1889 ltaque
3681 1806 3979 1888 quemad-

2407 1902 2663 1965 modum
2696 1902 2760 1963 in
2787 1903 2956 1966 Urbe
2979 1945 3000 1978 ,
3031 1903 3193 1967 Sede
3225 1902 3408 1985 plena
3437 1903 3762 1969 Processio
3792 1923 3979 1988 gene-

2404 1999 2554 2064 ralis
2583 1999 2938 2083 hujusmodi
2968 2001 3030 2063 in
3053 2002 3356 2066 Vaticano
3383 2001 3764 2078 celebratur,
3782 2019 3979 2082 qusn-

2403 2098 2641 2162 tumvis
2671 2097 2954 2162 Pontifex
2988 2101 3051 2162 in
3081 2098 3365 2183 ejusdem
3398 2100 3677 2164 Vaticani
3716 2100 3978 2165 AEdibus

2407 2205 2549 2260 actu
2578 2213 2702 2258 non
2736 2206 3203 2271 commoretur,
3232 2196 3345 2265 sed
3374 2196 3439 2259 in
3469 2196 3768 2272 Quirinali
3800 2197 3977 2266 Pala·

2410 2292 2498 2357 tio
2541 2293 2768 2377 degat,
2816 2295 2912 2359 vel
2944 2294 3134 2360 etiam
3181 2295 3475 2360 eumdem
3518 2304 3693 2359 extra
3736 2298 3969 2362 Urbem

2408 2409 2643 2455 moram
2690 2390 2936 2456 trahere
2990 2393 3340 2475 contingam
3384 2391 3468 2454 ita
3524 2393 3678 2456 nibil
3723 2395 3979 2460 obstare

2407 2509 2780 2561 censemus,
2810 2490 3142 2572 quominus
3169 2490 3356 2554 etiam
3398 2488 3695 2557 defuncto
3726 2492 3977 2557 Pontifi-

2406 2608 2479 2653 ce
2504 2630 2524 2660 ,
2568 2587 2892 2651 processio
2935 2586 3252 2670 generalis
3296 2588 3397 2651 die
3444 2594 3627 2651 Festo
3672 2590 3970 2673 Corporis

2409 2683 2635 2749 Christi
2675 2685 2738 2746 in
2770 2685 3065 2750 Vaticano
3109 2685 3340 2766 pariter
3378 2685 3781 2763 celebretur,
3822 2688 3977 2771 quin

2410 2784 2619 2864 potius
2642 2781 2705 2845 id
2737 2783 2889 2849 satis
2920 2803 3266 2869 congruum
3299 2791 3362 2848 et
3394 2795 3812 2867 opportunum
3842 2785 3981 2850 fore

2404 2880 2803 2965 judicamus,
2835 2879 3047 2945 habita
3076 2882 3320 2946 ratione
3349 2890 3481 2946 tum
3511 2883 3793 2948 Vaticani
3821 2887 3981 2947 Con·

2410 2980 2647 3053 clavis,
2695 2979 2760 3041 in
2790 3000 2916 3061 qno
2960 2978 3311 3062 Collegium
3358 2986 3418 3044 S.
3464 2988 3534 3043 R.
3570 2986 3638 3043 Β.
3684 2982 3977 3050 Cardina'·

2408 3076 2558 3140 lium
2586 3120 2607 3151 ,
2638 3077 2715 3141 ad
2763 3077 3112 3142 maximum
3156 3077 3221 3139 in
3262 3078 3449 3141 terris
3478 3097 3634 3161 opus
3678 3099 3977 3165 peragen-

2408 3177 2593 3249 dum,
2625 3183 2771 3239 tunc
2800 3175 3101 3256 temporis
3131 3183 3494 3255 permanet,
3525 3186 3656 3242 tum
3686 3176 3979 3261 frequen-

2409 3273 2533 3337 tiae
2562 3271 2810 3355 populi,
2839 3272 2946 3353 qui
2978 3270 3094 3336 bac
3118 3271 3198 3336 de
3223 3290 3412 3337 cansa
3444 3292 3559 3355 per
3585 3293 3700 3338 eos
3727 3274 3868 3343 dies
3889 3275 3972 3342 ad

2411 3363 2777 3435 Vaticanum
2809 3368 3084 3434 confluit.

2539 3467 2888 3532 inchoanda
2915 3466 3113 3549 igitur
3142 3464 3262 3528 erit
3291 3466 3608 3548 praedicta
3666 3469 3974 3553 snpplica-

2413 3566 2505 3630 tio
2534 3562 2849 3647 generalis
2903 3583 2938 3628 a
2992 3562 3259 3628 Basilica
3315 3562 3608 3630 Vaticana
3648 3586 3722 3630 ea
3781 3567 3976 3644 hora,

2413 3683 2575 3746 quse
2605 3683 2640 3725 a
2672 3660 3166 3744 Congregatione
3194 3657 3616 3725 Cardinalium
3676 3662 3743 3725 in
3806 3667 3981 3730 ordi-

2414 3783 2494 3826 ne
2526 3761 2808 3823 Priorum
2836 3758 3171 3821 indicetur.
3202 3763 3280 3819 Et
3308 3758 3569 3840 quidem
3598 3760 3829 3827 Missae
3870 3771 3981 3829 Ss-

2414 3858 2721 3926 crifieium
2754 3875 2866 3937 per
2894 3876 3038 3919 eum
3059 3898 3081 3927 ,
3112 3876 3148 3919 a
3177 3875 3303 3937 quo
3354 3856 3825 3923 sanctissimum
3858 3868 3978 3925 En·

2414 3955 2742 4023 charistiae
2800 3958 3267 4017 Sacramentum
3291 3996 3312 4026 ,
3345 3959 3413 4016 ut
3473 3953 3635 4020 infra
3692 3957 3980 4024 deferen-

2416 4056 2564 4118 dum
2599 4052 2722 4114 erit
2744 4095 2765 4126 ,
2795 4049 2872 4112 ad
2905 4049 3116 4116 Altare
3145 4051 3489 4116 Catbedrse
3516 4059 3575 4115 S.
3621 4056 3787 4120 Petri
3814 4056 3980 4124 cele-

2416 4151 2722 4214 brabitur.
2753 4155 2824 4211 At
2860 4149 3156 4230 quoniam
3186 4147 3403 4231 plnres
3430 4170 3658 4215 causae
3688 4154 3977 4231 obstant,
4018 4148 4041 4154 ‘

2419 4249 2760 4332 quominus
2790 4254 3082 4329 tempore
3143 4247 3324 4312 Sedis
3382 4251 3660 4315 vacantis
3712 4255 3985 4336 amplior

2420 4348 2531 4410 ille
2560 4346 2878 4415 ambitus,
2908 4352 3100 4425 atque
3131 4342 3519 4425 splendidior
3574 4349 3813 4412 viarum
3871 4372 3979 4433 ap-

2420 4453 2671 4528 paratus
2701 4450 2986 4507 servetur
3006 4482 3028 4511 ,
3058 4440 3164 4521 qui
3194 4440 3442 4507 vivente
3471 4443 3763 4511 Pontitiee
3786 4490 3807 4521 ,
3850 4450 3983 4515 sivo

2422 4542 2479 4606 is
2510 4560 2804 4625 praesens
2835 4539 2964 4609 sit,
2995 4536 3125 4601 sive
3158 4540 3391 4602 absens
3412 4581 3432 4611 ,
3464 4542 3788 4607 observari
3832 4565 3983 4611 eon.

2423 4640 2623 4706 suevit
2649 4663 2671 4713 ς
2730 4636 3064 4702 statuimus
3131 4636 3516 4716 praedictam
3586 4641 3987 4723 supplicatio-

2421 4758 2577 4826 nem!
2600 4756 2712 4818 per
2744 4733 3002 4797 brevius
3040 4731 3199 4795 illud
3256 4732 3379 4796 iter
3434 4735 3822 4816 procedere,
3877 4758 3988 4806 eo-

2423 4836 2692 4916 demque
2722 4835 3018 4915 apparatu
3048 4829 3271 4911 perlici
3293 4873 3314 4904 ,
3348 4851 3476 4913 quo
3500 4831 3630 4914 jam
3673 4835 3828 4901 alias
3883 4860 3986 4905 va·

2420 4939 2600 4998 cante
2631 4927 2987 5012 Apostolica
3020 4927 3179 4991 Sede
3200 4967 3225 4998 ,
3264 4928 3339 4989 'in
3398 4929 3624 4991 eodem
3687 4933 3987 5001 Vaticano

2423 5029 2646 5095 iseum
2679 5027 2876 5091 fnisse
2897 5035 3142 5092 constat
3165 5050 3181 5086 a
3208 5030 3275 5086 ln
3307 5024 3446 5108 ejus
3465 5047 3718 5110 qnoque
3744 5049 3987 5114 regu-00-

2423 5148 2496 5192 su
2524 5125 2819 5190 volumus
2840 5166 2862 5196 ,
2892 5142 3114 5187 omnes
3141 5130 3207 5185 et
3240 5121 3530 5206 singulos
3551 5166 3573 5195 ,
3603 5126 3709 5205 qni
3739 5126 3799 5189 in
3841 5136 3986 5194 Pro-

2422 5223 2711 5288 cessione
2739 5219 3161 5293 interfuerint,
3180 5241 3322 5285 cum
3356 5220 3677 5286 intortitiis
3706 5227 3992 5300 accensis

2427 5321 2590 5385 intra
2620 5320 2911 5386 eamdem
2938 5317 3277 5383 Basilicam
3308 5318 3387 5383 de
3419 5339 3593 5383 more
3624 5322 3993 5404 dispositos,

2426 5439 2628 5501 usque
2657 5418 2733 5484 ad
2756 5427 3113 5482 extremum
3136 5436 3390 5483 manere
3416 5443 3432 5480 z
3462 5437 3537 5483 ac
3565 5418 3820 5485 demum
3844 5430 3991 5510 San·
