4442 6300
659 1226 713 1285 A

976 483 1086 538 386

1935 490 2138 544 Acts-A
2182 491 2847 561 uanomzsnonjs

790 627 1048 709 spiritus
1077 629 1321 695 fervore
1353 631 1585 697 afflicta
1631 631 1912 694 membra
1942 636 2195 714 regebat
2217 678 2240 706 .,
2280 643 2347 697 ut
2462 635 2629 698 nime
2651 637 3025 718 patiebatur.
3051 643 3268 720 ltaque
3298 657 3518 720 parum
3540 649 3663 712 est,
3689 641 3855 722 quod
3876 660 4020 723 pau·

789 743 902 789 nec
931 738 1181 801 aestus,
1227 751 1341 793 nec
1366 728 1635 813 frigora,
1680 748 1796 791 nec
1826 728 2035 802 soles,
2081 750 2199 796 nec
2231 733 2347 794 im·

2460 752 2643 813 peres
2672 752 2888 798 omnes
2907 735 2983 798 ad
3015 756 3085 799 se
3114 734 3575 819 confugientes,
3603 736 3796 799 immo
3814 738 4021 803 ve‘riua

785 822 974 893 brea,
1020 845 1135 891 nec
1164 825 1434 902 famem,
1463 848 1580 891 nec
1606 826 1772 891 sitim
1800 869 1821 897 ‚
1865 846 2068 908 neque
2098 827 2349 893 labores
2459 828 2921 895 studiosissime
2965 851 3000 894 a
3042 852 3113 896 se
3141 832 3524 914 conquisitos
3566 832 3734 897 omn‘i
3783 836 4020 898 ratione

784 923 1021 989 sentire
1050 924 1399 998 videretur3
1444 925 1784 989 dummodo
1814 921 2068 1006 aliquod
2115 924 2349 990 fureret

783 1020 1127 1086 animarum
1161 1024 1435 1096 lucrum,
1468 1043 1542 1088 ac
1569 1025 1680 1087 Dei
1715 1022 1954 1088 cultum
1985 1032 2049 1088 et
2079 1024 2344 1109 gloriam

779 1130 1172 1205 propagaret.

906 1220 1217 1283 laetitiam
1251 1220 1417 1285 enim
1453 1218 1732 1283 esuriens
1762 1227 1824 1283 et
1855 1219 2097 1292 sitiens,
2126 1240 2242 1285 nec
2267 1222 2345 1285 de

779 1316 1025 1394 propria
1069 1316 1274 1381 solum
1316 1317 1697 1398 perfectione
1741 1315 2067 1388 solicitus,
2107 1320 2218 1380 sed
2263 1319 2341 1383 ad

775 1408 1040 1474 aliorum
1072 1435 1322 1495 quoque
1350 1414 1614 1477 salutem
1647 1413 2095 1494 procurandam
2123 1414 2341 1479 arden·

782 1507 1025 1572 tissimo
1056 1510 1263 1573 studio
1287 1510 1561 1573 intentus
1583 1554 1602 1577 .
1633 1529 1821 1591 quum
1852 1510 2254 1590 praedicandi
2277 1521 2341 1577 et

778 1606 1244 1683 evangelizandi
1275 1628 1497 1670 munus
1537 1626 1617 1670 ex
1647 1607 2005 1671 obedientia
2051 1620 2339 1691 gereret,

777 1699 1128 1765 incredibili
1155 1703 1372 1767 labore
1401 1725 1473 1767 ac
1494 1702 1657 1773 zelo,
1688 1722 1806 1766 nec
1836 1704 2079 1768 minore
2105 1704 2346 1769 anima·

778 1815 916 1863 rum
947 1796 1150 1862 fructu
1176 1844 1196 1872 ‚
1243 1806 1377 1864 toto
1404 1799 1566 1865 vitae
1600 1819 1750 1862 suae
1793 1819 1978 1862 cursu
2009 1798 2162 1863 illud
2206 1803 2342 1865 obi·

774 1893 882 1957 vit.
913 1900 1228 1976 Frequens
1256 1897 1351 1959 iili
1384 1906 1512 1961 erat
1547 1917 1669 1961 uno
1699 1897 2052 1978 eodemque
2083 1900 2184 1962 die
2202 1900 2340 1981 plu·

774 1990 902 2055 ries
929 1991 1194 2057 diversis
1223 1994 1501 2074 populis,
1532 1992 1795 2057 diversis
1822 1997 2226 2077 argumentis,
2246 1997 2338 2060 di-

773 2088 970 2151 versis
997 2089 1059 2150 in
1101 2086 1261 2155 locis
1289 2112 1494 2155 sacras
1535 2091 1871 2157 conciones
1898 2092 2175 2168 haberer,
2222 2115 2338 2159 nec

775 2188 982 2251 tamen
1009 2187 1156 2252 ideo
1186 2192 1483 2254 restincta
1504 2190 1747 2253 ardoris
1777 2190 1873 2254 sui
1895 2190 2167 2265 flamma,
2189 2213 2336 2277 gau-

776 2282 971 2349 debat
1016 2286 1270 2368 privatis
1299 2287 1843 2351 exhortationibus
1869 2289 2156 2354 homines
2183 2313 2217 2354 a
2248 2293 2337 2355 vi-

771 2379 883 2445 tiis
906 2401 1199 2454 avocare,
1232 2383 1308 2447 ad
1336 2383 1630 2447 virtutem
1661 2383 2036 2448 inflammare
2055 2428 2074 2456 ,
2109 2407 2335 2468 pueros

772 2485 837 2541 et
862 2478 1052 2542 rudes
1080 2480 1242 2544 Fidei
1271 2480 1596 2545 elementis
1615 2480 2078 2563 christianaque
2105 2482 2335 2548 doctri-

777 2593 855 2639 na
904 2575 1215 2641 imbuere.
1248 2577 1403 2650 Quia
1453 2578 1639 2642 etiam
1687 2578 1764 2642 ad
1810 2574 2165 2643 infidelium
2211 2592 2337 2646 ter-

770 2690 896 2744 ras,
919 2673 996 2736 ad
1020 2674 1219 2756 ipsam
1251 2674 1726 2739 Mabumetanae
1751 2674 2092 2756 impietatis
2119 2696 2331 2751 arcem

772 2788 961 2849 quum
992 2771 1382 2842 accessisset,
1415 2762 1538 2835 non
1573 2773 1762 2836 modo
1782 2772 2102 2838 Fidelibus
2133 2776 2196 2838 in
2221 2782 2332 2842 Ba·

770 2864 1026 2950 bylonis
1051 2868 1409 2950 captivitate
1453 2869 1832 2947 degentibus
1859 2876 2204 2951 opportuna
2249 2882 2338 2937 at·

770 2962 915 3025 tulit
956 2968 1418 3030 conservandae
1465 2965 1766 3049 Religioni
1813 2968 2164 3049 praesidia,
2221 2972 2337 3035 sed

773 3060 985 3143 plures
1005 3061 1294 3127 infideles
1321 3064 1396 3126 ad
1417 3063 1793 3130 christianae
1820 3064 2106 3131 veritatis
2126 3067 2333 3135 lucem

774 3179 965 3240 quum
998 3160 1400 3231 adduxisset,
1444 3163 1958 3227 exterminandae
1997 3166 2339 3248 impietatis

774 3256 1215 3337 cupidissimus
1240 3278 1364 3323 non
1385 3258 1692 3322 dubitavit
1713 3259 1914 3339 ipsum
1947 3263 2200 3340 imperii
2222 3272 2338 3350 Ty-

773 3371 1036 3418 rannum
1082 3356 1141 3417 in
1172 3354 1386 3419 Palatii
1435 3355 1532 3419 sui
1558 3355 1988 3436 penetralibus
2027 3358 2337 3443 intrepida

773 3450 1075 3516 charitate
1124 3453 1394 3524 adoriri,
1433 3462 1504 3516 ut
1546 3454 1605 3517 ei
1649 3455 2051 3538 Evangelium
2102 3458 2335 3524 Christi

777 3549 1194 3614 annunciaret.
1222 3550 1399 3623 Quod
1425 3569 1572 3613 sane
1595 3550 2049 3632 magnanimum
2077 3552 2339 3632 facinus,

780 3665 972 3725 quum
998 3644 1391 3710 inscrutabili
1437 3648 1548 3710 Dei
1579 3647 1811 3729 judicio
1839 3647 1898 3710 in
1928 3649 2175 3714 irritum
2207 3673 2344 3719 ces-

782 3742 967 3808 sisset
990 3783 1010 3813 ,
1039 3761 1362 3826 regressus
1389 3743 1623 3822 Josepb
1651 3742 1714 3804 in
1741 3742 2006 3821 Italiam,
2023 3747 2337 3830 reliquum

777 3841 947 3904 vitae
990 3841 1257 3920 spatium
1312 3840 1375 3901 in
1421 3840 1781 3904 Dominicae
1827 3842 2057 3907 Vineae
2101 3845 2342 3913 cultura

779 3953 896 4017 per
929 3935 1168 4017 Aprutii
1215 3934 1611 4016 potissimum
1656 3938 2056 4004 et.Umbriae
2096 3943 2349 4006 Provin⁶

781 4034 910 4098 cias
939 4031 1265 4114 impendit.

904 4136 972 4191 ln
1002 4149 1109 4193 eas
1137 4150 1324 4211 porro
1355 4130 1670 4212 geminum
1702 4131 2036 4198 Doctrinae
2066 4143 2132 4199 et
2158 4136 2346 4201 Mise-

782 4225 1054 4290 ricordia
1097 4247 1246 4289 suae
1297 4227 1660 4291 thesaurum
1707 4227 1964 4305 effudit3
2005 4239 2073 4294 et
2116 4233 2345 4309 sicuti‚·

780 4323 1149 4408 impositum
1183 4325 1299 4389 sibi
1344 4323 1765 4406 Apostolicnm
1798 4327 2204 4393 ministerium
2236 4334 2343 4396 ad-

777 4419 1056 4503 implens
1084 4440 1199 4502 pro
1242 4430 1495 4486 aeterna
1524 4422 1874 4486 animarum
1915 4422 2118 4490 salute
2146 4429 2344 4494 utilis·

780 4518 942 4590 sime
971 4535 1223 4602 semper
1251 4516 1668 4592 adlaboravit3
1698 4518 1786 4581 ita
1817 4520 1895 4582 ad
1925 4522 2346 4590 sublevandos

786 4636 1009 4681 omnes
1052 4615 1115 4675 in
1143 4613 1331 4697 buius
1372 4615 1536 4677 vitae
1566 4617 1863 4695 angustiis
1899 4629 1967 4681 et
1997 4619 2345 4685 afflictioni-

786 4713 908 4777 bus
949 4710 1321 4776 constitutos
1363 4711 1749 4774 admirabilis
1791 4713 2110 4780 charitatis
2150 4738 2343 4799 opera

785 4808 1213 4873 indesinenter
1251 4809 1549 4872 exercuit.
1589 4814 1758 4882 Quos
1801 4812 1966 4874 enim
2010 4815 2086 4878 ad
2131 4817 2349 4882 Caele-

789 4906 906 4970 stis
933 4904 1341 4970 beatitudinis
1361 4905 1574 4971 sedem
1591 4904 1783 4970 veluti
1806 4911 2222 4978 manuducere
2247 4933 2350 4978 co·

787 4999 1097 5077 nabetur,
1138 5022 1249 5065 eos
1289 5002 1354 5063 in
1399 5000 1615 5064 mundi
1656 5000 1843 5084 hujus
1889 5005 2351 5072 calamitatibus

790 5118 1126 5183 oppressos
1145 5097 1356 5181 jacere
1379 5142 1401 5171 ‚
1432 5098 1828 5180 quantumin
1857 5098 1997 5181 ipso
2027 5111 2205 5178 erat,
2240 5105 2353 5167 mi-

897 5303 946 5355 Α
983 5300 1258 5355 Justr‘tae‘ae
1284 5298 1520 5371 cupidus
1533 5338 1553 5367 ,
1582 5311 1637 5352 et
1662 5297 1844 5353 divini
1865 5302 2049 5356 cultus
2074 5301 2478 5375 amplificator.

2452 924 2754 1007 juvabat,
2801 929 2968 1009 quod
3016 928 3095 991 iis
3146 949 3265 992 non
3310 928 3515 993 solum
3568 951 3824 995 mensae
3876 932 4021 995 reli-

2458 1022 2639 1101 qnias
2660 1066 2680 1096 ‚
2713 1025 2821 1087 sed
2857 1025 3059 1107 ipsum
3092 1033 3378 1106 paratum
3410 1027 3529 1090 sibi
3563 1028 3801 1095 cibum.
3833 1036 4020 1110 atque

2459 1118 2645 1181 etiam
2693 1119 2942 1184 labores
2979 1140 3267 1184 manuum
3299 1142 3547 1186 suarum
3593 1123 4020 1206 largiebatur3

2457 1218 2621 1294 quod
2650 1225 2942 1297 aegrotos
2971 1218 3289 1297 quoslibet
3307 1218 3600 1291 invisere,
3633 1222 4018 1302 eosque‘piis

2453 1310 2916 1377 hortationibus
2944 1315 3338 1397 assiduisque
3383 1315 3597 1380 officiis
3637 1338 3710 1379 ac
3743 1318 4019 1382 ministe-

2450 1408 2562 1472 riis
2589 1409 2850 1474 reticere
2879 1429 3189 1493 nunquam
3219 1415 3801 1493 praetermittebam
3847 1417 4013 1497 quod

2451 1506 2806 1569 carceribus
2834 1505 3108 1572 inclusos
3130 1508 3358 1580 solari,
3391 1530 3644 1590 pascere
3669 1555 3688 1583 ,
3719 1522 3911 1593 atque
3936 1513 4014 1576 iis

2448 1599 2545 1661 vel
2575 1602 2861 1665 Indicum
2890 1602 3311 1668 clementiam.-
3340 1602 3442 1668 vel
3475 1606 3865 1669 Creditorum
3904 1610 4011 1671 be·

2446 1695 2806 1779 nignitatem
2836 1699 3171 1763 conciliare
3203 1703 3496 1774 curabat;
3526 1703 3645 1764 Sed
3676 1711 3893 1767 extant
3935 1704 4015 1768 ad

2446 1791 2609 1857 bunc
2634 1814 2834 1876 usque
2865 1795 3033 1861 diem
3053 1797 3320 1861 eximiae
3346 1798 3541 1878 ipsius
3569 1800 4017 1884 charitatispe·

2449 1891 2664 1954 reunia
2711 1901 3113 1958 monumenta
3147 1895 3210 1955 in
3253 1894 3526 1974 publicis
3569 1898 3872 1978 Hospitiis
3901 1919 4015 1982 pro

2445 1985 2831 2051 intirmorum
2856 2033 2877 2058 ,
2920 2000 3027 2054 aut
3071 1992 3539 2074 peregrinorum
3574 1993 3904 2078 perfugio,
3945 1999 4013 2059 in

2447 2082 2761 2149 Montibus
2793 2085 3048 2149 Pietatis
3063 2106 3176 2166 pro
3206 2105 3551 2167 pauperum
3576 2090 4016 2174 subsidio,per

2446 2196 2662 2242 earum
2708 2184 3051 2265 Regionum
3095 2183 3392 2247 Civitates
3436 2192 3506 2248 et
3550 2186 3836 2268 Oppida,
3877 2189 4014 2270 ipso

2447 2275 2839 2356 potissimum
2871 2278 3158 2342 bot-tante
3182 2323 3203 2351 ‚
3245 2291 3657 2360 promovente
3675 2325 3696 2356 ‚
3725 2303 4014 2349 accuran-

2445 2379 2513 2437 te
2532 2416 2559 2445 ς
2585 2377 2814 2438 erectis
2836 2419 2856 2445 ‚
2886 2376 3124 2441 dotatis
3143 2418 3163 2448 ‚
3196 2377 3543 2441 instructis.

2574 2477 2729 2533 Cum
2753 2481 2961 2537 autem
2994 2474 3056 2535 in
3087 2474 3352 2545 assiduis
3381 2474 3738 2558 hujusmodi
3765 2478 4010 2559 praedi-

2443 2567 2703 2632 cationis
2745 2580 2808 2633 et
2856 2569 3330 2634 beneficientiae
3376 2571 3678 2653 operibus
3716 2574 4010 2640 imm'ensi

2444 2671 2656 2728 esseut
2682 2665 2876 2744 ipsius
2908 2665 3158 2729 labores
3177 2708 3200 2737 ‚
3228 2685 3497 2748 aequum
3532 2668 3817 2749 protecto
3846 2682 4004 2744 erat.

2444 2771 2514 2823 nt
2541 2779 2875 2843 congruam
2925 2762 3195 2826 vicissim
3243 2763 3488 2843 corpori
3519 2764 3851 2848 animoque
3894 2790 4009 2833 sun

2445 2856 2723 2937 quietem
2754 2870 2815 2922 et
2849 2859 3294 2922 relaxationem
3330 2880 3450 2923 non
3483 2861 3805 2927 invideret.
3836 2871 4005 2930 Hanc

2447 2954 2682 3036 Joaepb
2710 2956 2772 3017 in
2804 2956 3097 3038 religiosa
3128 2956 3477 3021 divinarum
3512 2978 3764 3041 precum
3789 2963 4009 3027 recita·
4054 2975 4059 2980 ’

2447 3050 2659 3122 timue,
2702 3070 2776 3115 ac
2816 3052 3209 3133 potissimum
3252 3053 3315 3113 in
3361 3053 3637 3117 solitaria
3682 3058 3959 3122 oratione
3984 3102 4005 3132 ,

2445 3154 2633 3230 atque
2674 3147 2737 3209 in
2780 3165 2991 3213 rerum
3034 3146 3406 3213 caelestium
3465 3150 3867 3217 meditatione
3911 3176 4008 3220 ca·

2444 3246 2689 3329 piebat;
2726 3265 3007 3326 quarum-
3020 3264 3240 3310 amore
3268 3248 3544 3327 integras
3573 3267 3760 3330 saepe
3793 3261 4010 3317 noctes

2448 3352 2593 3408 ante
2635 3342 2924 3432 crucifixi
2974 3343 3214 3406 Domini
3244 3344 3340 3407 sui
3383 3342 3651 3426 effigiem
3692 3345 4012 3415 insomnes

2448 3442 2741 3515 ducebat3
2770 3448 2957 3522 atque
2987 3441 3048 3502 in
3082 3440 3222 3523 ejus
3252 3441 3551 3504 bonitatis
3570 3442 3708 3505 sinu
3738 3447 4015 3527 acquies-

2449 3556 2622 3610 cens,
2651 3538 2716 3599 in
2738 3536 3081 3600 immensae
3107 3534 3278 3600 illius
3297 3536 3619 3600 charitatis
3639 3538 4012 3619 profundum

2450 3656 2519 3699 se
2545 3635 2957 3717 immergens,
2984 3633 3103 3714 ipsi
3134 3653 3337 3704 suam,
3365 3633 3483 3714 ipsi
3517 3633 3836 3700 Ecclesiae
3864 3644 4016 3702 Gau-

2451 3753 2585 3797 sam
2607 3775 2629 3805 ‚
2657 3731 2795 3813 ipsi*
2812 3731 3113 3795 laborum·
3128 3750 3388 3795 suorum
3418 3729 3692 3795 fructum
3716 3733 4010 3815 *impense

2450 3838 2857 3911 amanterque
2900 3827 3402 3892 commendabat.
3448 3827 3540 3890 Ad
3584 3847 3774 3909 quem
3825 3849 4012 3913 porro

2452 3926 2697 3991 divinae
2724 3924 3027 3990 amicitiae
3050 3925 3305 4007 gradum
3338 3924 3570 4005 loseph
3599 3934 3857 3991 evectus
3882 3930 4017 3994 fne-

2452 4028 2571 4096 rit‚
2616 4033 2751 4089 tuto
2790 4022 3103 4105 conjicere
3134 4019 3284 4085 licet
3329 4041 3408 4083 ex
3439 4021 3866 4104 singularibus
3911 4026 4018 4091 do·

2452 4125 2552 4188 nis
2571 4167 2593 4197 ‚
2637 4121 2867 4203 quibus
2896 4118 3268 4201 glorificavit
3295 4138 3439 4182 eum
3470 4124 3635 4181 Deus
3661 4120 3723 4181 in
3754 4141 4015 4204 conspe·

2452 4231 2558 4288 ctu
2599 4219 2959 4290 bominum3
3006 4225 3076 4280 ut
3119 4215 3413 4277 nimirum
3458 4224 3698 4279 secreta
3729 4219 4012 4285 cordium

2456 4318 2919 4398 introspiceret,
2937 4314 3218 4378 absentia
3241 4320 3557 4392 tamquam
3584 4313 3803 4379 videns
3824 4335 4015 4380 enum-

2451 4417 2677 4484 ciaret‚
2706 4408 3350 4492 futura-praediceret,
3380 4416 3639 4470 naturae
3671 4416 3860 4491 atque
3888 4413 4014 4477 ele-

2457 4512 2684 4575 mentis
2712 4505 3087 4572 mirabiliter
3109 4506 3470 4586 imperaret.
3502 4505 3649 4578 Quis
3679 4515 3885 4570 autem
3918 4531 4019 4572 va..

2454 4612 2578 4676 leat
2623 4626 2916 4672 enarrare
2967 4606 3186 4666 beatas
3230 4600 3376 4665 illas
3417 4604 4016 4672 communicationes

2453 4729 2528 4773 ac
2571 4702 2929 4788 spirituales
2981 4699 3283 4770 delicias,
3334 4699 3565 4780 quibus
3613 4703 4015 4784 omnipotens

2454 4816 2619 4871 Deus
2657 4800 2914 4865 fidelem
2960 4804 3215 4861 Servum
3261 4817 3444 4859 suum
3486 4796 3811 4861 cumulare
3854 4799 4017 4864 sole·

2459 4904 2611 4968 bat?
2643 4900 2804 4965 Satis
2835 4897 2985 4959 baec
3015 4893 3351 4956 manifeste
3380 4894 3761 4974 apparebant
3792 4915 3867 4956 ex
3896 4895 4019 4959 fro-

2460 4999 2797 5084 quentibus
2842 4979 3364 5084 adspirationibus
3396 4989 3873 5071 'affectibusque
3924 5013 4019 5056 ar-

2464 5090 2889 5165 dentissimis,
2932 5088 3201 5171 quibus,
3248 5088 3311 5149 in
3354 5085 3582 5150 mediis
3623 5086 3814 5153 etiarn
3846 5088 4021 5151 mini-

2627 5296 2673 5350 Β
2713 5289 3038 5350 Hr‘seflbors
3062 5286 3133 5344 s’n,
3150 5282 3472 5341 Proximos.

900 5391 945 5443 C
993 5385 1260 5444 Orationi
1295 5403 1363 5441 ac
1387 5386 1698 5472 divinorum
1726 5391 2194 5461 contemplationi
2214 5387 2449 5445 aeduus.
