4442 6300
1507 465 1851 533 Qun-tous
1901 462 2369 549 saron-osum
2415 466 2576 517 arc.

3399 467 3503 519 333

449 612 670 681 Palatii
697 607 1038 693 Apostolici
1067 606 1477 703 Anditorlbus
1495 654 1518 684 ,
1546 609 2006 692 praedictorum
2059 602 2072 715 Ι
2118 607 2388 688 Spiritus
2418 609 2637 672 uncti.
2673 608 2982 674 Omnibus
3010 626 3268 701 quoque
3297 610 3687 677 christifide-

448 710 912 778 consulentium
944 707 1236 791 suffragia
1259 750 1281 778 ,
1311 713 1376 805 'et
1408 706 1662 789 quidem
1686 706 1897 769 omnis
1942 705 2004 767 in
2060 717 2070 813 Ι
2120 702 2315 780 libus,
2335 705 2444 786 qui
2480 705 2744 787 sing'ulis
2772 706 3068 770 annisdie
3089 712 3303 770 xxw.
3334 709 3563 790 Aprilis
3586 728 3688 772 νο·

449 829 639 872 unum
674 826 925 871 sensum
954 825 1068 887 pro
1103 804 1274 867 Beati
1330 803 1808 868 canonizatione
1865 821 2010 865 con·

446 905 754 971 venientia
775 904 1083 983 laetantes
1104 898 1490 975 audivimus;
1525 920 1791 982 quorum
1819 898 2006 963 etiam

449 1000 740 1083 e'xempla
770 1021 804 1085 a
838 997 1103 1081 singulis
1133 997 1486 1080 subscripta
1534 997 1597 1057 in
1661 993 2010 1067 'fabular-iis

445 1103 765 1161 Romanae
789 1094 1112 1160 Ecclesiae
1138 1093 1443 1180 jussimus
1487 1094 1825 1158 asservari.
1886 1098 2011 1161 Nos

2120 822 2186 864 re
2219 802 2611 882 poenitentes
2639 814 2703 868 et
2731 802 3005 868 confessi
3057 802 3415 868 Ecclesiam
3473 808 3691 871 Catbea
3732 812 3779 871 B

2075 961 2080 967 ,
2121 897 2357 962 dralem
2388 902 2790 973 curiensem,
2824 900 2889 963 in
2917 922 3038 984 qua
3091 918 3338 966 sacrum
3390 907 3686 989 Martyris

2121 999 2362 1079 Corpus
2392 1004 2783 1069 asservatur,
2818 998 3046 1063 de'vote
3106 999 3543 1073 visitaverint,
3591 1022 3689 1066 se-

2075 1166 2082 1173 ,
2125 1101 2294 1172 ptem
2323 1114 2514 1159 anuos
2541 1103 2597 1158 et
2637 1094 3343 1179 totidemQuadragenas
3375 1097 3451 1161 de
3482 1099 3686 1181 injun-

447 1204 658 1258 autem
692 1192 1082 1287 infirmitatis
1110 1200 1358 1256 nostrae
1391 1193 1660 1281 conscii,
1703 1199 1771 1255 ut
1830 1191 2010 1273 spiri·
2039 1240 2044 1249 .
2119 1191 2236 1254 ctis
2264 1184 2402 1261 eis,
2434 1194 2543 1259 seu
2576 1191 2729 1255 alias
2782 1191 3017 1256 debitis
3077 1195 3523 1273 poenitentiis,
3582 1218 3685 1275 ea·

447 1299 576 1355 tum
608 1290 854 1356 consilii
886 1291 965 1355 de
991 1289 1196 1355 ‘Caelo
1256 1291 1491 1353 nostris
1549 1297 1744 1379 atque
1801 1288 2011 1354 fidelis
2122 1289 2263 1353 dem
2298 1290 2665 1357 auctoritate
2695 1282 3193 1355 misericorditer
3216 1291 3279 1353 i'n
3309 1293 3565 1358 Botnino
3584 1313 3683 1358 re·

446 1387 660 1472 populi
693 1388 990 1471 precibus
1019 1387 1306 1452 obtinere
1338 1407 1728 1452 mereremur
1750 1432 1772 1461 ,
1816 1383 2004 1468 gene-

446 1487 685 1553 ralibus
714 1484 968 1551 indictis
993 1483 1277 1579 jejuniis,
1306 1483 1588 1567 publicas
1619 1485 1681 1546 in
1714 1483 2001 1567 designa-

449 1584 658 1667 tisper
676 1582 904 1647 Urbem
929 1580 1717 1651 Ecclesiis-obsecrationes
1740 1579 2005 1663 plurium

448 1680 693 1745 dierum
727 1680 929 1761 spatio
953 1723 974 1751 ,
1005 1682 1300 1743 concessa
1331 1679 1522 1742 etiam
1554 1679 1617 1739 iu
1642 1699 1785 1742 enm
1819 1677 2006 1741 tint-m

454 1777 785 1841 orantibus
844 1770 1234 1855 indulgentia
1253 1820 1274 1846 ,
1351 1773 1485 1839 fieri
1557 1778 2005 1860 praecepimus.

449 1868 607 1949 Tum
639 1873 1011 1945 adveniente
1040 1872 1155 1935 bac
1183 1871 1290 1936 die
1339 1872 1780 1954 Apostolorum
1836 1873 2003 1937 Petri

447 1979 515 2036 et
540 1969 717 2035 Pauli
750 1968 1031 2033 natalitio
1071 1967 1274 2032 dicata
1297 2013 1315 2042 ,
1374 1967 1639 2032 solemni
1701 1969 2006 2051 supplica·

446 2065 640 2132 tionis
668 2058 794 2130 ritu
824 2064 904 2128 ad
934 2060 1287 2129 Ecclesiam
1318 2065 1488 2129 beati
1518 2066 1685 2128 Petri
1722 2066 1783 2127 in
1841 2066 2006 2129 Vati-

443 2160 603 2227 cano
631 2162 1045 2245 procedentes
1074 2180 1195 2224 uua
1225 2181 1370 2233 cum
1413 2162 1706 2227 omnibus
1760 2163 2005 2245 praedi·

445 2258 563 2324 ctis
594 2254 746 2323 Veu.
782 2259 1102 2323 Fratribus
1117 2257 1362 2323 Nostris
1392 2259 1753 2340 ceterisque
1784 2260 2004 2324 Roma-

439 2362 558 2420 nae
588 2356 811 2420 Curiae
842 2364 908 2419 et
935 2361 1190 2420 nostrae
1218 2354 1416 2433 Aulae
1447 2355 1792 2439 praetatis,
1856 2356 2008 2422 offi-

442 2452 711 2517 cialibus
739 2460 803 2518 et
834 2452 1268 2518 Familiaribus
1291 2497 1311 2525 ‚
1340 2453 1761 2535 universoque
1817 2455 2003 2523 Clero

444 2549 721 2615 seculari
751 2557 815 2614 et
846 2548 1141 2633 Regulari
1162 2592 1183 2622 ‚
1213 2550 1282 2613 et
1311 2550 1722 2616 devotissimo
1770 2550 2007 2633 Populo

443 2632 720 2709 divinam
754 2666 938 2728 opem
974 2631 1468 2721 advocantibusz
1495 2647 1726 2714 auditis
1774 2649 2002 2711 iterum

445 2742 652 2807 enixis
699 2742 1186 2827 christianorum
1245 2743 1599 2826 Principum
1621 2790 1641 2818 ,
1703 2744 2008 2811 Ecclesia-

443 2857 579 2901 rum
613 2846 675 2904 et
707 2838 1084 2922 populorum
1117 2840 1680 2920 postulationibus,
1710 2864 1866 2924 quas
1891 2848 2008 2906 No·

431 2934 548 2998 bis
576 2937 1066 3018 repraesentavit
1098 2935 1367 3001 dilectus
1391 2936 1584 3001 Filius
1616 2942 1841 3003 Noster
1866 2945 2008 3002 Joa·

446 3031 685 3097 obimus
715 3030 1303 3099 Tituli'Sanctorum
1359 3039 2006 3108 Quattuor-Coronatu-

437 3146 578 3192 rum
606 3126 894 3212 ejusdem
928 3136 988 3194 S.
1046 3138 1116 3196 R.
1149 3137 1221 3195 E.
1281 3133 1617 3219 Presbyter
1659 3131 2006 3197 cardinalis

437 3219 886 3291 Portocarrero
916 3238 1308 3312 nuncupatus
1336 3254 1356 3304 3
1386 3237 1532 3313 post
1563 3251 1768 3294 sacros
1808 3236 2004 3316 Hym-

439 3342 598 3394 nos,
627 3324 899 3388 Litanias
929 3323 1208 3408 aliasque
1268 3327 1506 3407 preces.
1551 3326 1629 3390 de
1659 3346 1835 3390 more
1895 3328 2004 3392 de·

439 3427 756 3491 cantatas,
785 3420 863 3485 ad
896 3419 1146 3485 laudem
1181 3413 1248 3486 et
1301 3421 1880 3508 gloriamfflsssanctae
1943 3433 2009 3492 et

436 3516 1151 3581 individuae'l'rinitotis
1174 3563 1192 3588 ,
1225 3519 1302 3580 ad
1332 3519 1503 3584 Fidei
1536 3519 1881 3585 catholicae
1937 3542 2002 3583 c·

356 3604 367 3615 ’
438 3610 856 3677 xaltationem
881 3657 900 3682 ,
928 3621 993 3676 et
1043 3607 1419 3680 christianae
1450 3616 1799 3699 Religionis
1856 3637 1999 3701 aug-

439 3715 715 3772 mentum
747 3710 1116 3774 auctoritate
1148 3711 1627 3776 Domiui'Nostri
1661 3719 1810 3776 lesu
1835 3714 2005 3776 Chri·

440 3803 564 3879 sti,
599 3797 924 3876 beatorum
958 3795 1397 3889 Apostolorum
1439 3807 1614 3870 Petri
1663 3817 1729 3871 et
1783 3809 2001 3884 Pauli,

440 3920 514 3965 ac
543 3904 794 3972 Nostra,
826 3908 891 3963 et
921 3901 997 3964 de
1030 3903 1518 3982 praemissorum
1544 3903 1826 3972 omnium
1849 3913 2000 3968 ven.

438 4003 724 4062 Fratrum
749 4002 1114 4062 Nostrorum
1135 4000 1399 4064 consilio
1430 4008 1496 4063 et
1523 4021 1808 4072 assensu,
1831 4023 2005 4083 prae-

440 4095 677 4159 dictum
735 4094 1015 4159 Fidelem
1063 4116 1098 4160 a
1123 4107 1128 4112 ⁴
1156 4095 1541 4181 Sigmaringa
1597 4100 2000 4163 Sacerdotem

440 4191 688 4257 Ordinis
711 4198 988 4266 Fratrum
1007 4194 1320 4259 uiuorum
1345 4201 1404 4258 S.
1436 4194 1738 4286 Praneisci
1770 4202 2003 4280 capuc-

435 4279 721 4354 cinorum
745 4333 766 4361 ,
798 4290 877 4352 de
906 4290 1086 4374 cujus
1114 4291 1244 4355 vita
1293 4299 1503 4356 sancte
1558 4293 1837 4356 traducta
1864 4337 1885 4367 ,
1938 4302 2001 4358 et

437 4393 638 4472 morte
669 4406 787 4470 pro
816 4385 1162 4452 catholicae
1190 4389 1362 4453 sidet
1391 4390 1838 4474 propagatione
1865 4412 2000 4473 per·

435 4503 660 4567 pessa,
693 4485 896 4566 deque
927 4484 1250 4550 miraculis
1292 4486 1490 4568 ipsius
1546 4488 2000 4554 intercessione

435 4581 692 4663 patratis
722 4580 1088 4663 plenissime
1118 4586 1446 4647 constabat
1477 4592 1539 4647 et
1568 4591 1833 4655 constat,
1858 4593 2002 4650 San·

439 4686 609 4741 ctum
645 4676 871 4741 Christi
898 4685 1233 4764 Martyrem
1266 4699 1408 4744 esse
1435 4683 2000 4762 pronunciavimus,

436 4783 512 4839 et‘
534 4773 882 4839 sanctorum
911 4781 1256 4860 Martyrum
1289 4777 1581 4863 catalogo
1621 4780 1998 4861 adscriptum

2117 1386 2437 1452 laxantem
3416 1455 3423 1467 ,

2244 1489 2389 1549 Mox
2420 1484 2831 1567 omnipotenti
2896 1491 3022 1549 Deo
3078 1505 3226 1549 cum
3288 1486 3553 1569 Angelis
3604 1494 3691 1554 et'

2120 1582 2357 1649 sanctis
2376 1580 2950 1665 rius‘humillimam
2972 1583 3310 1665 gratiamm
3339 1585 3677 1660 actionem,

2119 1679 2551 1760 ‹lemiss'asque
2578 1694 2802 1760 preces
2830 1699 2945 1763 per
2972 1678 3167 1760 ipsius
3217 1680 3421 1744 Sancti
3458 1680 3677 1745 merita

2077 1774 2454 1839 ›offerentes
2503 1774 2579 1836 ad
2640 1794 2875 1838 sacram
2938 1774 3111 1837 beati
3174 1776 3340 1838 Petri
3395 1778 3677 1856 Apostoli

2116 1870 2588 1936 confessionem
2634 1879 3089 1936 sacrosanctum
3149 1867 3382 1938 Missae
3440 1875 3680 1941 Sacrifi-

2114 1969 2281 2032 cium
2312 1990 2453 2034 cum
2480 1970 3077 2049 commemoratione
3131 1968 3416 2052 ejusdcm
3478 1970 3675 2038 sancti

2117 2064 2343 2129 Fidelis
2374 2064 2663 2151 martyris
2684 2108 2707 2137 ,
2739 2085 2852 2129 nec
2882 2085 3004 2129 non
3040 2075 3397 2131 sanctorum
3451 2071 3679 2134 Camil·

2116 2161 2202 2232 li,
2235 2161 2448 2233 Petri,
2479 2172 2545 2225 et
2574 2161 2809 2242 loseph
2840 2160 3285 2225 confessorum
3314 2206 3335 2238 ,
3388 2174 3677 2231 sanctae·

2116 2277 2239 2340 que
2269 2254 2634 2320 cat-harinae
2666 2256 2943 2338 Virginis
2971 2279 3004 2322 a
3035 2259 3232 2322 Nobis
3259 2261 3499 2340 pariter
3531 2270 3675 2326 San·

2112 2362 2359 2419 ctorum
2391 2349 2555 2416 Albo
2604 2353 2723 2416 rite
2785 2354 3246 2437 adscriptorum
3307 2358 3676 2426 solemniter

2112 2450 2575 2516 celebravimus
2599 2495 2619 2522 ,
2650 2469 2722 2513 ac
2750 2448 3022 2532 denique
3053 2451 3426 2519 humilitatis
3446 2457 3507 2517 in
3528 2452 3675 2521 cou-

2115 2557 2331 2629 spectu
2362 2546 2609 2611 Domini
2641 2545 2958 2611 Fidelibus
2984 2551 3229 2613 cunctis
3256 2551 3342 2613 'ibi
3382 2554 3693 2632 praesen-f

2117 2645 2290 2709 tibus
2323 2642 2665 2727 plenariam
2708 2644 2990 2706 omnium
3020 2656 3423 2727 peecatorum
3466 2650 3678 2714 ludat-

2117 2741 2395 2825 ge'ntiam
2427 2739 2631 2823 largiti
2665 2738 2921 2804 fuimus.
3082 2748 3087 2757 '
3134 2754 3147 2761 “

2244 2835 2644 2901 Gratul‘emur
2666 2833 2863 2919 igitur
2888 2836 3123 2901 invicto
3151 2838 3535 2904 orthodoxae
3568 2850 3677 2906 tte·

2115 2930 2370 3015 li'gionis
2399 2932 2731 3004 Praeconi,
2761 2933 2860 2995 cui
2896 2932 3320 2999 donatum‘est
3355 2957 3469 3016 pro
3511 2937 3679 3001 cbri-

2116 3037 2212 3092 sto
2246 3049 2364 3093 nojt
2400 3027 2602 3090 solum
2634 3036 2705 3090 ut
2736 3028 3025 3092 crederet
3058 3029 3122 3090 in
3150 3040 3316 3102 eum,
3352 3032 3459 3103 sed
3484 3036 3676 3097 etiam

2115 3133 2184 3188 ut
2215 3132 2534 3208 pateretur
2561 3141 2673 3206 pro
2700 3145 2818 3197 eo,
2849 3131 3047 3206 atque·
3068 3126 3157 3193 ita
3189 3147 3302 3209 per
3330 3126 3678 3197 momenta-

2115 3242 2303 3287 neum
2357 3221 2784 3286 tribulationis
2840 3229 3161 3287 certamen
3222 3225 3299 3288 ad
3353 3221 3676 3294 aeternum

2087 3319 2529 3385 ·Beatitudinis
2555 3319 2939 3398 triumphum
2976 3322 3332 3400 perveniret
3362 3324 3423 3385 in
3448 3326 3675 3399 Caelis,

2114 3417 2224 3480 ubi
2256 3437 2398 3479 eum
2431 3435 2544 3498 pro
2575 3414 2919 3479 catholicae
2946 3410 3112 3480 Fidei
3146 3418 3515 3486 dilatatione
3541 3467 3561 3493 ‚
3615 3431 3679 3487 et

2117 3533 2230 3597 pro
2260 3520 2610 3595 temporum
2637 3522 2991 3576 nostrorum
3015 3514 3489 3597 tranquillitate,
3513 3522 3679 3603 apud

2119 3618 2453 3674 Auctorem
2480 3609 2650 3690 pacis
2681 3620 2970 3680 nostrae,
3005 3618 3072 3674 et
3108 3627 3672 3684 consummatorem

2116 3707 2291 3772 Fidei
2324 3725 2476 3771 suae
2506 3706 2978 3788 deprecatorem
3014 3706 3150 3773 fore
3179 3709 3569 3779 confidimus.
3672 3777 3677 3786 ,

2238 3809 2319 3870 m
2347 3812 2558 3868 autem
2590 3803 2932 3894 praemissa
2964 3806 3169 3869 omnia
3201 3820 3541 3890 perpetuae
3581 3811 3678 3880 fu..

2115 3913 2399 3968 turorum
2431 3905 2801 3982 temporum
2834 3902 3175 3966 memoriae
3208 3893 3698 3973 'commendem‘

2114 4008 2219 4063 tur
2241 4045 2259 4066 ,
2294 4004 2421 4062 Nos
2478 4019 2551 4062 ea
2585 4000 3004 4080 praesentium
3034 4000 3378 4065 Literarum
3416 4000 3679 4086 Aposto-

2114 4097 2370 4161 licarum
2403 4103 2618 4159 tenore
2681 4094 2740 4155 in
2801 4095 3081 4159 omnium
3139 4115 3252 4175 per
3313 4093 3671 4166 universum
3729 4130 3774 4191 ρ

2116 4194 2347 4260 Orbem
2380 4191 2664 4256 notitiam
2711 4190 2936 4255 deduci
2997 4190 3325 4268 volumus3
3383 4199 3674 4263 mandan-

2114 4284 2256 4362 tes‘,
2286 4297 2355 4355 ut
2381 4289 2751 4353 earumdem
2783 4285 3200 4370 praesentium
3234 4298 3675 4377 transumptis,

2112 4388 2242 4455 sive
2269 4386 2580 4469 exemplis
2611 4385 2937 4467 impressis
2958 4428 2979 4458 ,
3016 4406 3199 4451 mauu
3260 4387 3525 4476 alicujus
3556 4399 3676 4460 No-

2113 4486 2254 4550 tarii
2284 4482 2518 4567 publici
2550 4481 2919 4561 subscriptis
2940 4525 2961 4554 ‚
2992 4490 3056 4545 et
3089 4482 3300 4566 sigillo
3361 4507 3668 4568 personae

2113 4584 2175 4645 in
2201 4579 2639 4646 Ecclesiastica
2670 4579 2972 4663 dignitate
2993 4582 3368 4661 constitutae
3398 4589 3675 4663 minuitis,

2109 4679 2333 4742 eadem
2364 4678 2445 4739 ab
2474 4675 2768 4740 omnibus
2806 4675 2969 4740 fides
3019 4675 3360 4753 habeatur,
3423 4668 3582 4762 quae
3620 4681 3677 4749 f.

2095 4775 2244 4857 -psis
2274 4773 2713 4858 praesentibus
2736 4773 3165 4849 adhiberetur,
3187 4777 3239 4840 si
3264 4776 3475 4841 forent
3504 4782 3677 4845 exbi-

436 4874 517 4935 ab
548 4871 839 4937 universa
891 4871 1193 4938 catholica
1251 4875 1535 4940 Ecclesia
1594 4877 1883 4941 honorari
1937 4888 2001 4942 et
2113 4873 2291 4937 bitae
2326 4871 2425 4936 vel
2457 4880 2768 4936 ostensae.

436 4969 560 5034 coli
594 4965 990 5033 decrevimus
1015 5013 1035 5042 ‚
1064 4968 1462 5037 delinivimus
1483 5017 1503 5045 ,
1534 4980 1599 5036 et
1646 4975 1997 5058 respective

2237 4969 2409 5034 Nulli
2439 4965 2872 5052 ergobmni‘no
2902 4968 3239 5035 bominum
3270 4970 3458 5050 liceat
3508 4969 3675 5062 pagi.

439 5065 912 5138 mandavimus;
945 5072 1010 5128 ln
1041 5065 1304 5131 Nomine
1338 5068 1571 5145 Patris,
1601 5080 1660 5135 et
1719 5069 1902 5145 Filii,
1934 5063 1999 5136 et
2121 5087 2263 5134 uam
2286 5066 2452 5132 bunc
2478 5067 2729 5131 nocuae
2758 5065 3176 5142 definitionis,
3226 5068 3470 5134 decreti
3494 5116 3515 5145 ,
3571 5077 3676 5140 ad*

542 5263 595 5320 Δ
636 5262 909 5317 Solemnis
942 5255 1331 5317 Canonizatio.
1481 5268 1528 5318 B
1568 5267 1972 5346 Indulgentiae.

548 5355 592 5404 C
636 5347 1021 5410 Praesentium
1052 5354 1414 5423 transumptis
1442 5356 1752 5411 auctoritas
1776 5355 2062 5410 tribuitur.

622 5466 839 5506 annau.
874 5467 996 5507 xiv.
1036 5467 1181 5506 rou.
1225 5458 1344 5509 vll.

2217 5351 2268 5404 D
2310 5350 2554 5405 Sanctio.

3273 5453 3346 5507 u

3723 5022 3773 5077 D
