4442 6300
911 471 1022 531 330

715 626 1031 681 consuetum
1053 615 1458 687 Presbyterinai
1484 614 1664 688 Papae
1703 613 1944 673 offerunt
1992 632 2099 687 pro
2123 616 2298 683 Missa

719 710 857 769 bene
882 715 1117 774 cantata,
1139 724 1270 777 pag.
1299 706 1427 760 323.

835 795 1103 852 canonici
1137 795 1560 875 collegiatarum
1614 792 1714 846 sub
1747 794 1922 849 Cruce
1957 793 2107 848 Cleri
2135 794 2301 849 Secu-

717 886 844 941 laris
872 882 1173 938 incedunt
1156 899 1215 935 ιιι
1221 880 1781 956 supplicationibus,
1804 896 1934 952 pag.
1964 882 2089 937 30-1,
2177 910 2188 925 -

824 972 1093 1029 canonici
1121 948 1457 1041 collegiatae
1485 971 1725 1040 Insignis
1754 971 1813 1024 S.
1838 971 2086 1025 Mariae'
2070 988 2128 1023 ιιι
2162 972 2301 1025 cos-

721 1063 906 1118 medin
923 1101 940 1129 ,
967 1063 1128 1132 vulgo
1157 1062 1350 1115 Boc-ca
1376 1058 1530 1113 della
1566 1059 1758 1114 Ver-itti
1785 1058 2089 1113 Bocchetto
2146 1069 2323 1123 utum„

721 1161 840 1219 tur,
894 1160 946 1208 et
969 1151 1349 1220 Papilionem,
1375 1165 1691 1218 aereamque
1732 1148 2123 1216 campanulam
2152 1166 2304 1219 prae·

725 1240 905 1299 ferunt
930 1256 996 1293 ex
1020 1236 1306 1290 Benedicti
1333 1235 1498 1291 xm.
1527 1235 1772 1301 indulto,
1794 1252 1923 1305 pag.
1953 1236 2081 1289 303.

832 1324 1364 1383 Cononizandorum
1386 1325 1621 1388 Vexilla,
1647 1341 1759 1394 quo
1786 1325 1898 1377 ritu
1922 1332 1978 1378 et
2001 1324 2127 1377 loco
2156 1340 2304 1377 com·

719 1424 932 1489 portata
957 1415 1012 1467 in
1041 1412 1484 1484 supplicatione,
1513 1412 1642 1466 303.
1670 1412 1797 1464 300.

836 1502 1209 1559 canonizatio
1239 1502 1560 1556 Sanctorum
1587 1520 1616 1553 a
1641 1502 1766 1554 solo
1793 1499 2087 1556 Militantis
2113 1501 2307 1556 Eccle-

720 1594 831 1649 siae
857 1593 1031 1662 capite
1059 1590 1291 1661 pendet,
1312 1608 1444 1661 pag.
1476 1592 1527 1642 1.

826 1679 1151 1733 Absolvitur
1177 1696 1300 1733 cum
1328 1677 1560 1733 solemni
1589 1676 2004 1743 Benedictione,
2022 1695 2153 1748 pag.
2178 1677 2303 1735 su.

828 1768 957 1825 Non
987 1769 1154 1821 semel
1182 1776 1395 1837 peracta
1417 1767 1535 1820 sine
1553 1767 1757 1820 Missae
1777 1767 2142 1834 solemnitate,
2164 1766 2300 1818 ibid.

718 1865 808 1910 aut
831 1856 1024 1917 eodem
1056 1856 1221 1909 Sacro
1251 1855 1308 1908 in
1339 1863 1652 1925 sequentem
1682 1854 1832 1908 diem
1879 1856 2173 1919 translato,
2202 1871 2303 1910 nec

719 1963 935 2015 semper
961 1952 1186 2015 operato
1217 1961 1316 2015 per
1344 1945 1634 1998 Summum
1660 1943 1983 1998 Pontificem
2003 1981 2021 2011 ,
2050 1945 2133 1999 vel
2177 1944 2303 2016 ipso

723 2041 1004 2104 praesente
1023 2070 1039 2097 ,
1069 2029 1205 2085 ibid.

828 2120 1317 2175 canonizationem
1368 2126 1678 2172 sanctorum
1705 2118 1985 2173 vincentii
2034 2139 2064 2193 a
2087 2121 2264 2174 Panlo
2283 2158 2299 2187 ,

719 2208 957 2263 Joannis
982 2207 1260 2262 Francisci
1289 2207 1490 2278 Regis,
1522 2208 1777 2263 Julianae
1828 2206 1897 2261 de
1933 2208 2304 2275 Falconeriis,

725 2305 780 2351 et
807 2295 1126 2350 catharinae
1150 2296 1366 2350 Fliscae
1391 2296 1681 2362 Adur-nae,
1710 2314 1822 2366 qno
1874 2295 1981 2349 ritu
2037 2298 2306 2367 peregerit

725 2386 980 2439 clemens
1005 2383 1140 2437 ΧΠ.
1165 2383 1426 2438 Pontifex
1452 2383 1804 2454 octogenario
1835 2385 2037 2455 major,
2068 2385 2202 2438 ibid.

826 2474 911 2527 De
938 2473 1374 2525 canonizatione
1403 2472 1724 2526 Sanctorum
1753 2474 1911 2543 plura
1935 2472 2115 2527 edidit
2153 2475 2303 2528 volu·

721 2559 868 2613 mina
895 2559 997 2612 88.
1025 2560 1095 2611 D.
1125 2559 1195 2612 N.
1219 2575 1347 2629 pag.
1374 2558 1429 2611 3.

827 2645 1274 2702 canonizationis
1303 2644 1567 2700 solemnia
1594 2663 1710 2700 non
1737 2647 1868 2702 licet
1892 2647 2128 2717 amplius
2166 2651 2303 2703 cele-

715 2735 875 2790 brare
900 2744 1047 2789 extra
1074 2735 1385 2787 vaticanam
1412 2735 1722 2789 Basilicam.
1750 2734 1896 2790 Vide
1947 2737 2301 2792 Constitutio.

831 2823 1283 2878 canonizationis
1332 2821 1612 2879 habendae
1664 2823 1812 2879 diem
1858 2824 2091 2880 declarat
2117 2829 2263 2898 Papa
2285 2866 2302 2894 ,

718 2931 849 2985 pag.
881 2914 965 2966 13.

831 2998 1284 3054 canonizationis
1323 3000 1694 3054 Postulatores
1746 3010 2196 3071 commonentur,
2235 3021 2303 3058 ne

723 3097 946 3160 parcant
969 3090 1240 3160 sumptui,
1267 3096 1321 3143 et
1348 3088 1570 3141 additur
1595 3088 1772 3158 ratio,
1803 3088 1942 3142 ibid.

829 3178 1279 3233 canonizationis
1311 3177 1588 3232 Sententia
1642 3177 2038 3247 pronunciatur
2088 3197 2116 3232 a
2153 3179 2302 3248 Papa

722 3264 971 3332 sedente,
997 3283 1063 3320 ex
1088 3264 1375 3332 cathedra,
1403 3265 1669 3318 stantibus
1697 3265 1958 3319 omnibus
1975 3304 1992 3332 ,
2013 3284 2143 3337 pag.
2172 3267 2304 3323 312.

829 3352 1277 3407 canonizationis
1307 3361 1594 3424 sequutae,
1619 3352 1927 3407 Decretales
1953 3354 2141 3408 literae
2169 3371 2300 3423 pro·

716 3442 1006 3496 mittuntur
1042 3460 1069 3494 a
1093 3442 1272 3512 Papa,
1303 3442 1469 3495 unico
1496 3439 1711 3495 Verbot
1739 3442 2143 3499 Dec-emimus:
2170 3460 2300 3514 pro·

725 3531 865 3595 lato,
887 3547 1016 3599 pag.
1046 3528 1172 3581 313,

828 3612 1277 3670 Canonizationis
1298 3616 1645 3670 Procurator.
1656 3613 1802 3671 Vide
1820 3616 2142 3672 Cat-diaulia
2159 3620 2305 3673 Pon-

723 3715 1030 3761 ‘ocurrer-o,

840 3795 1103 3847 Cantores
1131 3791 1379 3861 Capituli
1404 3791 1688 3857 Vaticani,
1738 3791 1868 3846 dnm
1908 3790 2056 3846 idem
2084 3792 2304 3847 descen·

724 3880 941 3935 dentem
969 3880 1292 3933 Pontificem
1346 3878 1614 3949 suscipit,
1643 3887 1859 3932 cantant
1882 3880 2261 3951 Antiphonam
2286 3901 2299 3933 z

721 3972 808 4024 Tu
834 3988 892 4022 es
916 3971 1144 4022 Petrus:
1176 3965 1390 4020 laudem
1430 3968 1686 4023 Romano
1716 3965 1986 4022 pontifice
2038 3967 2257 4040 dignam
2278 4007 2300 4037 ,

721 4076 852 4131 pag.
881 4058 1008 4111 300.

834 4146 1099 4199 cantores
1128 4143 1419 4213 cappellae
1436 4141 1762 4197 Pontifleiae
1788 4141 2062 4214 reliquum
2089 4142 2300 4212 hymniae

717 4234 840 4289 'Ave
862 4232 1044 4286 Moris
1089 4232 1284 4285 stello:
1314 4248 1478 4302 quem
1507 4231 1651 4300 Papa
1678 4231 2075 4299 praecinuerat,
2109 4230 2302 4285 modu·

714 4324 893 4376 lantur
916 4320 972 4373 in
1001 4318 1410 4389 supplicatione
1436 4337 1464 4371 a
1493 4318 1703 4372 Sacello
1733 4317 1866 4370 sixti
1893 4318 1993 4374 lv.
2011 4316 2080 4371 ad
2092 4318 2301 4373 Vatica-

716 4427 841 4464 nam
869 4408 1189 4472 Basilicam,
1213 4424 1345 4476 pag.
1370 4405 1502 4459 307.

831 4494 1163 4551 cantoribus
1189 4492 1408 4548 Odeum
1436 4491 1739 4548 destinatur
1761 4493 1819 4546 in
1846 4493 2259 4565 contignatione
2281 4532 2298 4562 ,

722 4603 860 4659 quae
896 4585 955 4638 in
1006 4592 1367 4637 transversum
1395 4598 1664 4651 pronaum
1691 4581 1943 4653 vergebat
1966 4582 2032 4637 ab
2059 4583 2299 4638 Helenae

715 4675 1114 4740 loculamento,
1136 4689 1267 4742 pag.
1290 4667 1420 4724 292.
1450 4668 1577 4723 380.

2004 466 2247 525 mnssx
2286 467 2581 533 RERUM.

2516 614 2717 693 Capita
2743 584 3066 672 sauctorum
3098 611 3497 691 Apostolorum
3522 617 3673 673 Petri
3724 624 3780 672 et
3825 617 3985 671 Pauli

2398 703 2461 777 in
2488 704 2615 756 alto.
2624 715 2869 779 pegmate
2922 707 3091 767 instar
3112 694 3161 758 'l'
3168 707 3307 763 utris
3349 707 3488 761 intra
3510 708 3805 791 Templum
3828 707 3987 760 ‘Late-

2401 807 2633 847 ranense
2654 803 2949 861 servantur,
2970 781 3073 847 sub
3084 793 3334 863 clayibus'
3361 813 3392 848 a
3418 786 3982 869 disemiscustoilitss,

2398 898 2528 951 ναε-
2566 880 2620 935 ⁸·
3564 918 3575 927 ·

2525 970 2877 1051 Capitulum,
2927 980 2982 1026 et
3010 970 3281 1025 canonici
3306 970 3587 1033 Basilicus
3636 969 3805 1027 sancti
3831 970 3985 1027 Petri

2406 1068 2699 1112 occurrunt
2724 1059 2982 1121 Boutifici
3034 1058 3415 1126 descendenti,
3466 1058 3529 1112 iu
3577 1057 3806 1113 Portica
3860 1066 3982 1111 ante

2405 1145 2578 1199 Fores
2606 1147 2855 1199 Vaticani
2883 1147 3135 1223 Templi,
3157 1166 3288 1217 pag.
3315 1147 3444 1203 300.
3914 1166 3973 1203 ··.·

2526 1234 2748 1306 Cuppae
2774 1226 3211 1304 peniculame'nto
3241 1253 3408 1306 usque
3435 1234 3502 1299 εὖ
3531 1243 3725 1289 terram
3753 1232 3988 1299 dimisso

2410 1321 2723 1376 Cardinalis
2750 1324 3033 1378 Paulutius
3059 1324 3266 1378 accedit
3299 1324 3366 1376 ad
3395 1325 3628 1395 Papam,
3656 1331 3712 1375 ut
3738 1322 3988 1391 Titulurn

2405 1417 2459 1465 et
2484 1409 2766 1465 Annulum
2796 1430 2863 1466 ex
2907 1413 3025 1483 ejus
3050 1413 3153 1469 88.
3181 1412 3431 1466 manibus
3459 1412 3715 1483 recipiat,
3735 1427 3867 1482 pag.
3891 1409 3984 1464 20.

2405 1496 2551 1551 Vide
2577 1499 2841 1555 Habitus.

2520 1588 2789 1657 cappella
2808 1570 3023 1657 papalis
3042 1589 3101 1645 in
3121 1589 3410 1660 gratiarum
3425 1589 3715 1645 Actionem
3738 1605 3840 1659 pro
3861 1589 3987 1642 me-

2407 1671 2588 1726 ctione
2608 1675 2773 1745 Begis
2788 1678 3165 1730 Romanorum
3189 1678 3538 1746 imperatoris
3554 1676 3987 1746 futuri,pag.1§.

2520 1764 2790 1833 cappella
2816 1764 2875 1816 in
2903 1765 3040 1818 sixti
3069 1766 3171 1819 lV.
3191 1764 3401 1819 Sacello
3428 1762 3533 1835 'pro
3562 1764 3758 1835 primis
3785 1765 3993 1836 Vespe-

2410 1848 2487 1903 ris
2516 1851 2840 1906 Sanctorum
2865 1854 3300 1922 Apostolorum,
3322 1870 3453 1925 pag.
3479 1856 3607 1907 301.

2524 1941 2824 2011 Cappellae
2849 1942 2990 1995 infra
3020 1943 3686 2012 octavamApostolorum
3708 1939 3990 2007 habendae

2407 2042 2532 2079 cum
2554 2029 2726 2083 Missa
2753 2029 3059 2084 pontificali
3088 2020 3424 2084 adsuntifius
3451 2049 3551 2102 per
3576 2029 3694 2083 dies
3743 2030 3989 2099 singulos

2407 2113 2638 2185 singulis
2690 2118 2972 2172 Romanae
3002 2118 3200 2175 curiae
3232 2119 3611 2173 Praelatorum
3638 2108 3948 2175 Ordinibus
3973 2153 3990 2183 ,

2400 2218 2532 2271 pag.
2561 2201 2694 2257 291.

2517 2291 2584 2342 In
2612 2292 2859 2375 Basilica·
2903 2292 3052 2349 beati
3102 2294 3260 2349 Pauli
3285 2294 3545 2368 Apostoli
3570 2294 3685 2351 Via
3699 2292 3945 2353 Ostiensi
3970 2329 3988 2360 ,

2405 2395 2540 2449 pag.
2566 2377 2695 2434 297.
3908 2424 3915 2429 -

2514 2468 2582 2519 ln
2614 2469 2857 2523 Ecclesia
2885 2479 3097 2526 sanctae
3122 2472 3522 2538 Pudentianae,
3552 2472 3690 2527 ibid.

2515 2557 2580 2608 In
2611 2558 2854 2612 Ecclesia
2882 2559 2941 2613 S.
2966 2561 3169 2616 Mariae
3195 2561 3251 2614 in
3278 2560 3564 2627 Via-Lata,
3593 2560 3731 2614 ibid.

2515 2644 2582 2696 ln
2612 2646 2856 2699 Ecclesia
2883 2648 2938 2700 8.
2963 2648 3113 2703 Petri
3151 2649 3220 2711 ad
3245 2650 3512 2718 Vincula,
3540 2668 3635 2704 seu
3662 2649 3851 2703 'l'itulo
3879 2649 3997 2715 'aut

2407 2730 2600 2787 dosiae
2618 2770 2634 2799 ,
2657 2752 2787 2803 pag.
2812 2734 2944 2789 208.

2516 2821 2583 2872 ln
2609 2823 2855 2879 Ecclesia
2880 2824 2938 2878 8.
2964 2824 3112 2901 Ρειή
3142 2824 3202 2878 in
3231 2826 3492 2893 carcere,
3520 2824 3659 2880 ibid.

2515 2910 2584 2960 ln
2611 2910 2857 2965 Ecclesia
2885 2912 2939 2965 8.
2967 2913 3115 2967 Petri
3144 2915 3201 2966 in
3229 2917 3421 2970 Monte
3447 2916 3657 2982 Aureo,
3684 2912 3822 2968 ibid.
3848 2922 3903 2973 et
3928 2912 3983 2971 in

2405 2996 2639 3050 Basilica
2662 2999 3009 3053 Lateranensi
3029 3039 3044 3067 ,
3077 3000 3210 3054 ibid.

2522 3086 2844 3143 Cardinalis
2867 3089 3175 3145 Alexander
3198 3088 3446 3145 Albanus
3473 3091 3677 3150 causae
3722 3090 3865 3146 beati
3892 3090 3985 3154 Fi·

2407 3171 2544 3227 delis
2571 3177 2799 3232 Relator
2846 3178 2907 3229 in
2940 3179 3379 3250 congregatione
3408 3180 3643 3252 generali
3697 3180 3988 3236 sacrorum

2405 3262 2636 3316 Rituum
2663 3283 2847 3320 coram
2871 3267 3051 3336 Papa,
3078 3267 3326 3323 'situlum
3360 3270 3599 3336 causae,
3625 3267 3830 3323 omissa
3853 3268 3989 3328 rela-

2407 3349 2557 3404 tione
2584 3353 2838 3422 perlegit,
2862 3370 2995 3423 pag.
3020 3353 3077 3408 2.

2522 3438 2842 3493 cardinalis
2871 3443 3275 3497 Poreocarrero
3300 3441 3613 3515 designatur
3636 3462 3667 3496 a
3682 3444 3832 3514 Papa
3846 3441 3986 3504 Pro·

2405 3534 2621 3580 curator
2673 3528 2739 3580 ad
2794 3529 3177 3598 postulandam
3207 3531 3695 3587 canonizationem
3740 3530 3985 3603 quinqua

2406 3613 2759 3682 Sanctorum,
2786 3624 2840 3669 et
2865 3616 3144 3670 Nuncium
3195 3616 3247 3672 ei
3276 3618 3512 3674 mittitur
3558 3636 3663 3690 per
3695 3621 3986 3680 Caercmo·

2404 3701 2616 3754 uiarum
2649 3703 2985 3757 Praefectum
3005 3742 3022 3770 ,
3042 3722 3175 3776 pag.
3201 3705 3329 3758 201.

2402 3877 2543 3930 cello
2569 3878 2783 3931 sixtino
2831 3879 2995 3932 tradit
3017 3881 3196 3951 Papae
3235 3880 3374 3935 duos
3401 3897 3629 3953 magnos
3659 3881 3864 3936 Cereos
3877 3917 3900 3949 ,
3925 3888 3982 3944 et

2403 3963 2570 4017 alium
2600 3966 2870 4020 minorem
2900 3965 3136 4023 Arabico
3160 3969 3371 4040 pictos,
3390 3986 3525 4040 pag.
3553 3969 3679 4022 307.

2511 4053 2579 4103 In
2605 4052 2839 4106 Basilica
2864 4054 3121 4107 Vaticana
3146 4064 3291 4110 stans
3318 4064 3439 4110 ante
3468 4056 3606 4110 Solii
3634 4054 3832 4127 gradus
3876 4061 3981 4110 tca-

2402 4137 2481 4190 tio
2500 4139 2664 4193 instat
2682 4158 2784 4211 pro
2806 4142 3250 4198 canonizatione:
3272 4142 3558 4199 Advocato
3584 4143 3977 4206 Consistoriali

2402 4226 2467 4278 ad
2519 4229 2635 4297 ejus
2690 4228 2965 4282 sinistram
3015 4230 3298 4301 genuflexo
3320 4268 3337 4298 ,
3376 4249 3480 4304 pro
3530 4249 3600 4287 eo
3629 4232 3980 4292 Sanctitatcm

2402 4314 2564 4368 Suam
2592 4324 2842 4385 rogante,
2865 4333 2996 4387 pag.
3024 4314 3149 4370 300.
3178 4317 3307 4372 310.
3335 4317 3461 4371 311.

2508 4403 2644 4455 Post
2666 4421 2991 4473 responsum
3019 4405 3083 4458 ad
3114 4405 3352 4477 singulas
3373 4406 3505 4460 duas
3534 4404 3739 4478 primas
3763 4406 3977 4468 Instant

2398 4487 2497 4541 tias
2524 4488 2825 4560 regreditur
2849 4490 2917 4543 ad
2946 4493 3128 4545 locum
3159 4510 3316 4546 suum
3344 4492 3636 4564 pristinum
3667 4492 3812 4547 inter
3834 4493 3974 4548 alios

2400 4577 2747 4647 cardinales,
2767 4597 2898 4650 pag.
2926 4580 3052 4634 310.
3078 4580 3207 4633 311.

2511 4665 2666 4719 Sistit
2691 4676 2819 4738 post
2847 4668 3033 4722 tertiae
3059 4667 3357 4725 Instantiae
3406 4685 3731 4741 responsum
3748 4707 3765 4737 ,
3802 4667 3861 4724 e!
3883 4667 3978 4726 de·

828 4763 1092 4816 cantores
1122 4759 1235 4813 duo
1285 4757 1540 4812 habentes
1567 4765 1688 4813 ante
1718 4776 1776 4814 se
1819 4756 2020 4812 librum
2051 4759 2295 4831 positum
2398 4754 2557 4808 eretis
2585 4774 2613 4808 a
2638 4755 2786 4826 Papa
2834 4755 3009 4809 literis
3035 4755 3378 4827 Apostolicis
3404 4774 3567 4828 super
3593 4757 3976 4816 canonizatio·

714 4865 880 4920 saper
903 4849 1141 4919 ligneum
1171 4845 1486 4911 scabellum,
1513 4844 1778 4917 genuflexi
1807 4846 1868 4900 in
1895 4845 2115 4901 'theatri
2139 4865 2296 4902 cavea
2394 4859 2491 4908 ne,
2523 4842 2766 4897 ascendit
2792 4843 3030 4909 Solium,
3060 4846 3335 4901 osculatur
3359 4861 3603 4914 manum,
3627 4855 3683 4901 et
3709 4864 3851 4922 genn
3874 4847 3975 4900 Pa·

714 4935 955 4989 Litanias
985 4936 1305 4988 Sanctorum
1333 4942 1547 4988 cantant
1573 4950 1745 5006 usqne
1780 4934 1849 4989 ad
1881 4935 2133 4989 ultimum
2159 4935 2297 4992 Ver·

721 5024 979 5078 siculum:
1008 5023 1203 5091 Agnus
1228 5020 1365 5089 Dei,
1388 5038 1519 5091 pag.
1548 5022 1678 5076 311.

2396 4947 2530 5002 pae,
2558 4940 2612 4987 et
2636 4931 2702 4985 ad
2727 4933 2910 4988 locum
2940 4949 3094 4985 suum
3124 4934 3440 5002 revertitur,
3459 4952 3591 5005 pag.
3618 4932 3743 4987 313.

2505 5020 2573 5072 In
2599 5038 2917 5094 unaquaque
2942 5018 3241 5075 oblatione
3268 5038 3360 5075 sex
3385 5037 3580 5093 parvos
3606 5022 3810 5078 cereos
3837 5009 3973 5074 Ara-
4068 5087 4073 5090 k

822 5112 1100 5179 nymnos.
1137 5107 1280 5165 Veni
1331 5109 1566 5164 Creator·
1611 5107 1876 5182 spiritus.
1921 5115 1976 5165 et
2005 5111 2086 5164 Te
2107 5110 2295 5166 Deum
2393 5107 2516 5163 hice
2543 5108 2721 5180 pictos
2760 5126 2788 5161 a
2815 5108 3115 5182 Religionis
3141 5109 3396 5163 Patribus
3428 5107 3657 5163 adelstos
3688 5107 3969 5164 sanctitati

713 5196 740 5248 1
756 5194 1051 5268 αυᾶαηιιιες
1093 5195 1376 5252 inchoatos
1427 5215 1457 5252 a
1504 5197 1681 5270 Papa,
1705 5203 2138 5272 prosequuntur,
2160 5216 2293 5274 pag.
2395 5197 2533 5251 Suae
2560 5196 2738 5262 οδω-ις
2759 5183 3064 5251 consistens
3093 5215 3190 5276 per
3213 5196 3275 5252 id
3296 5193 3556 5270 tempus
3538 5213 3595 5251 in
3624 5196 3850 5267 planitie
3870 5197 3971 5250 So·

716 5281 843 5337 811.
869 5295 922 5337 et
943 5283 1069 5338 313.

2392 5286 2458 5343 lii
2486 5284 2859 5358 dextrorsum,
2880 5303 3014 5361 pag.
3041 5282 3169 5341 322.
