4442 6300
1455 579 1802 647 Qquun
1869 578 2337 635 saucroaum
2380 580 2546 632 nc.
3357 577 3430 631 ετ

367 741 488 805 que
519 719 887 787 catholicam
912 721 1073 787 elata
1103 742 1256 787 voce
1281 729 1546 788 testatus
1573 721 1804 793 fuerat,
1833 728 1937 786 Sa·-
1982 733 1994 802 1
2044 720 2099 785 la
2129 722 2298 785 aeris
2322 721 2701 805 intemperie
2730 727 3221 803 perterreretur,
3260 718 3434 784 nulla
3479 737 3614 785 cor·

367 819 674 883 tellitibus
699 819 841 904 igne
863 819 1162 902 fumoque
1193 819 1539 900 supposito,
1567 819 1799 884 frustra
1824 821 1938 882 ob-
2040 820 2215 902 poris
2245 819 2634 900 aegritudine
2664 822 3108 887 retardaretur.
3145 849 3169 873 ο

367 918 741 988 nitentibus,
787 926 856 981 ut
884 937 1039 981 voce
1066 917 1400 982 interclusa
1424 916 1752 1000 balituque
1798 937 1937 999 pro·

367 1014 564 1080 bibito
591 1015 690 1097 vel
721 1014 1046 1088 interiret,
1077 1015 1173 1080 vel
1204 1014 1561 1080 concionari
1592 1014 1933 1089 desineret3

367 1111 602 1176 factum
625 1119 777 1186 est,
815 1120 882 1175 ut
915 1112 1134 1195 Angeli
1169 1113 1229 1173 in
1281 1112 1480 1176 forma
1528 1113 1703 1193 pueri
1748 1113 1937 1178 bene-

367 1207 514 1273 ficio
556 1207 820 1274 vinculis
874 1208 1118 1273 solutus
1161 1229 1240 1272 ex
1284 1228 1447 1273 unco
1497 1209 1935 1290 deponeretur.

369 1306 610 1371 Curatis
640 1305 904 1371 subinde
919 1308 997 1370 ab
1026 1307 1254 1371 eodem
1281 1308 1363 1371 de
1388 1318 1649 1389 repente
1674 1306 1940 1371 vulneri·

371 1403 524 1473 bns,
558 1403 924 1485 viribusque
952 1403 1098 1468 cibo
1125 1402 1576 1487 aliqmutulnm
1609 1403 1938 1486 reparatis,

373 1500 436 1562 in
463 1501 708 1566 ltaliam
733 1500 946 1585 jussus
975 1510 1074 1565 est
1105 1520 1425 1574 remeare,
1453 1501 1625 1567 aliud
1653 1500 1941 1586 martyrii

368 1616 570 1681 genus
596 1617 712 1679 pro
744 1598 911 1661 bono
938 1596 1312 1663 christianae
1342 1599 1744 1681 Reipublicae
1771 1598 1943 1662 subi·

369 1702 573 1757 turus.
626 1693 740 1759 Cui
785 1712 924 1759 cum
969 1695 1062 1757 vir
1114 1696 1545 1761 sanctissimus
1589 1697 1939 1779 paruisset,

372 1791 624 1873 iterque
649 1799 961 1874 repeteret
988 1835 1009 1865 ‚
1039 1800 1344 1858 Graecum
1389 1792 1743 1857 Antistitem
1766 1837 1788 1864 ,
1833 1792 1941 1874 qui

372 1888 654 1969 turpiter
682 1907 718 1950 a
749 1889 1073 1971 Religione
1104 1891 1497 1965 desciverat,
1525 1900 1714 1973 alque
1740 1891 1802 1952 in
1828 1891 1940 1954 im·

370 1985 631 2073 pietatis
655 1986 1001 2067 praemium
1032 1986 1368 2070 gerendam
1392 1987 1743 2069 primariam
1764 2006 1940 2050 acce·

372 2094 548 2168 perat
577 2081 1037 2147 Praefecturam
1058 2128 1079 2156 ‚
1113 2086 1193 2148 ab
1222 2104 1444 2149 errore
1473 2085 1603 2149 suis
1628 2083 1941 2150 concioni·

376 2180 496 2244 bns
526 2186 882 2245 revocatum
916 2199 1127 2244 secum
1150 2180 1349 2247 victor
1376 2182 1658 2247 abduxit.
1697 2212 1724 2236 ·

505 2307 532 2337 ι
574 2284 785 2360 ltaque
815 2277 876 2339 in
903 2277 1144 2343 ltaliam
1174 2298 1504 2353 reversus,
1549 2284 1706 2346 satis
1747 2282 1946 2366 expli-

375 2377 504 2441 cari
544 2395 670 2441 non
712 2384 918 2458 potest
943 2419 964 2448 ,
1007 2396 1191 2458 qnam
1236 2379 1557 2442 assiduum
1586 2379 1943 2464 fortemque

370 2471 534 2555 legis
573 2472 818 2537 divinae
862 2492 1233 2553 praeconem
1276 2496 1420 2540 sese
1460 2479 1835 2557 praeberet,
1875 2486 1944 2543 et

376 2580 646 2654 quantus
674 2572 740 2634 in
770 2592 850 2637 eo
875 2579 1083 2642 esset,
1110 2578 1181 2635 ut
1213 2573 1378 2636 male
1407 2574 1669 2640 affectos
1697 2575 1945 2643 Fideles

378 2670 712 2733 reduceret
753 2669 832 2735 ad
874 2667 1242 2744 sanitatem,
1287 2673 1522 2754 probos
1549 2690 1699 2737 vero
1741 2672 1945 2737 acrius

315 2778 324 2787 ‘
377 2766 454 2831 ad
493 2765 788 2831 virtutem
832 2775 898 2833 et
937 2767 1193 2851 pietatis
1237 2768 1510 2833 studium
1552 2771 1944 2835 accenderet.

379 2865 527 2924 Cum
553 2881 708 2927 vero
735 2863 1122 2946 prospiceret
1165 2865 1416 2929 abunde
1446 2886 1695 2948 semper
1734 2867 1799 2929 iu
1836 2872 1944 2932 Ur·

378 2958 571 3023 bibus
619 2980 833 3026 sacros
887 2970 1220 3044 suppetere
1269 2963 1782 3035 concionatores,
1835 2964 1944 3046 qui

379 3056 730 3137 animorum
787 3057 976 3121 saluti
1033 3059 1449 3143 religionique
1503 3061 1946 3136 consulerent3

383 3163 605 3218 contra
633 3163 844 3218 autem
877 3155 940 3217 in
974 3156 1152 3239 Pagis
1173 3200 1195 3229 ,
1226 3157 1406 3222 Villis
1426 3199 1445 3227 ,
1473 3158 1758 3240 locisque
1786 3179 1951 3224 cam-

378 3251 700 3332 pestribus
720 3293 741 3325 ‚
775 3252 882 3316 ubi
913 3253 1144 3317 messis
1169 3266 1269 3319 est
1296 3254 1515 3328 multa,
1547 3275 1778 3337 paucos
1808 3275 1949 3321 esse

377 3352 738 3431 operarios,
763 3350 873 3431 qui
903 3351 1368 3417 ambulantibus
1395 3353 1457 3413 in
1487 3355 1706 3417 umbra
1736 3354 1952 3420 mortis

376 3449 790 3531 Evangelirae
808 3447 1090 3513 veritatis
1112 3448 1320 3513 lumen
1338 3449 1659 3524 afferren&
1678 3450 1792 3515 bos
1813 3451 1948 3534 ipse

377 3546 501 3609 sibi
545 3544 971 3616 erudiendos,
1017 3543 1479 3615 informandos,
1522 3546 1947 3631 evangelizan-

378 3642 494 3707 dos
513 3642 795 3707 studiose
815 3642 1160 3723 proposuit.
1183 3643 1406 3707 Totius
1424 3643 1619 3726 igitur
1639 3644 1781 3709 anni
1813 3663 1950 3710 cnr·

376 3738 623 3814 riculo,
669 3737 1190 3822 quadragesimali
1231 3739 1599 3820 praesertim
1657 3748 1946 3823 tempore

380 3856 496 3919 per
519 3835 713 3901 vicos
741 3845 809 3902 et
834 3834 1110 3900 Castella
1137 3836 1512 3901 circumiens
1542 3838 1656 3900 vir
1677 3857 1829 3903 vere
1873 3845 1948 3902 A·

382 3932 728 4017 postolicus
754 3939 924 3996 tauta
945 3935 1269 3997 aestuabat
1291 3952 1436 4018 erga
1465 3936 1784 4001 Proximos
1812 3935 1949 4001 cba-

377 4032 560 4099 ritate
581 4074 603 4106 ‚
631 4038 704 4094 ut
731 4038 798 4095 et
826 4031 964 4096 dies
993 4032 1275 4116 integros
1303 4052 1341 4095 a
1371 4032 1529 4097 solis
1560 4044 1699 4099 ortu
1743 4053 1945 4117 usque

378 4130 458 4195 ad
486 4149 776 4195 occasum
813 4128 1187 4202 itineribus,
1228 4130 1761 4214 concionibusque
1804 4151 1947 4198 cen-

380 4236 699 4301 sumeret,
728 4234 794 4291 et
822 4228 1031 4292 sexies
1052 4271 1073 4300 ‚
1105 4228 1377 4310 septies,
1415 4230 1717 4295 undecies
1757 4231 1944 4294 etiam

378 4323 760 4409 aliquando,
811 4331 1002 4406 atque
1043 4324 1388 4390 duodecies
1429 4324 1701 4392 diversis
1743 4326 1945 4402 locis,

383 4423 653 4489 diversis
679 4417 930 4505 populis
950 4465 972 4494 ,
1003 4420 1266 4486 diversis
1295 4425 1679 4505 argumentis
1719 4426 1946 4490 codem

379 4539 635 4603 semper
659 4519 913 4584 fervore
942 4518 1222 4601 spiritus,
1249 4521 1472 4584 eadem
1505 4540 1755 4604 semper
1778 4541 1950 4584 men·

380 4617 460 4684 tis
497 4616 825 4683 alacritate
852 4616 1140 4698 quotidie
1181 4617 1679 4682 concionaretur.
1724 4620 1948 4684 Miran-

379 4714 526 4780 dum
553 4713 744 4798 plaue
768 4758 788 4785 ‚
831 4714 998 4796 qinod
1030 4714 1123 4776 rir
1151 4722 1242 4790 tot
1268 4718 1748 4781 austeritatibus
1789 4737 1950 4799 pene

377 4817 823 4895 consumptus,
854 4830 1033 4875 sacco
1059 4810 1336 4885 indutus,
1366 4811 1596 4880 cilicio,
1631 4813 1949 4894 loricaque

379 4907 584 4973 ferrea
613 4906 1028 4991 praecinctus,
1048 4906 1186 4970 solo
1217 4908 1593 4989 quaudoque
1625 4910 1798 4989 panis
1822 4909 1947 4974 fru-

383 5004 550 5068 stulo
596 5005 679 5067 ab
727 5001 1036 5088 Agricolis
1085 5003 1502 5086 pauperrimis
1554 5006 1948 5071 emendicato

384 5101 499 5165 sub
529 5119 856 5181 vesperam
887 5105 1100 5181 pastus
1121 5141 1141 5170 ‚
1171 5099 1380 5164 imbre
1405 5100 1778 5183 saepissime
1822 5123 1948 5165 ma-

380 5197 585 5270 didus,
604 5196 1160 5261 vehementissimo
1179 5205 1354 5260 aestu
1381 5197 1536 5262 solis
1554 5207 1838 5270 exustus,
1853 5220 1950 5265 ar·

378 5294 548 5360 denti
571 5293 762 5358 etiam
796 5292 960 5357 febri
982 5292 1317 5375 aliquando
1336 5295 1671 5369 cruciatus,
1691 5307 1760 5361 ut
1782 5296 1948 5359 cbri-

381 5402 479 5460 sto
532 5389 931 5457 lucrifaceret
972 5390 1215 5455 animas
1240 5432 1261 5461 ,
1303 5400 1396 5455 tot
1439 5392 1774 5457 itineribus
1825 5412 1948 5457 nou

378 5489 742 5567 lassaretur,
761 5498 857 5558 tet
876 5489 1203 5555 laboribus
1221 5506 1344 5554 nou
1372 5487 1787 5576 frangeretur,
1811 5489 1946 5557 nul-

2176 944 2200 971 ·
2236 922 2457 999 Neque
2500 925 2708 981 tamen
2736 917 2834 993 his
2862 917 3063 983 solum
3092 915 3417 989 confiniis,
3460 914 3614 981 licet

2044 1011 2449 1095 amplissimis
2462 1013 2787 1079 charitatis
2804 1016 2944 1100 ejus
2962 1014 3158 1097 spatia
3175 1012 3482 1079 contineri
3506 1033 3617 1096 po·

2048 1117 2325 1184 tuerunt3
2354 1110 2464 1175 sed
2498 1130 2574 1175 ea
2598 1130 2799 1192 usque
2826 1112 2986 1177 adeo
3012 1112 3267 1177 extendi
3300 1109 3520 1181 voluit,
3544 1119 3617 1176 ut

2044 1229 2187 1273 cum
2211 1216 2301 1272 tot
2330 1206 2581 1272 flumina
2599 1209 2914 1273 emitteret
2946 1227 3145 1291 aquae
3173 1209 3353 1274 vivae
3382 1207 3459 1270 ad
3479 1206 3616 1270 irri-

2048 1304 2252 1392 ganda
2298 1305 2603 1370 Fidelium
2645 1307 2834 1372 corda
2877 1325 2914 1369 e
2945 1313 3283 1388 suggesto,
3316 1324 3439 1369 uon
3466 1302 3617 1369 ideo

2046 1411 2257 1467 tamen
2297 1402 2422 1467 sibi
2468 1404 2995 1486 acquiescendum
3040 1412 3309 1487 putaret.
3352 1384 3414 1466 s}
3454 1422 3615 1485 quos

2048 1498 2214 1562 enim
2244 1507 2571 1581 praeterea
2593 1521 2625 1561 a
2655 1500 3201 1565 veritatistramite
3225 1508 3508 1565 errantes
3527 1500 3617 1561 tn-

2047 1594 2438 1669 tellexisset,
2468 1616 2580 1661 eos
2612 1597 2746 1679 ipse
2781 1598 2842 1659 in
2887 1596 3140 1677 privatis
3166 1597 3355 1660 etiam
3394 1613 3614 1660 eorum

2048 1692 2368 1767 domibus,
2395 1695 2460 1756 in
2492 1694 2759 1778 publicis
2786 1696 2978 1760 etiam
3011 1695 3257 1760 semitis
3282 1692 3617 1760 convenire

2047 1809 2172 1856 non
2201 1791 2555 1862 dubitabat,
2585 1813 2823 1874 eosque
2841 1793 3252 1863 exhortando,
3279 1793 3616 1857 obsecran-

2049 1888 2131 1953 do
2150 1934 2170 1959 ,
2195 1889 2577 1972 increpando
2613 1891 2677 1952 in
2706 1891 2875 1955 omni
2903 1891 3196 1974 patientia
3224 1901 3293 1956 et
3333 1889 3616 1956 doctrina

2052 1986 2394 2051 transferre
2418 1988 2497 2052 de
2523 1989 2807 2053 tenebris
2828 1997 2888 2054 et
2919 1991 3141 2053 umbra
3172 1988 3388 2053 mortis
3415 1988 3478 2050 in
3503 1996 3619 2052 Re·

2051 2101 2243 2165 guum
2288 2082 2562 2148 filiorum
2608 2085 2720 2150 Dei
2763 2087 2913 2151 tetis
2954 2087 3197 2150 viribus
3231 2086 3614 2151 conabatur.

2051 2179 2206 2254 Quin
2237 2179 2429 2245 etiam
2456 2181 2846 2266 intelligens,
2877 2183 3228 2265 quemlibet
3257 2181 3620 2246 adelescen-

2049 2285 2177 2343 tem
2215 2278 2395 2362 juxta
2438 2279 2598 2343 viam
2649 2301 2824 2345 suam
2847 2323 2869 2355 ,
2910 2281 3096 2345 etiam
3125 2300 3264 2345 cum
3292 2278 3618 2352 senuerit,

2044 2376 2126 2439 ab
2151 2395 2226 2441 ea
2259 2397 2381 2440 uon
2413 2396 2835 2450 recessurum,
2855 2380 3195 2463 puerisque
3224 2378 3344 2442 rite
3372 2375 3618 2440 institu-

2050 2472 2135 2538 tis
2162 2493 2502 2556 perennem
2537 2472 2675 2539 fleri
2710 2475 3030 2567 pietatem,
3057 2477 3135 2541 ad
3167 2496 3280 2540 eos
3309 2475 3500 2539 etiam
3527 2471 3628 2561 3⁰<

2052 2569 2391 2635 strue-dos
2417 2569 2968 2654 infor-mandesque
2997 2571 3317 2636 cbaritatis
3357 2589 3508 2635 suae
3532 2568 3622 2632 vi-

2053 2687 2231 2733 scera
2262 2667 2562 2733 dilatavit.
2596 2675 2660 2731 tn
2692 2670 2989 2735 Ecclesiis
3016 2671 3243 2754 igitur,
3275 2670 3338 2730 in
3370 2666 3620 2751 plateis,

2054 2763 2122 2827 in
2167 2764 2365 2839 vicis,
2397 2766 2459 2827 in
2491 2765 2826 2837 domibus,
2874 2767 2939 2830 in
2969 2770 3124 2851 ipsis
3167 2764 3472 2831 montium
3522 2783 3624 2828 ca·

2053 2862 2266 2927 vernis
2284 2883 2448 2945 quos
2465 2864 2743 2928 invenire
2765 2872 2824 2926 et
2854 2884 3229 2949 congregare
3252 2871 3497 2946 poterat
3517 2880 3622 2924 ru-

2055 2958 2248 3023 sticos
2275 2978 2507 3041 pueros
2528 2968 2588 3022 et
2625 2966 2914 3026 pastores
2941 2962 3164 3044 primis
3180 2961 3327 3026 fidei
3346 2958 3623 3026 elemen-

2053 3055 2134 3121 tis
2161 3056 2519 3128 instruere,
2550 3061 2900 3123 necessaria
2942 3059 3282 3145 Religionis
3324 3055 3626 3144 mysteria

2060 3153 2353 3225 edocere,
2377 3153 2751 3219 salutaribus
2781 3157 3035 3220 monitis
3063 3156 3456 3227 confirmare,
3485 3174 3623 3222 san-

2059 3257 2161 3316 cto
2190 3251 2420 3315 timore
2446 3252 2691 3315 Domini
2720 3254 3006 3319 imbuere
3027 3298 3050 3328 ,
3080 3256 3377 3337 patientia
3425 3255 3626 3317 incre-

2059 3347 2245 3412 dibili
2277 3369 2648 3431 summaque
2676 3350 2770 3415 sui
2803 3351 3057 3432 spiritus
3086 3354 3392 3417 suavitate
3413 3394 3435 3426 ,
3462 3369 3619 3434 quo·

2061 3446 2182 3511 ties
2212 3447 2421 3514 licuit,
2451 3447 2708 3511 minime
2739 3450 3179 3532 praetermisit.
3215 3478 3239 3505 ι

2195 3573 2220 3600 ·
2254 3551 2484 3617 Porro,
2533 3565 2672 3611 cum
2704 3546 2891 3611 tantis
2938 3546 3263 3613 laboribus
3289 3566 3405 3630 pro
3446 3546 3624 3610 ride·

2058 3641 2213 3706 lium
2256 3642 2527 3707 utilitate
2570 3645 2877 3723 susceptis
2923 3665 3266 3729 congruum
3310 3642 3524 3716 foret,
3552 3651 3625 3705 ut

2056 3738 2297 3804 fructus
2324 3739 2748 3820 amplissimus
2766 3743 3195 3822 responderet,
3224 3741 3451 3805 mirum
3479 3745 3624 3804 esse

2056 3855 2182 3902 non
2227 3838 2464 3910 debet,
2507 3838 2677 3920 quod
2723 3839 2996 3920 josepho
3041 3839 3102 3902 in
3147 3840 3330 3904 vinea
3382 3835 3624 3902 Domini

2058 3940 2310 3999 strenue
2341 3934 2499 4000 adeo
2526 3934 2855 4000 laborante
2877 3981 2897 4006 ,
2937 3936 3255 4019 plantante
3278 3979 3299 4009 ,
3340 3936 3578 4019 rigante
3601 3976 3621 4005 ,

2058 4036 2222 4095 Deus
2271 4034 2610 4095 maximum
2662 4033 2910 4098 dederit
2948 4036 3434 4099 incrementum.
3481 4038 3627 4097 Cer·

2055 4133 2190 4190 tum
2236 4127 2574 4198 enim'est,
2606 4128 2771 4210 quod
2825 4130 3110 4195 homines
3152 4130 3621 4204 flagitiosissimi

2055 4223 2133 4288 ad
2159 4245 2374 4289 sanam
2406 4224 2651 4308 frugem
2696 4228 2965 4291 revocati
3017 4227 3259 4291 fructus
3307 4227 3627 4311 poeniten·

2053 4320 2178 4386 tiae
2223 4322 2627 4406 dignissimos
2675 4323 3058 4400 ediderunt3
3106 4325 3275 4407 quod
3327 4323 3627 4392 mulieres

2059 4419 2340 4484 libidinis
2366 4440 2565 4485 coeno
2594 4419 2882 4501 sepultae
2912 4442 2947 4485 a
2976 4421 3272 4506 peccandi
3293 4430 3626 4488 consuetu·

2058 4517 2202 4600 dine
2252 4518 2524 4584 feliciter
2569 4529 3002 4593 emensi-unu
3043 4521 3210 4603 quod
3260 4529 3327 4585 et
3353 4519 3629 4601 privatae

2059 4623 2402 4687 Personae,
2431 4626 2500 4680 et
2528 4616 2821 4681 Familiae
2853 4617 3279 4701 quamplures,
3309 4624 3375 4681 et
3400 4616 3626 4701 integri

2059 4732 2221 4795 pene
2259 4712 2472 4796 populi
2520 4736 2664 4779 cum
2694 4714 2856 4780 odiis
2888 4716 3313 4780 acerbissimis
3357 4716 3526 4779 inter
3556 4733 3627 4780 se

2062 4810 2260 4875 multo
2304 4821 2584 4893 tempore
2632 4812 3080 4885 dimicassent,
3133 4814 3212 4879 iis
3239 4812 3537 4880 extinctis
3563 4813 3626 4874 in

2056 4908 2319 4994 gratiam
2366 4907 2491 4974 tide
2539 4911 2773 4993 optima
2826 4909 3228 4984 rediverunt3
3260 4911 3427 4993 quod
3462 4909 3627 4974 blas·

2060 5004 2324 5087 phemiis
2343 5005 2420 5068 ad
2443 5004 2755 5072 infernum
2780 5007 3055 5072 detrusis
3076 5008 3359 5070 omnium
3376 5025 3487 5070 ors
3514 5005 3626 5070 net

2055 5099 2352 5166 laudibus
2395 5113 2758 5168 resonarunt
2784 5130 2804 5177 ς
2835 5103 3003 5185 quod
3050 5102 3312 5185 Templa
3340 5101 3406 5164 in
3434 5100 3626 5183 pluri-

2060 5200 2178 5261 bus
2235 5198 2393 5263 locis
2446 5209 2552 5263 aut
2609 5211 2890 5281 reparata
2910 5241 2931 5271 ,
2986 5207 3093 5263 aut
3147 5218 3320 5262 sacra
3379 5197 3629 5282 suppel-

2057 5294 2255 5359 lectili
2316 5296 2617 5361 decenter
2640 5305 2898 5369 ornata,
2957 5305 3067 5359 aut
3122 5296 3310 5359 etiam
3342 5315 3380 5358 a
3406 5293 3623 5359 fanda·

2058 5392 2285 5458 mentis
2312 5400 2593 5460 extructa
2633 5402 2818 5467 suntz
2859 5393 3025 5476 quod
3056 5391 3233 5456 aleae
3261 5391 3480 5456 vitium
3519 5389 3632 5458 eli·

2057 5488 2402 5569 minatum3
2430 5492 2604 5576 quod
2637 5510 2925 5577 repressa
2956 5488 3328 5555 chorearum
3356 5488 3629 5564 licentia3
