4442 6300
945 538 1019 586 60
1938 542 2135 591 ACTt
2186 538 2843 589 ttANoNtZAwoMS

755 681 985 765 guibus
1046 682 1377 745 decoratus
1438 681 1502 744 in
1543 683 1843 747 Alsatiam
1887 685 2205 765 perrexit,
2251 695 2320 747 nt
2377 696 2384 773 }
2437 703 2503 747 ω
2535 682 2751 745 emisit
2781 688 2936 746 Vota
2970 682 3296 753 solemnia,
3329 696 3396 747 ut
3427 686 3586 748 iuter
3613 686 4012 768 principaliad

753 776 1130 841 Ensisbemii
1163 778 1457 842 Advocati
1495 799 1750 846 munere
1785 781 2171 862 fungeretur.
2207 783 2324 844 Vix
2379 800 2384 893 ⁸
2438 802 2498 842 ra
2535 778 2863 852 beneficia,
2895 802 3055 860 qnae
3093 782 3571 846 Deo-referebat
3600 793 3877 862 accepta,
3905 803 4012 845 vo·

756 883 963 936 tamen
999 874 1059 935 in
1096 876 1228 938 Fori
1259 874 1466 939 lucem
1496 897 1789 958 egressus
1820 878 2046 941 Fidelis
2074 879 2281 942 fuerat
2305 924 2323 951 ,
2378 900 2386 961 ξ
2436 886 2640 940 torum
2673 878 3128 961 Religiosorum
3157 881 3410 961 grauiam
3440 883 3879 945 recensendam
3905 902 4018 963 pu·

750 992 1097 1053 causasque
1129 982 1421 1052 coeperat
1454 977 1729 1058 agitare,
1762 996 1902 1039 cum
1939 978 2324 1040 animadver-
2379 964 2386 997 ⁸
2439 985 2597 1038 taret
2622 1018 2641 1045 ‚
2690 986 2750 1038 ct
2783 976 2864 1039 de
2908 977 3161 1058 agendis
3195 998 3308 1056 pro
3336 998 3410 1041 ea
3442 981 3706 1041 Domino
3750 978 3970 1061 gratiis
3993 1021 4014 1049 ,

748 1075 888 1131 tens
930 1071 1113 1131 inane
1148 1092 1289 1134 esse
1333 1082 1519 1151 atque
1565 1073 1968 1136 vanissimum
2016 1077 2321 1157 quidquid
2435 1092 2618 1153 quam
2652 1074 2732 1135 de
2767 1072 3046 1152 ipsismet
3087 1076 3364 1153 peccatis
3400 1076 3530 1136 suis
3559 1075 3734 1135 illum
3784 1072 4016 1136 sollici-

752 1164 1002 1229 honoris
1021 1169 1325 1248 quidquid
1352 1171 1676 1252 dignitatis
1708 1181 1815 1234 aut
1839 1171 1997 1235 lucri
2031 1192 2065 1235 a
2102 1160 2324 1235 Foren-
2379 1158 2414 1268 Ι·
2441 1171 2588 1231 tudo
2624 1170 2824 1251 major
2867 1182 3137 1253 urgeret.
3171 1174 3342 1235 Hinc*
3376 1193 3583 1236 sermo
3616 1171 3702 1234 illi
3753 1171 4016 1234 familia-

752 1264 802 1326 si
849 1266 1303 1328 exercitatione
1341 1290 1407 1329 sc
1455 1267 1795 1348 aliqnando
1838 1279 2322 1332 consecuturum
2379 1274 2386 1361 ζ
2436 1268 2723 1330 rissimus
2758 1270 3152 1348 postmodum
3189 1290 3439 1351 semper
3465 1270 3579 1331 fuit
3613 1272 3688 1332 dc
3735 1292 4014 1334 comme·

752 1383 1005 1446 sperare
1050 1374 1337 1444 poterat,
1373 1366 1499 1429 imo
1544 1368 1733 1428 etiam
1772 1368 1986 1449 quanti
2032 1367 2165 1430 alea
2213 1370 2323 1432 illa
2379 1364 2386 1449 ᾖ
2438 1368 2731 1427 meranda
2766 1384 2986 1427 eorum
3034 1366 3379 1441 felicitate,
3410 1369 3610 1448 quiin
3660 1369 3846 1430 domo
3897 1375 4011 1430 Do·

754 1462 814 1523 in
838 1462 1086 1525 animae
1108 1474 1257 1525 suae
1277 1464 1796 1542 pernic'emfoi·et
1821 1466 2003 1547 plena
2036 1468 2321 1548 periculi,
2379 1454 2386 1549 ξ
2438 1461 2584 1523 mini
2618 1462 2878 1543 plantati
2916 1472 3054 1526 sunt
3082 1508 3100 1533 ,
3136 1465 3360 1546 suique
3393 1467 3600 1527 cordis
3633 1465 4010 1542 explicando

750 1561 1045 1623 nuncium
1079 1559 1533 1624 illi-remittere
1581 1565 1798 1625 statuit
1823 1609 1841 1634 ,
1878 1586 2071 1645 seque
2122 1573 2324 1627 totum
2380 1560 2386 1631 ἰ
2435 1560 2682 1629 dolore,
2715 1561 2879 1641 quod
2907 1583 2980 1622 ex
3009 1561 3204 1624 seculi
3240 1564 3723 1644 tempestatibus
3749 1563 4015 1625 instutis-

750 1655 941 1719 divini
974 1657 1253 1720 Numinis
1292 1660 1600 1739 obsequio
1634 1663 2019 1740 mancipare.
2074 1671 2188 1725 Per
2230 1684 2322 1724 ar-
2380 1638 2385 1701 ἶ
2437 1657 2664 1719 simum
2705 1657 3047 1741 Religionis
3084 1669 3333 1741 portum
3367 1680 3435 1723 se
3467 1661 3654 1724 citius
3686 1680 3807 1725 uon
3841 1680 4012 1723 rece-

748 1755 1177 1838 duum‘igitur
1236 1757 1481 1818 virtutis
1523 1758 1641 1819 iter
1687 1760 1980 1824 incedere
2026 1762 2323 1840 cupiens,
2380 1740 2386 1757 ⁹
2438 1756 2654 1835 pisset.
2691 1785 2714 1811 ι
2879 1766 2884 1769 ·

748 1876 886 1917 curn
922 1855 1162 1933 aliquot
1194 1864 1273 1917 ex‘
1303 1844 1713 1937 rigidioribus
1745 1860 2041 1921 ordinum
2078 1862 2324 1920 Institu-
2571 1884 2592 1907 ·
2625 1852 2893 1917 Fidelem
2926 1855 3166 1917 interea
3199 1854 3377 1918 novis
3409 1863 3694 1918 votorum
3729 1853 4001 1917 stimulis

748 1955 830 2016 tis
861 1951 1315 2014 consideranda
1348 1955 1464 2015 sibi
1497 1956 1579 2016 ob
1612 1955 1830 2017 oeulos
1865 1957 2323 2037 proposuisset,
2379 1994 2387 2031 ³
2437 1952 2512 2012 ad
2547 1952 2765 2014 altiora
2809 1951 3216 2032 perfectionis
3247 1952 3522 2017 culmina
3570 1956 4009 2034 properantem

751 2048 909 2112 illud
952 2050 1340 2131 potissimum
1388 2050 1780 2135 seligendum
1830 2053 2109 2133 putavit,
2155 2056 2323 2134 qnod
2379 2040 2386 2087 ¹
2436 2048 2738 2132 singulari
2796 2051 3066 2129 quodam
3110 2069 3324 2113 amore
3358 2060 3546 2131 atque
3582 2049 4012 2115 benevolentia

732 2150 1037 2211 ‘Patribus
1079 2149 1436 2227 Capuccinis
1469 2159 1568 2212 est
1610 2151 1972 2232 peculiare,
2019 2152 2318 2232 qnodque
2379 2132 2385 2223 ἶ
2436 2148 2802 2225 Superiores
2849 2149 3103 2211 Ordinis
3148 2148 3751 2229 complectebantur.
3800 2147 4011 2213 Admi-

748 2245 1072 2328 propesito
1103 2245 1224 2307 sibi
1260 2245 1362 2306 flni
1394 2246 1791 2328 assequendi)
1824 2248 2105 2309 omnium
2138 2249 2323 2330 aptis·
2378 2230 2385 2337 J
2435 2246 2736 2307 rabantur
2800 2246 2863 2306 in
2929 2265 3007 2308 eo
3052 2246 3366 2327 siquidem
3407 2247 4009 2328 praestantissimam

748 2345 973 2409 simum
996 2343 1343 2407 videbatur.
1374 2349 1592 2426 Neque
1620 2353 2217 2419 cunctatumcum,
2255 2356 2320 2410 ut
2378 2346 2384 2411 ἐ
2434 2341 2602 2403 Iuris
2651 2343 2978 2423 utriusque
3027 2345 3314 2424 peritiam
3360 2341 3771 2429 cum'insigni
3819 2342 4009 2411 animi

748 2444 810 2503 in
842 2463 979 2505 eam
1019 2440 1398 2525 Religionem
1430 2442 1871 2505 admitteretur
1913 2441 2141 2506 intimis
2186 2463 2323 2523 pre·
2378 2416 2384 2463 Ι
2435 2438 2791 2502 bumilitate
2851 2440 3289 2522 conjunctam,
3349 2440 3695 2524 juvenilem
3742 2450 4011 2506 aetatem

745 2542 927 2619 cibus
960 2540 1428 2623 postulavisset,
1459 2538 1712 2603 facilem
1745 2541 1981 2602 aditum
2014 2540 2177 2621 apud
2208 2562 2319 2605 eos
2376 2487 2385 2585 Ι
2432 2555 2576 2599 cum
2602 2538 2899 2617 peculiari
2922 2548 3162 2601 mortun
3192 2539 3493 2621 gravitate
3521 2549 3712 2622 atque
3745 2532 4015 2622 pruden-

744 2646 965 2702 Patres
995 2636 1322 2701 doctrinae
1344 2636 1418 2700 et'
1437 2636 1684 2699 virtutis
1707 2637 1845 2720 ejus
1878 2637 2131 2700 minime
2157 2638 2320 2721 igna·
2376 2598 2384 2721 Ι
2436 2633 2519 2695 tia
2554 2633 2932 2713 copulatam,
2964 2645 3246 2697 exactam
3280 2636 3653 2718 disciplinae
3689 2636 4014 2721 Regularis

747 2754 851 2800 ros
882 2733 1142 2798 invenit.
1174 2738 1524 2814 Antequam
1556 2755 1712 2798 vero
1750 2744 1869 2797 tam
1903 2733 2151 2799 difficile
2183 2756 2323 2817 per·
2433 2733 2898 2795 observantiam
2946 2735 3034 2796 ab·
3056 2733 3443 2799 humanitate
3469 2779 3488 2807 ,
3520 2736 3773 2805 officio,
3818 2735 4009 2798 comi-

742 2832 1039 2897 fc'ctionis
1070 2833 1194 2894 iter
1222 2830 1683 2914 ingrederetur,
1713 2834 1889 2914 quasi
1922 2835 2322 2897 ascensiones
2434 2836 2558 2893 tate
2593 2831 2854 2893 minime
2894 2836 3299 2914 segregatam.
3333 2834 3486 2894 ltine
3517 2851 3656 2897 rare
3697 2833 3861 2895 in·er
3904 2839 4010 2895 Ca-

741 2933 805 2994 in
835 2930 1027 2996 corde
1057 2931 1661 3011 sinodisposunrus,
1696 2932 1888 2995 sacris
1921 2932 2095 3011 prins
2140 2933 2316 2996 Ordi-
2435 2928 2732 3007 piu-cinos
2763 2928 3055 3008 exemplo
3088 2930 3393 2992 maturius
3424 2951 3609 3011 quam
3638 2928 3775 2993 lieri
3809 2930 4011 3014 soleat

742 3032 924 3094 nibus
969 3029 1168 3093 voluit
1200 3030 1475 3100 initiari,
1508 3050 1707 3110 seque
1754 3030 2020 3093 Domino
2067 3049 2176 3109 per
2218 3035 2322 3093 Sa·
2432 3023 2943 3111 christifidelium
2970 3025 3880 3108 confessionibusexcipiendis
3902 3029 4010 3093 ad·

742 3130 1089 3195 cerdatinm
1135 3149 1523 3193 consecrare.
1572 3127 1681 3191 Die
1741 3127 1937 3209 igitur
1980 3128 2131 3207 ipsa*
2159 3150 2319 3208 quae
2375 3155 2382 3222 ι
2433 3120 2638 3185 dictus
2682 3130 2821 3196 est,
2857 3123 3106 3204 ipsique
3137 3124 3543 3189 commissum
3573 3117 4005 3206 Apostolicum

744 3227 1077 3307 Serapbico
1097 3227 1483 3289 patriarchae
1513 3227 1835 3289 Francisco
1860 3225 2167 3288 solemnis
2198 3237 2318 3299 est,
2375 3227 2382 3267 ¹
2429 3220 2897 3288 concionatoris
2928 3237 3170 3283 munus-
3203 3227 3552 3302 Utrumque
3582 3232 3790 3287 autem
3841 3232 4008 3288 tanta

744 3326 1009 3406 primum
1046 3322 1193 3388 fecit
1221 3330 1487 3386 Sacrum·
1524 3323 2179 3403 incredibili-'spiritus
2221 3327 2320 3388 sni
2374 3273 2382 3382 l
2432 3319 2802 3382 assiduitate
2825 3360 2844 3390 ‚
2867 3317 3194 3401 diligentia
3218 3361 3239 3382 .
3271 3327 3334 3383 et
3366 3320 3703 3402 Religionis
3735 3321 3894 3384 zelo'
3919 3322 4011 3383 Fi·

742 3421 1015 3487 fervore:
1048 3427 1184 3494 Quo
1219 3429 1471 3503 peracto
1504 3428 1780 3483 veterem
1816 3419 2169 3510 expoliatus
2196 3427 2317 3485 Ho·
2374 3390 2382 3488 l
2431 3418 2598 3480 delis
2626 3418 2952 3488 exercuit,
2984 3425 3047 3478 ut
3082 3417 3292 3496 plnres
3328 3417 3596 3483 miseras
3639 3421 3881 3488 animas
3927 3421 4014 3482 vi-

744 3522 981 3583 minem
1025 3540 1167 3584 cum
1215 3519 1462 3582 actibus
1506 3520 1679 3588 suis,
1726 3537 2085 3598 novumque
2130 3520 2317 3581 simul
2375 3495 2383 3578 l
2433 3517 2663 3579 tiorum
2710 3533 2908 3576 coeno
2954 3513 3266 3578 involutas
3295 3536 3328 3577 a
3380 3517 3622 3581 Diaboli
3670 3518 4013 3588 servitute,

742 3641 881 3684 cum
917 3619 1127 3681 babitu
1165 3616 1502 3698 Religionis
1530 3616 1811 3686 indutus,
1842 3617 1946 3696 qui
1979 3618 2318 3679 secundum
2375 3591 2381 3672 !
2430 3614 2492 3674 in
2522 3634 2642 3694 qua
2672 3611 2778 3674 diu
2811 3611 3206 3694 multumque
3234 3612 3563 3695 jacuerant
3593 3615 3860 3679 vinculis
3901 3636 4024 3702 vo·-

744 3724 940 3781 neum
973 3726 1220 3779 creatus
1250 3723 1345 3777 est
1370 3757 1390 3785 ‚
1422 3731 1579 3775 nova
1608 3715 1929 3795 ingressus
1961 3712 2075 3776 fnit
2112 3715 2321 3778 tiroci-
2376 3699 2381 3720 '
2432 3710 2721 3774 luntariis
2751 3710 3110 3781 adstrictae,
3143 3712 3310 3773 omni
3340 3712 3670 3793 prinslabe
3697 3723 4010 3796 purgatas,

746 3815 848 3878 nia
913 3813 1313 3895 evangelicae
1376 3810 1806 3893 perfectionis.
1850 3817 1986 3884 Quo
2035 3821 2320 3893 tempore
2434 3807 2493 3868 in
2519 3806 2798 3868 tiliorum
2830 3808 3314 3871 neitibertatem
3347 3810 3622 3874 feliciter
3650 3812 4008 3875 asseruerit.

741 3935 882 3976 cum
917 3911 1207 3991 deposito
1237 3929 1363 3991 quo
1392 3910 1950 3973 anteavocabatur
1981 3911 2167 3971 Marri
2214 3931 2324 3986 no-
2431 3910 2647 3984 Neque
2691 3906 2859 3967 enim
2923 3915 3030 3968 aut
3074 3906 3344 3971 bumana
3395 3911 3762 3990 prudentiae
3799 3909 4017 3974 'carnis

746 4011 951 4081 mine,
998 4007 1228 4074 Fidelis
1257 4007 1560 4089 appellari
1605 4006 1979 4081 maluisset,
2022 4009 2324 4088 Magister
2432 4001 2808 4073 dictamina,
2855 4011 2958 4063 8111
2990 4009 3315 4083 potentum
3349 4005 3624 4076 invidia,
3670 4020 3777 4070 aut
3822 4027 4008 4084 voces

743 4091 1131 4172 Novitiorum
1161 4097 1339 4188 quasi
1367 4106 1727 4186 prophetico
1762 4104 2111 4168 illustratus
2142 4106 2322 4167 lumi·
2432 4097 2879 4161 malevolorum
2903 4143 2923 4170 ς
2953 4110 3061 4163 aut
3091 4113 3350 4170 conatus
3377 4087 3848 4168 Haereticorum
3880 4106 4016 4168 efli-

744 4227 820 4270 ne
843 4250 863 4278 ,
897 4206 1044 4286 quid
1080 4204 1162 4267 de
1194 4202 1391 4265 Fideli
1437 4201 1712 4265 futurum
1744 4212 1921 4271 erat,
1966 4203 2268 4265 divinaret
2300 4226 2315 4262 z
2375 4225 2384 4292 g
2433 4217 2576 4259 cere
2609 4206 2935 4277 potuerunt
2968 4242 2988 4270 ,
3021 4219 3098 4263 ne
3136 4205 3538 4265 noscentibus
3578 4203 4010 4268 poenitentiae

745 4309 818 4368 Et
850 4318 915 4367 tu
947 4303 1194 4384 (inquit
1220 4301 1248 4384 )
1278 4315 1401 4364 asto
1442 4306 1663 4362 Fidelis
1692 4321 1877 4378 usquo
1914 4308 1993 4362 ad
2026 4313 2275 4361 aionem
2302 4344 2322 4371 ,
2377 4299 2385 4369 ξ
2433 4300 2903 4366 Sacramentum
2939 4296 3105 4360 domi
3141 4297 3425 4380 forisque
3473 4302 3895 4366 ministrari-t,
3934 4322 4009 4363 ie

745 4415 803 4464 σε
836 4407 1105 4476 accipies
1135 4417 1425 4460 coronam
1458 4403 1640 4459 vitae.
1675 4427 1697 4449 ι
2434 4401 2644 4470 contra
2709 4401 3072 4472 peccatores
3135 4397 3572 4471 inveberetur,
3634 4419 3710 4462 ne
3784 4407 4004 4462 contra

874 4531 896 4553 ·
931 4506 994 4561 ln
1024 4519 1101 4561 eo
1122 4496 1332 4559 stadio
1362 4515 1502 4558 cum
1538 4515 1605 4558 se
1632 4494 1905 4574 positum
1932 4491 2159 4555 Fidelis
2191 4491 2328 4556 cer·'
2435 4491 2800 4551 Haereticos
2829 4488 3244 4564 declamaret,
3279 4515 3359 4558 ne
3388 4496 3542 4558 totis
3574 4494 3806 4578 qu'ibus
3841 4507 4013 4575 pote·

743 4606 970 4669 neret,
1002 4594 1169 4676 qnod
1203 4604 1297 4656 tot
1339 4592 1505 4655 votis
1545 4591 1911 4654 ardentibus
1954 4590 2330 4671 concupive·
2380 4557 2388 4612 ⁸
2438 4593 2528 4644 rat
2561 4586 2803 4648 viribus
2837 4586 3035 4650 malos
3079 4610 3291 4654 mores
3334 4593 3609 4657 evellere
3653 4601 4004 4657 conaretur.

743 4702 875 4767 rat,
944 4693 1169 4754 mirum
1226 4699 1395 4762 est‚-
1443 4697 1739 4770 quantum
1813 4688 1894 4752 ad
1948 4686 2325 4751 currendam
2436 4684 2589 4743 trau:
2621 4683 2767 4772 ejus
2799 4705 2985 4766 opera
3019 4683 3759 4773 laboribusque-‘plurimi
3795 4693 4011 4755 baere-

741 4795 901 4856 viam
937 4789 1314 4855 exultaverit
1347 4787 1508 4850 sicut
1540 4786 1745 4870 Gigas.
1790 4783 2100 4866 Serapbiri
2135 4784 2330 4848 Patris
2438 4799 2582 4841 suos
2616 4780 2826 4844 infecti
2857 4784 2932 4844 ad
2967 4785 3287 4848 Ecclesiae
3317 4787 3521 4850 sinum
3561 4789 3836 4852 reducti:
3870 4789 4009 4869 per‘-

744 4893 1022 4955 imitator
1078 4887 1370 4971 egregius
1431 4894 1528 4947 tot
1584 4885 1778 4947 edere
1840 4884 2056 4947 statim
2117 4883 2331 4964 coepit
2441 4877 2734 4939 ditissimi
2795 4878 3084 4944 homiues
3141 4882 3219 4945 ad
3273 4881 3605 4948 meliorem
3638 4884 3883 4966 frugem
3911 4899 4016 4947 'ree

746 4987 1154 5056 bannilitatis‚
1188 4984 1651 5054 obedientiam.
1695 5003 1765 5046 ac
1826 4979 2332 5043 ferventissimae
2439 4977 2682 5041 vocati:
2730 4977 3113 5042 inveteratae
3168 4983 3553 5063 compositae
3613 4983 4005 5047 simultates:

745 5086 1096 5151 devotionis
1140 5081 1492 5163 exempla,
1557 5090 1623 5142 ut
1667 5087 1728 5143 et
1762 5078 2119 5159 Tyronibus
2176 5086 2242 5141 et
2286 5077 2326 5138 il
2434 5073 2646 5156 jussae
2677 5093 2709 5133 a
2742 5073 3043 5136 Fidelium
3092 5094 3202 5138 ore
3234 5078 3493 5142 exulare
3539 5079 4006 5160 blasphemiae:

743 5183 819 5247 lis
857 5173 1159 5249 emeritae
1193 5177 1561 5244 sanctitatis'
1596 5177 1955 5240 bominibus
2013 5174 2333 5257 praeluce·
2440 5170 2823 5251 compositae
2869 5170 2945 5233 ad
2979 5191 3208 5233 omnen
3253 5175 3620 5241 modestiam
3671 5177 4008 5240 mulierese

751 5289 871 5347 rog·
908 5311 930 5337 ,
2444 5290 2476 5329 a
2522 5269 3015 5330 Christianorum
3065 5270 3358 5336 cordibus
3409 5284 3612 5356 atque
3644 5277 4012 5358 corporibus

884 5409 905 5431 ·
931 5376 1198 5458 Expleta
1228 5376 1439 5457 itaque
1475 5381 1567 5435 tot
1600 5371 1765 5434 inter
1791 5370 2178 5435 incrementa
2204 5369 2331 5430 vir·
2440 5365 2766 5429 eliminata
2810 5364 3037 5438 luxus,
3069 5371 3416 5449 superbiae
3438 5417 3459 5444 ,
3510 5374 3794 5439 luxuriae
3841 5376 4010 5439 vitia.

741 5484 947 5540 tutum
975 5485 1259 5555 tempore
1292 5468 1685 5535 Probationis
1712 5466 2163 5549 tantopietatis
2194 5485 2333 5530 seu·
2384 5421 2394 5556 Ι
2443 5465 2614 5527 Licet
2633 5460 2800 5525 enim
2829 5461 3068 5525 bellum
3092 5463 3490 5546 implacabile
3518 5474 3785 5554 peccatis
3814 5474 4009 5537 omni-
