4442 6300
926 511 998 563 40
1826 511 2030 566 ACTA
2074 510 2733 565 CANONtzATtONts

747 674 872 738 que
887 655 1088 737 pulvis
1118 675 1194 719 ex
1224 654 1465 718 Camilli
1494 652 1787 719 cubiculo
1813 653 2021 720 tuerat
2042 658 2306 720 dissolu·

2415 675 2634 728 uuam,
2670 674 2856 735 quam
2889 661 3060 719 tenet
3090 654 3399 736 docetque
3430 674 3549 717 una
3580 654 3732 719 haee
3763 661 3978 718 δοιοί.

744 760 883 824 tus,
927 750 1303 815 incolumem
1336 761 1594 832 repente
1621 752 1981 834 viribusque
2023 755 2307 836 pristinis
2419 760 2636 816 nostra
2685 752 2962 816 Ecclesia
2992 754 3266 816 omnium
3313 751 3736 816 Ecclesiarum
3781 762 3985 814 mater

741 858 1212 930 assurgentem:
1253 854 1416 920 Aut,
1446 849 1711 913 Camillo
1740 850 1905 913 inter
1933 857 2157 916 Beatos
2203 854 2299 915 ad·

746 946 1015 1026 scripto,
1042 948 1288 1010 Luciam
1320 945 1679 1011 Theresian
1727 949 1892 1012 Petri
1925 951 2005 1012 ah
2032 951 2160 1029 ipsa
2208 970 2309 1013 na·

739 1042 983 1105 tivitate
1025 1043 1371 1115 asthmate,
1416 1045 1890 1128 respirandique
1943 1046 2309 1111 difficultate

739 1139 1105 1221 gravissima
1137 1139 1881 1211 laborantem,crescente
1908 1151 2121 1224 postea
2143 1150 2309 1205 aeta-

741 1244 806 1300 te
846 1235 1258 1318 plurimorum
1288 1240 1655 1301 morborum
1704 1242 2060 1304 accessione
2107 1261 2312 1321 grava-

742 1340 873 1395 tam
898 1376 918 1402 ,
945 1331 1076 1394 imo
1106 1334 1294 1397 etiam
1327 1356 1689 1416 oppressam
1717 1381 1736 1407 ,
1783 1346 2101 1402 contracto
2142 1338 2309 1401 insu-

743 1449 858 1512 per
879 1429 1074 1512 gibbo
1103 1438 1476 1509 expuentem
1500 1434 1859 1515 sanguinem
1896 1456 2012 1498 una
2037 1454 2175 1495 cum
2203 1455 2313 1514 pu-

745 1545 814 1590 re
839 1568 860 1599 ,
894 1529 973 1589 ab
995 1528 1284 1590 omnibus
1312 1530 1570 1593 Medicis
1597 1531 1968 1594 derelictam
2001 1578 2018 1602 ‚
2061 1530 2310 1593 Camilli

745 1643 863 1704 epe
892 1625 996 1686 vix
1032 1624 1364 1705 implorata
1393 1648 1427 1690 a
1458 1629 1697 1691 morbis
1729 1630 2019 1691 omnihus
2058 1628 2308 1707 expedi-

742 1725 868 1780 tam
889 1761 909 1789 ,
942 1719 1339 1800 maximaque
1376 1722 1757 1786 valetudinis
1787 1722 2083 1787 firmitate
2127 1723 2314 1784 dona·

742 1823 910 1878 tam:
971 1822 1090 1878 Aut
1131 1818 1527 1900 Margaritam
1573 1820 1827 1883 Castelli
1885 1820 2306 1902 duodeviginti

740 1933 1046 1979 annorum
1077 1915 1349 1996 puellam
1374 1918 1584 1980 ulcere
1616 1920 1888 1999 pessimo
1912 1940 1944 1981 a
1971 1917 2175 1999 planta
2206 1937 2314 1998 pe-

745 2012 844 2076 dis
873 2032 1072 2092 usque
1104 2014 1180 2076 ad
1211 2015 1514 2078 verticem
1537 2016 1761 2096 capitis
1794 2015 2185 2079 horribiliter
2212 2036 2315 2079 oc·

742 2118 1073 2187 enpatam,
1136 2109 1573 2175 ardentissima
1628 2110 1789 2175 t‘ehr'i
1854 2111 2312 2183 insanientem„

739 2206 1055 2287 proximae
1079 2207 1262 2269 morti
1293 2208 1370 2270 ab
1391 2209 1684 2272 omnihus
1704 2209 2315 2292 adjudicatam,invo·

739 2310 880 2366 cato
910 2302 1151 2366 Camilli
1182 2304 1456 2375 nomine,
1486 2308 1769 2368 universa
1802 2307 1996 2369 totius
2027 2306 2310 2386 corporis

744 2407 953 2463 crusta
983 2408 1398 2464 evanescente
1421 2444 1440 2471 ,
1485 2403 1683 2466 auctis
1712 2403 1950 2465 viribus
1980 2402 2311 2466 sanitatem

738 2515 923 2576 quam
965 2516 1273 2577 nunquam
1319 2497 1618 2560 habuerat
1667 2509 2179 2578 consequentem.
2222 2530 2244 2554 -

876 2620 902 2646 ⁷·
947 2598 1117 2667 Quae
1160 2614 1300 2656 cum
1336 2594 1423 2657 ita
1467 2596 1591 2658 sint
1624 2598 1768 2675 quid
1793 2597 1959 2660 aliud
1994 2597 2090 2661 hic
2132 2618 2314 2678 supe·

738 2697 906 2762 rest,
937 2690 1058 2753 nisi
1090 2698 1160 2753 ut
1191 2697 1303 2764 Te,
1335 2696 1797 2756 BEATlSSlME
1832 2700 2106 2765 PATER,
2137 2715 2310 2758 orem

741 2787 1196 2868 obtesterque,
1227 2798 1296 2852 ut
1327 2790 1432 2873 qui
1467 2791 1652 2854 tantis
1692 2812 1944 2873 semper
1976 2792 2309 2855 virtutibus

738 2881 1012 2956 claruit,
1046 2886 1151 2964 qui
1197 2887 1384 2950 tantis
1414 2885 1742 2954 miraculis
1767 2889 2114 2953 coruscavit
2135 2932 2155 2961 ,
2200 2890 2307 2969 qui

743 2979 1119 3043 militantem
1163 2982 1505 3047 Ecclesiam
1538 3005 1699 3048 novo
1728 2984 1982 3050 fortium
2030 2985 2305 3049 exercitu

744 3079 1201 3152 communivit,
1247 3080 1355 3163 qui
1401 3082 1565 3144 inter
1609 3087 1831 3156 Beatos
1870 3083 2010 3165 jure
2052 3083 2308 3147 merito-

742 3191 865 3256 que
898 3182 984 3238 Te
1026 3176 1162 3257 ipso
1205 3187 1518 3241 annuente
1559 3177 1796 3242 relatus
1839 3187 1978 3253 est,
2022 3180 2312 3244 eumdem

746 3282 998 3336 servato
1027 3293 1061 3333 a
1093 3274 1241 3336 Tuis
1271 3277 1869 3339 praedecessoribus
1899 3277 2096 3339 veteri
2134 3297 2307 3340 more

748 3374 1114 3433 Sanctorum
1147 3369 1330 3435 fastis
1357 3371 1700 3436 adscribas.
1732 3375 1968 3435 Habeat
2011 3393 2310 3454 praesens

738 3483 930 3528 eausa
974 3466 1054 3526 ab
1084 3485 1162 3529 eo
1192 3472 1447 3530 Summo
1476 3468 1771 3532 Pontiflce
1811 3469 1940 3550 jam
1987 3469 2092 3532 diu
2138 3480 2309 3549 opta-

741 3566 873 3624 inm
919 3562 1150 3624 exitum
1176 3604 1197 3633 ,
1225 3583 1260 3625 a
1292 3585 1419 3644 quo
1462 3563 1947 3650 diligentissimo
1990 3567 2303 3648 quondam

744 3657 914 3720 ridet
943 3664 1308 3723 Promotore
1335 3658 1607 3725 faustum
1640 3663 1854 3728 habuit
1896 3660 2308 3728 fortunatum·

742 3773 864 3834 que
912 3752 1304 3834 principium.
1355 3761 1487 3820 Hoc
1533 3759 1918 3822 Christianae
1976 3761 2307 3825 universae

738 3848 1152 3936 Reipublicae
1179 3858 1267 3915 Te
1298 3854 1616 3933 postulant
1638 3855 1979 3937 Principesz
2012 3862 2141 3919 Hoc
2166 3876 2307 3936 sup·

739 3947 886 4027 plex
929 3947 1404 4011 ministrantium
1437 3952 1699 4015 infirmis
1728 3953 2155 4016 benemeritus
2199 3960 2309 4017 Or·

743 4044 865 4107 doz
896 4050 1028 4108 Hoc
1062 4053 1268 4126 nostra
1292 4090 1312 4118 ,
1343 4047 1461 4110 hoc
1491 4050 1740 4130 publica
1768 4051 2049 4113 omnium
2094 4060 2305 4132 postu·

740 4140 873 4204 lant
910 4152 1074 4205 vota.
1120 4145 1229 4206 His
1268 4145 1321 4207 si
1350 4153 1439 4208 Tu
1469 4149 1761 4211 annueris
1784 4193 1804 4221 ,
1847 4154 2307 4211 BEA'nsslMss

742 4244 992 4302 PATER
1015 4281 1036 4312 ,
1068 4242 1446 4320 sperandum
1482 4241 1617 4307 sore
1641 4287 1661 4317 ,
1704 4256 1773 4307 ut
1805 4246 1911 4324 qui
1957 4246 2307 4308 ministran-

743 4334 843 4398 dis
896 4334 1166 4400 Infirmis
1221 4346 1349 4400 tarn
1408 4349 1724 4404 strenuam
1786 4343 2095 4422 quondam
2163 4363 2308 4422 ope·

744 4452 876 4494 ram
905 4433 1231 4498 collocavit
1260 4457 1374 4517 pro
1403 4437 1751 4501 Christiana
1782 4438 2124 4519 Republica
2146 4483 2164 4510 ,
2195 4459 2308 4520 pro

742 4534 963 4594 sancta
1008 4531 1118 4593 Dei
1172 4531 1488 4604 Ecclesia,
1537 4553 1649 4615 pro
1693 4541 1821 4597 Tua
1872 4534 2001 4616 ipsa
2043 4542 2310 4600 Persona

744 4623 853 4688 fiat
881 4627 1042 4708 apud
1073 4633 1270 4690 Deum
1303 4629 1689 4694 calamitosis
1718 4634 2094 4712 praesertim
2140 4632 2311 4697 hisce

752 4724 1149 4803 temporibus
1183 4727 1560 4791 intercessor
1590 4728 1894 4811 egregius.
1936 4759 1957 4786 ι

876 4820 1031 4883 Huic
1074 4821 1296 4884 tertius
1338 4826 1636 4888 successit
1691 4831 1761 4886 D.
1823 4828 2171 4892 Advocatus
2212 4833 2319 4891 Jo-

753 4915 907 5000 sepb
939 4918 1371 4989 Asrevolinus‚
1403 4921 1508 5002 qui
1537 4933 1842 4987 annuente
1871 4933 2137 5008 utsupra
2168 4931 2317 4988 Cae·

749 5015 1172 5078 remoniarum
1215 5018 1650 5092 moderatore,
1697 5022 1867 5084 beati
1908 5023 2074 5086 Petri
2118 5031 2316 5106 Rega-

748 5110 861 5176 lati
893 5113 1082 5177 vitam
1116 5112 1228 5178 hac
1260 5114 1558 5179 methodo
1587 5118 1915 5181 enarravit.

885 5334 906 5357 ·
945 5309 1093 5368 Cum
1128 5326 1229 5370 res
1259 5307 1489 5370 multae
1522 5308 1674 5381 sint,
1703 5314 2163 5378 BEATlssmE
2193 5319 2320 5377 ΡΑ·

745 5405 935 5473 TER,
976 5403 1204 5484 quibus
1248 5403 1434 5468 facile
1476 5407 1668 5469 rebus
1711 5409 2067 5472 ostenditur
2122 5417 2301 5473 extra

2418 858 2481 913 et
2527 850 2820 932 magistra
2843 892 2864 923 ,
2909 869 3095 913 sanae
3127 849 3538 928 sinceraeque
3567 848 3711 911 fidei
3745 847 3982 930 profes-

2422 948 2705 1017 sionem,
2757 946 2993 1011 nullam
3051 968 3307 1028 prorsus
3354 934 3576 1010 salutis
3626 966 3801 1028 spem
3847 944 3989 1008 reli-

2422 1064 2610 1125 quam
2646 1063 2787 1106 esse
2833 1043 3233 1116 bominibus3
3283 1053 3409 1105 tum
3454 1041 3605 1104 nihil
3650 1041 3990 1105 audacissi-

2423 1156 2560 1202 mos
2604 1139 2959 1202 haereticos
3000 1159 3200 1220 aeque
3240 1138 3524 1222 jugulat,
3569 1147 3755 1217 atque
3803 1159 3989 1202 sanae

2421 1236 2831 1317 illibataeque
2863 1236 3186 1300 doctrinae
3207 1279 3228 1306 ,
3273 1255 3636 1314 morumque
3666 1235 3994 1299 Sanctissi-

2423 1353 2666 1395 morum
2698 1332 2759 1393 in
2793 1334 3015 1396 eadem
3062 1331 3337 1395 Ecclesia
3367 1331 3531 1394 haud
3574 1352 3847 1411 unquam
3897 1333 3990 1394 in·

2426 1437 2697 1510 terrupta
2756 1430 3092 1492 successio.
3139 1430 3380 1492 Etenim
3427 1449 3569 1492 cum
3612 1427 3708 1490 illi
3754 1428 3986 1509 duplici

2423 1545 2539 1588 nos
2596 1546 2915 1590 armorum
2978 1547 3206 1610 genere
3255 1533 3659 1609 oppugnent,
3718 1525 3992 1592 scelesta

2422 1642 2648 1705 nempe
2698 1622 2997 1686 falsarum
3031 1624 3453 1687 doctrinarum
3487 1623 3762 1703 novitate
3805 1614 3992 1705 atque

2424 1719 2838 1800 ineptissimis
2869 1720 3194 1801 calumniis
3217 1766 3236 1793 ,
3267 1714 3814 1803 quihus'nostrum
3860 1742 3996 1784 orna

2422 1817 2590 1877 nium
2621 1817 2812 1879 vitam
2834 1838 3174 1898 moresque
3206 1819 3266 1879 in
3302 1818 3530 1881 crimen
3561 1827 3818 1891 vocant3
3849 1837 3994 1900 pro·

2424 1912 2592 1978 fecto
2638 1912 2890 1977 illorum
2954 1918 3109 1987 satis
3145 1916 3274 1998 jam
3321 1915 3642 1978 audaciam
3687 1914 3992 1998 fregimus

2426 2010 2908 2093 frangamusque
2951 2012 3167 2092 procul
3201 2013 3398 2075 dnbio
3441 2032 3698 2091 semper
3740 2014 3937 2096 magis
3963 2056 3984 2085 ,

2426 2107 2574 2169 dum
2632 2115 2796 2172 Deus
2842 2111 3284 2191 Omnipotens,
3333 2109 3498 2191 quod
3548 2109 3747 2172 adhuc
3793 2108 3987 2183 fecit,

2427 2204 2668 2268 nullum
2693 2192 2868 2267 'sinet
2901 2213 3147 2288 tempus
3173 2208 3346 2269 abire
3371 2250 3392 2279 ,
3435 2228 3561 2287 quo
3603 2227 3724 2270 non
3766 2203 3996 2283 tratres

2423 2301 2786 2366 innumeros
2817 2303 2923 2364 det
2955 2305 3236 2383 quotidie
3281 2305 3515 2375 Nobis,
3562 2304 3668 2385 qui
3709 2304 3940 2384 pietate
3965 2352 3984 2379 ,

2427 2399 2738 2481 religione
2761 2443 2781 2472 ,
2814 2399 3118 2473 doctriua,
3154 2411 3282 2464 tum
3311 2401 3647 2469 virtutibus
3673 2403 3989 2476 omnibus,

2428 2504 2644 2575 totque
2676 2497 2866 2560 etiam
2903 2518 3086 2580 supra
3121 2519 3367 2561 omnem
3402 2507 3659 2569 naturae
3703 2488 3986 2561 ordinem

2426 2595 2615 2657 editis
2655 2593 2854 2677 signis
2883 2594 3227 2659 Ecclesiam
3271 2597 3470 2677 ipsam
3513 2604 3834 2678 parentem
3885 2616 3992 2659 no·

2425 2698 2644 2760 stram,
2676 2710 2836 2771 quae
2867 2690 3302 2755 honestissima
3327 2713 3580 2773 semper
3606 2689 3820 2767 fuerit,
3855 2693 3994 2755 red-

2423 2787 2574 2849 dant
2605 2786 2667 2846 in
2711 2787 2850 2850 dies
2893 2787 3340 2852 honestiorem.
3384 2796 3586 2864 Quare
3630 2788 3925 2852 divinitus
3955 2812 3994 2854 e

2425 2903 2493 2945 re
2524 2891 2736 2948 nostra
2764 2884 2927 2947 huuc
2961 2887 3196 2949 tamdiu
3227 2876 3374 2950 esse
3399 2907 3638 2951 rnorem
3662 2888 3986 2950 inductum

2416 2978 2638 3061 judico
2660 3024 2679 3051 ,
2712 2989 2781 3042 ut
2813 3001 2891 3043 ex
2922 2988 3016 3046 tot
3045 2982 3422 3046 clarissimis
3453 2981 3989 3064 sanctissimisque

2421 3077 2655 3140 nostris
2697 3075 3042 3152 fratribus,
3087 3079 3192 3161 qui
3237 3102 3317 3143 ex
3358 3078 3474 3143 hac
3518 3081 3644 3143 vita
3690 3080 3984 3144 decesse-

2421 3183 2607 3246 runt,
2639 3196 2875 3257 suaque
2905 3176 3025 3257 ipsi
3062 3184 3341 3258 tempora
3373 3177 3608 3258 ingenti
3643 3199 3752 3242 sua
3797 3178 3992 3241 virtu·

2419 3278 2524 3346 te,
2577 3291 2914 3366 rerumque
2970 3275 3369 3354 sanctissime
3410 3285 3727 3357 gestarum
3784 3274 3987 3359 gloria

2421 3368 2934 3460 illustraverunt,
2964 3370 3309 3452 aliquorum
3354 3372 3572 3436 saltem
3620 3371 3830 3436 habito
3873 3372 3979 3434 de-

2417 3464 2627 3539 lectu,
2688 3466 2809 3529 rite
2856 3467 3169 3530 interdum
3221 3466 3630 3551 legitimeque
3682 3466 3988 3531 memoria

2419 3573 2862 3627 consecretur=
2910 3572 3207 3646 recteque
3252 3586 3366 3646 per
3406 3572 3491 3627 Te
3549 3564 3989 3646 sapienterque

2418 3659 2651 3722 factum
2689 3668 2751 3724 P.
2782 3666 2846 3723 B.
2891 3680 3032 3722 cum
3068 3662 3246 3725 datus
3276 3683 3309 3724 a
3342 3668 3475 3725 Deo
3504 3662 3674 3745 gregi
3710 3682 3822 3725 suo
3853 3661 3990 3722 uni·

2417 3751 2602 3834 verso
2634 3779 2918 3821 summus
2949 3767 3164 3823 Pastor
3186 3802 3206 3831 ,
3238 3770 3303 3823 et
3334 3767 3579 3831 rector,
3613 3766 3679 3821 ut
3723 3758 3991 3823 consilia

2421 3856 2630 3918 omnia
2664 3854 2835 3917 illico
2864 3855 3022 3919 inire
3052 3857 3314 3938 coepisti
3345 3899 3364 3924 ,
3395 3877 3557 3936 quae
3585 3857 3661 3918 ad
3696 3857 3990 3919 tuendam

2419 3950 3050 4034 amplificandamque
3086 3952 3546 4034 rempublicam
3591 3953 3989 4017 christianam

2422 4049 2691 4112 maxime
2735 4060 2948 4112 essent
2984 4050 3251 4125 idonea3
3299 4059 3431 4114 tum
3463 4052 3524 4112 in
3557 4072 3634 4114 eo
3679 4072 3820 4115 cum
3867 4050 3992 4133 pri·

2422 4146 2540 4207 mis
2600 4143 2809 4208 curam
2872 4146 3274 4227 studiumque
3322 4147 3627 4228 posuisti,
3672 4146 3989 4228 quomodo

2420 4244 2904 4306 consecrationis
2934 4243 3209 4325 quinque
3241 4248 3572 4307 Beatorum
3598 4287 3618 4317 ,
3664 4243 3988 4324 nostrique

2421 4340 2578 4400 adeo
2607 4339 2772 4401 inter
2801 4340 2945 4403 illos
2973 4340 3134 4403 Petri
3172 4340 3448 4424 Regalati
3498 4340 3853 4426 Sacerdotis
3895 4338 3986 4402 fa·

2425 4435 2639 4498 miliae
2669 4437 2978 4499 Minorum
3011 4436 3489 4501 observantium
3520 4438 3715 4500 sancti
3749 4436 3988 4499 Franci·

2425 4533 2511 4596 sci
2549 4533 3050 4614 susceptumjam
3084 4533 3403 4616 negotium
3430 4533 3793 4598 conficeres.
3815 4539 3989 4597 Nune

2425 4631 2718 4710 quoniam
2751 4618 2968 4711 insigni
3000 4630 3110 4690 Dei
3144 4627 3482 4704 beneficio,
3514 4631 3764 4712 tuisque
3808 4638 3870 4693 P.
3914 4634 3984 4692 B.

2425 4735 2518 4790 tot
2549 4727 2785 4808 vigiliis
2814 4749 2884 4791 ac
2910 4726 3232 4790 laboribus
3260 4748 3338 4790 eo
3368 4747 3470 4790 res
3499 4726 3772 4809 denique
3797 4727 3988 4789 addu-

2424 4831 2522 4886 cta
2553 4832 2692 4897 est,
2722 4832 2791 4884 ut
2819 4825 3045 4886 abesse
3077 4842 3290 4904 parum
3324 4824 3564 4904 possit,
3596 4824 3742 4904 quin
3772 4823 3988 4886 decre-

2425 4927 2524 4982 tos
2569 4920 2695 4982 illis
2738 4919 2980 4981 divinos
3009 4920 3278 4984 honores
3307 4921 3428 4983 ritu
3474 4918 3740 4983 solemni
3784 4917 3990 5002 legiti-

2427 5019 2664 5100 moque'
2703 5016 2788 5080 sis
2829 5016 3234 5092 redditurus;
3278 5025 3696 5099 coeptumque
3741 5023 3837 5079 est
3877 5035 3989 5078 eos

2429 5116 2505 5177 de
2540 5134 2713 5177 more
2756 5112 3033 5185 laudari,
3077 5118 3264 5193 atque
3291 5113 3367 5175 ad
3401 5134 3500 5176 me
3544 5120 3794 5175 ventum
3841 5121 3937 5174 est
3961 5155 3981 5184 ‚

2430 5217 2533 5292 qui
2581 5212 2660 5273 de
2688 5219 2874 5275 Petro
2905 5213 3040 5292 ipso
3067 5209 3368 5293 Regalato
3396 5211 3586 5272 verba
3616 5208 3861 5272 faciam.
3907 5205 3988 5270 ll·

2431 5308 2540 5371 lud
2575 5309 2764 5372 modo
2791 5330 2902 5371 oro
2931 5327 3292 5390 quaesoque
3321 5314 3408 5369 Te
3439 5312 3505 5368 P.
3540 5311 3607 5368 B.
3627 5348 3648 5377 ,
3692 5313 3759 5369 ut
3792 5305 3842 5367 si
3873 5323 3986 5385 pro

2428 5407 2713 5489 ejusdem
2753 5406 2919 5469 Petri
2952 5405 3222 5488 egregiis
3249 5402 3718 5487 praeclarisque
3763 5400 3941 5492 factis
3963 5447 3984 5477 ,
