4442 6300
1488 531 1835 600 QtJann
1904 528 2371 584 mucronum
2441 531 2608 583 m'c.
3409 533 3478 585 δῦ

403 671 669 738 modum
702 673 866 738 ratio
895 673 1439 757 conformatioque
1490 673 1813 740 docti-inae
1839 720 1859 747 ,
1918 675 1975 740 is

402 770 674 835 viterbii
704 813 725 842 ,
755 771 862 833 ubi
897 772 1059 851 apud
1085 780 1375 855 patruum
1404 770 1776 854 diligentem
1809 772 1976 836 litte·

405 868 497 931 ris
532 869 801 931 navabat
832 888 1085 949 operam
1108 913 1128 941 ,
1160 870 1237 932 ad
1260 870 1738 934 honestissimas
1758 869 1979 952 impul·

404 987 516 1031 aus
544 967 797 1047 nuptias
814 986 934 1028 uon
956 968 1141 1031 modo
1160 967 1411 1049 puellae
1423 969 1801 1049 elegantiam
1821 966 1971 1030 divi·

402 1063 657 1144 tiasque
685 1064 1052 1144 despexerit
1077 1089 1096 1136 ς
1127 1066 1237 1128 sed
1280 1076 1585 1148 perpetuo
1610 1066 1974 1130 servandam

408 1158 843 1243 virginitatem
876 1159 1208 1224 confestim
1240 1168 1372 1225 Deo
1402 1160 1614 1226 dicans
1641 1206 1660 1233 ,
1691 1162 1850 1224 baud
1882 1178 1980 1225 se·

412 1277 530 1321 eus
560 1276 747 1338 quam
778 1258 829 1322 si
861 1259 941 1319 ab
973 1257 1208 1322 latente
1248 1259 1415 1322 inter
1472 1269 1722 1342 segetes
1779 1278 1980 1341 angue

411 1354 679 1432 insidias
709 1353 1169 1437 praesentiret,
1198 1355 1466 1435 periculi
1495 1356 1754 1419 borrore
1786 1355 1982 1438 perci·

411 1460 521 1516 tus
550 1451 616 1513 in
647 1471 769 1516 non
830 1451 1034 1515 levem
1070 1454 1356 1515 morbum
1380 1453 1714 1529 inciderit3
1773 1473 1983 1535 quam-

412 1551 634 1614 obrem
697 1547 1015 1630 extemplo
1088 1549 1151 1610 in
1235 1550 1498 1631 patriam
1577 1550 1982 1634 confugiens,

412 1664 531 1712 nec
563 1646 763 1711 multo
815 1656 954 1728 post
984 1646 1131 1708 inde
1159 1646 1381 1711 abiens
1404 1692 1425 1722 ‚
1455 1647 1518 1709 in
1578 1648 1700 1712 divi
1744 1648 1987 1712 Franci,

419 1745 511 1809 sei
547 1744 857 1807 familiam
882 1786 903 1818 ‚
963 1763 1150 1824 quam
1179 1754 1403 1807 vocant
1469 1751 1943 1822 capuccinorum
1968 1789 1989 1818 ‚

406 1834 705 1923 tanquam
738 1842 801 1902 in
859 1850 1104 1924 portum
1164 1841 1540 1906 tutissimum
1601 1862 1671 1906 se
1727 1862 1983 1925 recepe·

418 1939 521 2008 [ss.
566 1968 589 1999 a

554 2064 581 2101 s
616 2043 684 2098 In
715 2035 1260 2100 immortalitatem
1297 2036 1541 2101 scilicet
1594 2036 1983 2118 prospiciens

410 2150 630 2200 rerum
663 2134 1073 2197 humanarum
1105 2142 1500 2217 contemptor
1527 2134 1815 2205 animus,
1871 2134 1978 2215 qui

415 2233 554 2299 alne
586 2231 714 2296 ulla
747 2232 887 2295 labe
925 2229 1280 2294 mortalium
1312 2231 1727 2314 cupiditatum
1773 2239 1985 2294 conta·

419 2330 675 2419 gionem
706 2339 1040 2399 evaserat,
1069 2349 1142 2390 ea
1178 2348 1327 2392 sane
1368 2329 1613 2392 ratione
1670 2326 1888 2409 procul
1947 2347 1982 2391 a

409 2426 629 2510 populi
666 2425 983 2490 erroribus
1014 2424 1324 2509 reliquam
1357 2425 1541 2489 vitam
1574 2424 1694 2489 sibi
1746 2425 1981 2488 baben·

414 2524 559 2589 dam
585 2524 894 2594 decrevit,
916 2531 982 2584 ut
1004 2523 1317 2608 integrum
1345 2543 1418 2587 ac
1441 2524 1784 2594 sincerum,
1807 2522 1974 2602 quod

409 2640 449 2693 a
480 2629 697 2686 natura
729 2629 1101 2702 acceperat,
1130 2621 1447 2703 ingenium
1486 2620 1728 2703 penitus
1772 2638 1980 2682 serva-

410 2727 509 2782 ret
536 2740 610 2783 ac
645 2718 991 2791 retineret,
1023 2728 1354 2798 totumque
1402 2738 1471 2780 se
1530 2724 1660 2780 Deo
1718 2716 1983 2780 dederet

410 2815 818 2896 dicaretque,
851 2837 1036 2897 quem
1071 2817 1150 2880 ab
1181 2815 1438 2878 ineunte
1469 2814 1736 2896 pueritia
1794 2814 1981 2879 unice

412 2913 531 2977 sibi
560 2915 987 2995 quaerendum
1022 2919 1345 2977 statuerat.
1381 2916 1502 2982 At,
1549 2931 1628 2974 ne
1688 2913 1753 2973 in
1801 2919 1976 2976 tanta

412 3026 622 3075 rerum
656 3011 975 3075 affluentia
1009 3032 1079 3074 ac
1106 3012 1413 3073 varietate
1449 3008 1699 3073 dicendi
1741 3008 1979 3089 impetu

417 3107 823 3193 divagemur,
853 3117 1047 3191 utque
1077 3108 1279 3192 magis
1311 3106 1646 3171 distribute
1684 3105 1805 3169 viri
1834 3107 1981 3170 bea·

416 3208 650 3272 tissimi
683 3209 849 3270 vitae
878 3227 1130 3270 cursum
1163 3227 1306 3270 cum
1337 3204 1695 3269 laudatione
1726 3202 1978 3286 conjun-

419 3303 764 3368 ctissimum
792 3322 1254 3385 prosequamur
1273 3326 1298 3374 ,-
1329 3299 1703 3365 incredibile
1723 3300 1977 3382 quidem

415 3409 514 3465 est
543 3409 898 3465 memoratu
928 3421 1088 3481 quae
1122 3400 1185 3461 in
1217 3401 1358 3483 ipso
1417 3399 1750 3463 sanctioris
1809 3396 1974 3459 mili-

415 3498 537 3561 tiae
568 3498 854 3560 tirociuio
884 3497 1041 3560 satis
1071 3495 1278 3579 ampla
1321 3503 1385 3559 et
1444 3497 1697 3559 immota
1752 3494 1979 3578 jecerit

409 3593 813 3660 fundamenta
847 3594 1023 3657 brevi
1049 3595 1130 3656 ad
1188 3612 1502 3655 summum
1562 3590 1976 3675 perfectionis

414 3691 661 3756 culmen
722 3699 1133 3771 perventurae
1193 3691 1488 3763 virtutis;
1549 3697 1777 3772 quanta
1833 3707 1978 3752 con-

416 3788 642 3850 stantia
674 3788 1173 3868 propinquorum
1208 3787 1513 3867 impetum
1546 3806 1690 3849 eum
1746 3805 1782 3848 a
1837 3799 1978 3865 pro·

409 3883 618 3965 posito
649 3883 1123 3946 deturbantium
1143 3880 1427 3945 refutarit
1454 3909 1473 3954 ς
1494 3889 1721 3962 quanta
1744 3899 1812 3943 se
1833 3886 1976 3961 post

410 3980 684 4065 gesserit
717 3979 1073 4043 innocentia
1103 3990 1168 4043 et
1203 3980 1513 4043 modestia
1544 3979 1732 4049 vitae,
1759 3977 1820 4038 in
1842 3997 1979 4040 om-

411 4078 601 4159 nique
637 4076 857 4139 ordine
887 4075 1226 4157 officioque
1256 4075 1646 4145 assiduitate,
1680 4073 1979 4137 obedien-

415 4173 538 4248 tia;
572 4193 759 4254 quam
791 4183 999 4242 arcte,
1027 4195 1214 4255 quam
1238 4175 1503 4246 duriter,
1533 4171 1795 4235 caelesti
1821 4191 1979 4251 quo-

413 4288 536 4351 que
567 4276 820 4333 ostento
851 4269 1125 4333 monitus
1158 4289 1296 4332 sese
1328 4269 1653 4340 babuerit,
1685 4266 1836 4329 nibil
1866 4286 1979 4329 un·

414 4386 597 4449 quam
637 4367 973 4429 laxamenti
1002 4376 1110 4429 aut
1143 4367 1363 4429 veniae
1395 4367 1514 4429 sibi
1547 4384 1804 4429 sumens
1835 4384 1977 4428 sese

414 4461 678 4547 fregerit
707 4471 899 4544 atque
925 4463 1334 4537 contriverit;
1382 4484 1570 4545 quem
1634 4483 1711 4527 ex
1769 4461 1976 4524 animo

413 4564 721 4626 retineret
753 4560 972 4622 intime
1006 4561 1098 4623 sui
1117 4570 1564 4642 contemptum;
1589 4569 1882 4642 quantam
1910 4560 1972 4621 in

411 4677 512 4724 res
542 4660 787 4722 divinas
817 4658 1253 4730 intentionem,
1285 4658 1370 4722 ita
1402 4657 1689 4739 profecto
1711 4700 1732 4730 ,
1764 4664 1832 4719 ut
1852 4675 1973 4718 non

411 4756 673 4820 multum
704 4756 847 4818 inde
881 4755 1163 4820 abfuisse
1192 4756 1390 4818 visum
1426 4757 1550 4827 sit,
1584 4756 1728 4836 quin
1771 4753 1962 4816 sociis

413 4856 710 4919 omnibus
739 4874 862 4917 non
898 4855 1085 4915 modo
1114 4861 1406 4934 tanquam
1430 4851 1747 4934 perfectae
1776 4851 1973 4913 virtu·

408 4951 491 5015 tis
521 4951 849 5030 exemplar
880 4949 1456 5031 splendidissimum
1490 4956 1969 5030 proponeretur;

406 5068 624 5111 verum
659 5049 847 5111 etiam
879 5048 1172 5129 plurimis
1203 5068 1420 5112 eorum
1481 5045 1815 5110 severioris
1872 5043 1968 5106 di-

409 5146 707 5229 sciplinae
739 5147 944 5210 acrius
974 5145 1417 5226 amplexandae
1445 5163 1754 5209 summam
1802 5140 1969 5222 cupi·

407 5243 662 5309 ditatem
696 5243 1101 5325 ingenerarit.
1145 5271 1166 5295 ι

542 5371 564 5393 ·
602 5340 907 5403 Miremur
932 5359 1012 5403 ne
1045 5339 1239 5422 igitur
1264 5338 1433 5402 omni
1460 5338 1758 5402 virtutum
1786 5355 1973 5420 gene·

406 5457 483 5504 re
511 5453 634 5501 non
676 5434 878 5500 minus
907 5453 1093 5520 quam
1150 5433 1380 5502 litteris
1402 5479 1422 5510 ,
1480 5454 1515 5500 a
1574 5434 1808 5519 quibus
1829 5477 1850 5509 ,
1908 5441 1973 5499 et

2085 675 2446 755 praesertim
2477 675 2668 739 sacris
2688 719 2707 749 ,
2743 695 3054 757 nunquam
3115 675 3452 738 abborruit
3479 720 3499 747 ,
3573 676 3659 737 iu-

2086 777 2385 833 structum
2417 772 2577 835 adeo
2600 792 2952 855 magnoque
2974 770 3183 835 animo
3196 771 3495 854 juvenem
3516 771 3646 854 jam

2088 877 2220 930 tum
2253 867 2548 949 praealtis
2579 870 2926 933 visceribus
2950 875 3316 950 conceptam
3350 869 3652 950 pietatem

2086 964 2150 1024 in
2185 964 2450 1044 populos
2480 963 2787 1029 latissime
2820 966 3250 1029 effundentem
3274 1009 3294 1037 ,
3327 987 3400 1029 ac
3430 964 3648 1029 levita·

2089 1067 2253 1131 tem,
2285 1060 2612 1124 libidinem
2635 1106 2655 1133 ,
2688 1064 3048 1134 avaritiam,
3089 1071 3462 1143 ceterasque
3520 1062 3650 1123 ani·

2093 1176 2338 1220 morum
2369 1171 2583 1239 pestes
2607 1203 2627 1230 ,
2662 1181 2782 1241 qua
2816 1160 3150 1239 exemplo,
3196 1180 3317 1241 qua
3352 1160 3603 1223 monitis
3633 1201 3652 1227 ,

2090 1274 2210 1336 qua
2234 1257 2644 1319 concionibus
2673 1257 2900 1321 acriter
2919 1258 3352 1331 insectantem,
3375 1277 3455 1321 eo
3478 1256 3654 1321 dein·

2091 1371 2242 1432 ceps
2273 1351 2521 1417 alienae
2551 1354 2768 1417 salutis
2796 1354 3226 1435 procurandae
3256 1354 3480 1417 ardore
3513 1372 3659 1417 con-

2091 1449 2449 1531 flagravisse
2480 1494 2500 1522 ‚
2534 1459 2600 1526 ut
2633 1458 3106 1515 exaestuantem
3139 1451 3202 1513 in
3237 1451 3485 1515 ossibus
3516 1450 3657 1514 cba-

2093 1548 2306 1610 ritatis
2334 1548 2642 1611 flammam
2676 1569 2798 1611 non
2832 1548 3101 1630 amplius
3143 1549 3502 1620 sustinens,
3559 1548 3659 1611 Bi-

2092 1644 2362 1707 zantium
2393 1664 2655 1728 pergere
2685 1645 3122 1718 constituerit,
3154 1666 3279 1728 quo
3310 1665 3432 1709 non
3466 1644 3655 1708 modo

2091 1739 2468 1805 christianos
2497 1743 2776 1822 captivos
2805 1742 3160 1807 contineret
3185 1742 3245 1803 in
3276 1741 3513 1815 officio,
3542 1739 3657 1806 sed

2096 1838 2399 1902 barbaros
2428 1840 2506 1903 ad
2535 1860 2718 1904 verae
2749 1842 2999 1922 pietatis
3062 1840 3453 1922 disciplinam
3514 1858 3652 1920 per·

2097 1933 2420 2007 traheret,
2449 1947 2557 2000 aut
2587 1939 2808 2001 saltem
2840 1940 3005 2002 iuter
3034 1939 3407 2003 obfirmatos
3429 1937 3654 1999 barba-

2094 2032 2188 2096 rie
2215 2033 2459 2098 animos
2488 2035 2910 2116 pulcherrima
2946 2044 3147 2100 morte
3178 2056 3366 2100 verae
3399 2035 3656 2115 pietatis

2093 2129 2441 2194 doctrinam
2474 2152 2587 2217 per
2612 2134 2923 2199 cruciatus
2965 2142 3032 2198 et
3090 2134 3355 2200 vulnera
3401 2132 3654 2215 profite-

2091 2238 2287 2293 retur.
2325 2257 2350 2284 ι

2228 2355 2251 2381 ·
2290 2328 2503 2392 Sentio
2531 2327 2672 2393 heic
2695 2376 2716 2404 ,
2749 2337 3001 2395 PATER
3030 2336 3493 2395 BEATISSIME
3518 2373 3538 2402 ,
3588 2330 3654 2391 in

2093 2419 2234 2503 ipso
2262 2444 2377 2487 suo
2403 2445 2587 2488 cursu
2617 2427 2969 2492 increscere
3003 2428 3355 2492 orationem
3383 2470 3403 2500 ,
3436 2434 3504 2492 ut
3564 2428 3650 2490 vi-

2094 2518 2149 2581 ri
2182 2522 2420 2604 egregii
2455 2523 2710 2586 arduam
2744 2525 2807 2585 in
2868 2526 3163 2589 omnibus
3216 2525 3652 2590 fortitudinem

2094 2617 2633 2699 constantiamque
2665 2620 2945 2684 demirer
2975 2642 3287 2685 summum
3324 2625 3386 2684 in
3434 2622 3654 2688 discri-
3747 2686 3756 2695 ,

2093 2732 2239 2778 men
2269 2714 2625 2797 conjectam
2647 2761 2667 2788 ,
2699 2718 3113 2800 amplissimis
3141 2739 3291 2783 sane
3350 2718 3648 2786 laudibus

2093 2809 2559 2874 celebrandam.
2589 2817 2807 2894 Neque
2850 2835 2970 2897 ego
3025 2834 3177 2879 vero
3233 2816 3644 2880 enarrandam

2090 2904 2229 2969 heic
2258 2907 2381 2971 loci
2418 2908 2609 2973 credo
2639 2911 3096 2992 navigationem
3157 2914 3460 2996 prodigiis
3515 2913 3648 2998 ple-

2088 3020 2228 3065 nam
2251 3045 2271 3074 ‚
2301 3011 2370 3068 et
2400 3005 2679 3068 sedatam
2712 3006 3015 3071 divinitus
3046 3016 3481 3089 tempestatem
3508 3054 3528 3082 ,
3581 3019 3645 3075 et

2086 3099 2384 3165 viaticum
2417 3102 2619 3165 nantis
2649 3104 2937 3187 prodigio
2967 3114 3214 3169 auctum
3239 3151 3259 3179 ,
3303 3113 3367 3170 et
3425 3107 3649 3174 ducem

2087 3197 2418 3279 pedestris
2434 3199 2676 3264 itineris
2700 3222 2736 3264 e
2766 3201 2943 3266 caelo
2962 3205 3221 3268 missum
3245 3231 3267 3281 3
3293 3228 3453 3288 quae
3479 3228 3658 3289 prae-

2088 3293 2259 3360 clara
2291 3297 2355 3357 in
2386 3296 2531 3361 aliis
2588 3306 2775 3378 atque
2833 3301 3161 3383 magnifica
3183 3345 3204 3375 ,
3261 3304 3324 3364 in
3382 3304 3660 3387 Josepbo

2085 3392 2186 3457 vel
2217 3396 2443 3458 intacta
2473 3397 2875 3477 praeteriisse
2905 3417 3028 3461 non
3089 3397 3454 3463 indecorum
3478 3444 3498 3472 ,
3557 3400 3658 3466 vel

2089 3493 2354 3554 summis
2377 3492 2600 3556 saltem
2618 3493 2807 3557 labiis
2824 3494 3138 3559 delibasse
3158 3498 3236 3561 sit
3259 3497 3661 3579 satis3quem-

2085 3588 2425 3652 admodum
2483 3609 2600 3651 nec
2659 3589 2789 3655 ulla
2836 3591 3234 3673 eloquentiae
3265 3595 3324 3656 vi
3358 3613 3660 3659 exornan-

2087 3684 2261 3756 dum,
2291 3694 2591 3767 quantum
2625 3687 2716 3749 ibi
2743 3690 2818 3750 ad
2848 3691 3164 3773 egregium
3197 3712 3374 3773 opus,
3396 3692 3459 3752 in
3486 3692 3657 3772 quod

2083 3783 2474 3856 intenderat,
2502 3784 2925 3862 adlaborarit3
2958 3795 3106 3869 quot
3141 3788 3202 3850 in
3251 3789 3613 3853 excolendis
3635 3835 3655 3862 ,

2087 3878 2215 3942 sive
2246 3881 2326 3942 ab
2356 3880 2686 3963 impietate
2717 3885 3105 3949 excutiendis
3161 3885 3391 3949 animis
3447 3887 3658 3950 indus-

2084 3977 2247 4041 triae
2276 3998 2345 4041 ac
2378 3978 2745 4062 diligentiae
2779 3980 3017 4046 fructus
3049 3985 3401 4064 perceperit
3422 4028 3443 4057 ‚
3501 3996 3657 4067 quot

2084 4094 2414 4139 aerumnas
2435 4119 2456 4147 ,
2486 4085 2637 4157 quot
2664 4078 2940 4143 ludibria
2972 4081 3483 4144 constantissimo
3525 4084 3654 4146 ani-

2088 4189 2194 4234 mo
2223 4171 2557 4234 devorarit.
2602 4201 2628 4227 ι

2222 4296 2246 4321 ι
2285 4266 2377 4328 Ad
2409 4268 2643 4347 majora
2671 4289 2904 4332 evocor
2932 4277 3121 4352 atque
3153 4271 3535 4346 inflammor,
3582 4284 3655 4338 ut

2086 4365 2285 4427 virum
2345 4363 2754 4428 fortissimum
2814 4387 3161 4449 persequar
3210 4370 3411 4433 omnis
3468 4370 3653 4452 plane

2086 4482 2297 4526 morae
2323 4463 2560 4545 iamdiu
2597 4463 3032 4543 impatientem
3060 4510 3079 4538 ,
3110 4466 3258 4529 dum
3292 4467 3493 4548 ipsum
3537 4468 3654 4531 im·

2083 4560 2234 4639 perii
2265 4569 2591 4644 tyrannum
2624 4561 2978 4625 adeundum
3021 4571 3238 4635 ratus,
3300 4564 3363 4626 in
3422 4565 3647 4630 intima

2086 4657 2396 4740 regiarum
2428 4658 2677 4721 aedium
2731 4660 3072 4739 penetralia
3131 4663 3385 4726 numine
3442 4662 3653 4728 divino

2084 4753 2415 4818 instinctus
2437 4796 2458 4824 ,
2490 4754 2803 4817 Christum
2840 4756 3013 4838 regio
3042 4755 3104 4818 in
3146 4765 3482 4839 conspectu
3544 4779 3649 4841 pa·

2089 4848 2211 4913 lam
2245 4859 2311 4913 et
2335 4850 2586 4932 publice
2617 4848 3017 4932 professurus
3041 4898 3061 4927 ‚
3118 4855 3342 4936 pedem
3405 4853 3644 4920 inferre

2086 4955 2284 5011 tentat
2305 4972 2322 5007 ι
2354 4948 2470 5021 Qui
2501 4948 2647 5011 dum
2681 4958 2898 5029 captus
2926 4951 3298 5033 vinctusque
3319 4953 3384 5014 in
3405 4960 3641 5018 arctam

2082 5043 2354 5125 primum
2404 5044 2749 5108 custodiam
2777 5090 2798 5118 ,
2855 5047 2932 5109 ad
2991 5048 3358 5130 supplicium
3411 5050 3638 5114 deinde

2084 5142 2391 5213 trabitur,
2422 5163 2491 5205 ac
2523 5143 2683 5222 pede
2717 5162 3025 5226 manuque
3082 5146 3259 5210 uncis
3316 5145 3545 5211 ferreis
3602 5168 3639 5210 e

2082 5238 2340 5302 sublimi
2369 5258 2703 5320 suspensus
2727 5283 2747 5311 ,
2775 5241 3222 5308 crudelissimo
3255 5265 3492 5325 poenae
3540 5266 3644 5329 ge·

2082 5356 2234 5400 nere
2260 5336 2628 5401 lacerandus
2657 5343 2844 5420 atque
2865 5339 3324 5406 interimendus
3353 5342 3650 5426 relinqui-

2087 5440 2230 5507 tur,
2262 5451 2330 5498 ae
2362 5434 2819 5500 atrocissimam
2859 5454 2972 5519 pro
3031 5436 3277 5504 cbristo
3339 5448 3602 5507 mortem
3628 5486 3646 5517 ,
