4442 6300
986 480 1099 541 884
1919 485 2131 545 ACTA
2148 482 2826 549 -GARORIMIOMS

858 668 869 679 .
910 625 1248 691 msam
1274 627 1527 695 mnu
1556 631 1748 710 autu
1775 586 2260 714 munnam

1256 729 1577 804 capuanus
1600 727 1909 793 brisiam.

934 920 1000 979 ln
1031 918 1323 988 concluso
1360 921 1657 989 caelestis
1686 922 1905 1006 Sponsi
1944 922 2130 989 horto
2157 923 2357 991 viren-

804 1019 903 1077 tes
957 1034 1210 1099 semper
1256 1038 1600 1104 apparuere
1644 1019 1832 1085 flores
1861 1045 1878 1082 ε
1929 1025 2155 1085 Beatae
2204 1041 2358 1088 vero

802 1109 1168 1179 Gatharinae
1197 1114 1276 1180 de
1302 1116 1524 1182 Ricciis
1550 1115 1951 1200 virginitatis,
1979 1115 2356 1183 humilitatis

794 1226 868 1273 ac
885 1208 1204 1277 charitatis
1219 1211 1416 1277 lilium
1441 1214 1718 1286 micavit,
1737 1212 1910 1279 velut
1939 1213 2106 1278 inter
2133 1213 2356 1283 stellas

797 1301 944 1371 luna
973 1307 1269 1374 minoresz
1296 1316 1464 1376 Haec
1484 1311 1651 1376 enim
1682 1318 1978 1386 aetatem,
2008 1330 2227 1377 sexum
2255 1331 2361 1377 na·

798 1409 1000 1469 turam
1024 1416 1489 1492 praetergressa
1502 1406 1863 1492 Angelicam
1884 1409 1946 1472 in
1963 1409 2151 1475 terris
2167 1410 2358 1475 vitam

798 1502 1086 1586 peregit,
1125 1502 1267 1569 binc
1309 1512 1403 1571 tot
1442 1505 1865 1586 splendidiora
1904 1505 2350 1572 charismatum

800 1595 962 1661 dona
992 1598 1055 1661 in
1094 1620 1209 1665 cor
1233 1600 1374 1686 ejus
1411 1600 1661 1666 fuerunt
1690 1621 1728 1667 a
1757 1602 1953 1667 sancti
1995 1601 2256 1684 Spiritus
2282 1603 2360 1668 li-

798 1693 1136 1765 beralitate
1164 1699 1361 1764 etl'usa
1381 1742 1403 1774 ,
1448 1708 1519 1765 ut
1545 1699 1645 1763 vix
1671 1697 1880 1783 aliqua
1908 1699 2205 1767 imitanda
2241 1703 2356 1769 sed

796 1794 1072 1858 Posteris
1112 1792 1470 1861 admiranda
1497 1796 1708 1879 potius
1747 1795 1975 1862 collata
2004 1816 2149 1863 esse
2186 1798 2359 1865 vida-

798 1896 1032 1954 rentur.

920 1993 1049 2052 Nec
1078 1988 1304 2054 mirum
1332 1989 1533 2056 videri
1564 1989 1795 2065 debet,
1825 1991 1995 2074 qnod
2020 1998 2186 2058 Deus
2212 1991 2361 2059 talia

800 2101 874 2149 ac
898 2090 1069 2150 tanta
1093 2086 1155 2149 in
1189 2088 1370 2153 beata
1402 2088 1731 2153 Catharina
1757 2095 2051 2175 congesta
2080 2110 2226 2156 esse
2253 2110 2362 2156 vo-

794 2177 991 2247 luerit
1017 2182 1179 2249 dona
1209 2184 1527 2259 caelestia,
1558 2185 1873 2269 siqnidem
1907 2208 2048 2252 cum
2075 2188 2253 2272 prius
2280 2188 2361 2255 de

798 2276 1213 2346 fundamento
1237 2283 1576 2368 cogitasset
1604 2283 2026 2360 humilitatis,
2069 2286 2217 2352 ideo
2248 2285 2361 2349 mi-

799 2375 1211 2443 sericorditer
1238 2400 1310 2445 ac
1337 2381 1589 2462 copiose
1631 2384 1910 2464 respexit
1937 2383 2356 2450 humilitatem

794 2470 1079 2539 Ancillae
1108 2495 1301 2540 suaet
1346 2481 1738 2559 Quapropter
1764 2500 1906 2545 cum
1927 2478 2070 2564 inre
2111 2498 2358 2545 emana-

796 2577 931 2635 tnm
976 2571 1058 2635 sit
1088 2578 1414 2636 Decretum
1443 2572 1523 2636 de
1550 2574 1801 2655 publice
1843 2578 2196 2660 peragenda
2228 2577 2360 2644 vir-

793 2664 957 2749 ginis
983 2668 1485 2741 canonizatione,
1514 2680 1585 2735 ut
1610 2671 1965 2747 executioni
1998 2673 2359 2749 mandetur,

794 2761 979 2827 enixe
1005 2762 1283 2846 postulat
1300 2772 1431 2830 tota
1457 2764 1709 2834 Ordinis
1726 2768 2226 2837 praedicaturum
2254 2777 2363 2837 Fa-

796 2858 999 2933 milia,
1028 2860 1130 2926 cui
1160 2863 1552 2927 annuendum
1578 2884 1829 2937 censeo,
1859 2870 2360 2933 SANCTlTATIS

791 2964 1148 3023 VESTRAE
1173 2960 1430 3026 accedat
1455 2961 1808 3045 oraculum.
1841 2967 1918 3028 Et
1947 2962 2032 3028 ita
2059 2973 2182 3030 etc.

837 3155 914 3214 D.
936 3155 1416 3219 PEaMNAND
1427 3159 1522 3220 th
1536 3157 1719 3221 1011
1724 3155 2022 3223 malms
2038 3159 2316 3223 Guiccio·

920 3255 974 3314 li
1003 3253 1512 3331 Arcaiapiseopua
1554 3259 1873 3319 Ravennae
1911 3257 2226 3321 Assistcas.

923 3447 1153 3510 Beatae
1178 3446 1545 3512 catharinae
1565 3448 1647 3514 de
1668 3450 1894 3515 Ricciis
1916 3439 2355 3536 aetitegenti,

792 3544 1288 3608 SANCTISSIME
1331 3550 1605 3620 PATER,
1635 3546 1902 3616 occurrit
1929 3547 2140 3614 statim
2171 3548 2357 3631 ipsis·

794 3633 948 3699 sima
978 3637 1184 3722 imago
1211 3637 1576 3706 catharinae
1602 3640 1905 3714 attan-ius,
1948 3644 2242 3710 Senensis
2261 3644 2358 3709 vi·

794 3731 1034 3798 delicet
1061 3777 1081 3808 ,
1126 3737 1398 3802 occurrit
1426 3737 1721 3802 Teresiae
1751 3744 1821 3802 et
1844 3738 2244 3824 Magdalenae
2273 3742 2355 3806 de

795 3832 1007 3894 Panis
1050 3831 1283 3915 imago.
1314 3834 1485 3896 Idem
1520 3834 1582 3896 in
1612 3854 1688 3898 ea
1727 3835 2008 3902 illibatae
2036 3837 2357 3919 virginita-

797 3926 878 3989 tis
902 3926 1060 3998 flos,
1091 3927 1264 3992 idem
1296 3927 1671 3997 humilitatis
1693 3974 1714 4005 ‚
1744 3934 2194 4014 poenitentiae,
2224 3956 2357 4001 om-

797 4023 1020 4104 nisve
1074 4024 1376 4089 virtutum
1424 4028 1671 4110 generis
1723 4029 2088 4096 miraculum
2119 4057 2142 4108 ς
2186 4032 2356 4098 idem

797 4140 947 4186 vero
975 4129 1040 4185 et
1069 4121 1404 4207 praecipue
1439 4125 1834 4192 admirabilis
1853 4173 1873 4203 ,
1915 4129 2357 4204 suavissimus,

798 4218 1197 4302 prodigiosus
1224 4220 1291 4283 in
1330 4228 1531 4288 Deum
1560 4243 1754 4288 amor.
1800 4232 2119 4308 occupant
2143 4226 2359 4311 legen-

799 4323 925 4380 tem
955 4316 1407 4385 charismatum
1424 4321 1617 4394 dona,
1651 4322 1990 4388 ineffabilia
2020 4323 2259 4388 divinae
2291 4324 2356 4388 in

798 4411 1291 4480 amantissimam
1322 4422 1623 4499 ¹Sponsam
1652 4417 2007 4484 dilectionis
2035 4439 2357 4503 argumen-

800 4519 898 4572 ta:
945 4515 1259 4590 occupant
1307 4510 1605 4580 caelestia
1656 4513 1973 4596 sponsalia
2000 4558 2022 4588 ,
2064 4515 2355 4582 Crucitixi

797 4606 1145 4690 Stigmata,
1186 4609 1612 4691 compassiva
1654 4612 1871 4693 sponsi
1899 4613 1958 4674 in
1986 4617 2183 4678 cruce
2226 4633 2358 4678 mo-

774 4704 1022 4776 srientis
1053 4702 1274 4774 dolor,
1306 4707 1631 4788 minuique
1662 4708 1983 4778 tenerrimi
2007 4709 2237 4776 amoris
2267 4710 2358 4788 3¹3ss

796 4800 1383 4884 comprehensibilia
1410 4806 1905 4869 communicatio.
1927 4806 2075 4881 Quis
2092 4827 2247 4889 ergo
2267 4809 2384 4874 ta·'·

796 4899 882 4963 lia
906 4898 1255 4982 recogitans
1286 4919 1410 4962 non
1426 4901 1848 4982 obstupescat,
1878 4903 2356 4986 mirabilemque

800 5003 997 5060 Deum
1029 4996 1091 5056 in
1125 4989 1235 5059 ha'c
1266 5001 1481 5059 Sancta
1516 5015 1622 5061 sua
1646 5017 1771 5062 non
1803 4999 2070 5064 fateatur
2095 5007 2158 5064 ut
2179 5020 2358 5081 prae-

800 5089 1024 5156 dicet?
1069 5092 1550 5157 Innumerabilia
1597 5092 1848 5157 demum
1880 5138 1899 5168 ,
1949 5107 2107 5177 quae
2149 5097 2358 5161 viven-

798 5195 927 5254 tem
957 5186 1248 5252 comitata
1291 5198 1429 5249 sunt
1475 5189 1793 5273 prodigia,
1836 5200 1895 5253 et
1939 5190 2359 5260 innumerabi-

800 5285 884 5350 lia
909 5326 930 5355 ,
959 5301 1120 5366 quae
1146 5282 1361 5348 seculo
1388 5282 1747 5350 defunctam
1781 5298 1991 5351 secuta
2018 5288 2315 5371 leguntur
2336 5334 2357 5365 ,

804 5380 1067 5444 totidem
1098 5388 1240 5444 sunt
1266 5378 1690 5447 ineluctabilia
1720 5377 1928 5468 signa,
1964 5385 2226 5452 totidem
2256 5407 2362 5456 vo·

2470 654 2578 700 ces
2603 677 2627 709 ,
2671 634 2901 717 quibus
2928 653 3070 701 ean
3109 633 3174 699 in
3201 633 3528 702 altissimis
3549 632 4038 715 paradisi-se&

2472 731 2590 797 bus
2616 732 2780 798 inter
2805 740 3054 799 sanctas
3078 732 3368 817 Virgines
3385 724 3784 808 collocatam,
3811 733 3878 795 in
3908 739 4033 797 ter·

2469 829 2556 894 ris
2581 830 2772 895 etiam
2799 851 2941 895 cum
2975 830 3203 897 sanctis
3230 830 3592 916 Virginibus
3616 828 4031 895 venerandam

2469 946 2612 993 esse
2630 969 2651 999 ,
2695 926 2818 1010 ipsi
2855 927 3024 992 Caeli
3071 927 3468 1014 apertissime
3518 927 4034 1003 demonstrarunt

2466 1042 2541 1091 nc
2570 1023 3020 1089 demonstrant.

2597 1219 2702 1281 Fr.
2726 1217 3220 1283 ANTONINUS
3246 1222 3536 1282 camarda
3564 1217 3930 1297 Episcopus,

2932 1319 3227 1381 Reatinus
3253 1317 3566 1379 Assistsns.

2596 1511 3050 1574 ,ΕΔΤ-1381118
3078 1514 3356 1573 PATER.
3386 1512 3579 1573 Beata
3601 1504 3922 1571 catharina
3953 1505 4036 1571 de

2471 1600 2693 1669 Ricciis
2711 1604 3059 1671 Florentiae
3085 1612 3229 1669 nata
3256 1614 3590 1688 postquam
3613 1603 4036 1688 perplurimos

2466 1698 2711 1766 fructus
2737 1700 2992 1767 honoris
3024 1701 3470 1767 ethonestatis
3500 1701 3744 1776 edidit,
3777 1700 4036 1766 inaesti-

2470 1796 2769 1863 mabilem
2822 1796 3002 1863 illam
3054 1796 3319 1883 gloriam
3373 1798 3650 1862 obtinuit
3681 1841 3704 1871 ,
3772 1803 3845 1862 ut
3891 1796 4034 1880 ejus

2468 1898 2703 1975 Sponsa
2741 1901 3091 1958 mereretur
3115 1912 3259 1959 esse
3283 1937 3304 1967 ,
3346 1892 3410 1959 in
3438 1913 3625 1976 quem
3670 1893 4037 1963 desiderant

2469 1989 2692 2074 Angeli
2729 1988 3126 2073 prospicere,
3170 1999 3238 2056 et
3279 1991 3457 2073 euius
3508 1989 4034 2073 pulchritudinem

2467 2085 2568 2152 Sol
2599 2095 2667 2152 et
2693 2094 2861 2153 Luna
2892 2087 3219 2153 mirantur.
3246 2088 3612 2174 [inigenitus
3641 2107 3906 2172 namque
3936 2086 4034 2152 ri-

2467 2181 2592 2248 lius
2621 2182 2735 2247 Dei
2757 2181 3036 2249 revelata
3060 2182 3123 2248 ei
3150 2182 3310 2252 facie
3341 2183 3610 2251 festivus
3635 2184 3702 2248 in
3732 2183 3874 2250 sinu
3905 2190 4034 2250 Ma-

2467 2278 2585 2345 tris
2634 2280 2908 2349 occurrit
2929 2322 2953 2354 0
3002 2286 3350 2364 tenensque
3410 2301 3659 2346 manum
3707 2281 4032 2349 dexteram

2466 2376 2643 2461 ejus,
2684 2377 2842 2441 etin
2871 2376 3191 2443 voluntate
3233 2400 3347 2445 sua
3385 2380 3708 2445 deducens
3738 2399 3872 2444 eam
3897 2422 3918 2454 ,
3960 2399 4035 2446 ac

2464 2494 2607 2539 cum
2653 2470 2854 2558 gloria
2895 2474 3283 2558 suscipiens,
3335 2475 3635 2541 annulum
3678 2476 3742 2538 in
3781 2476 4033 2561 'signum

2465 2571 2761 2652 perennis
2797 2572 3035 2637 amoris
3075 2570 3174 2637 sui
3215 2572 3274 2636 ei
3320 2573 3652 2654 praebuit,
3695 2573 4033 2657 desponsa-

2467 2668 2682 2750 vitque
2711 2668 2775 2730 in
2801 2667 2958 2734 fide.
2989 2674 3068 2734 Et
3095 2676 3162 2733 ut
3191 2670 3299 2735 Vir
3325 2669 3622 2737 dolorum
3652 2691 3724 2736 ac
3754 2677 4029 2757 Sponsus

2468 2763 2782 2848 sanguinis
2821 2784 2961 2827 eam
3003 2763 3360 2829 visibilibus
3409 2766 3883 2849 Redempflonis
3927 2787 4034 2831 no·

2469 2869 2637 2926 strae
2665 2861 2886 2945 signis,
2917 2861 3196 2945 quinque
3227 2861 3472 2928 scilicet
3501 2860 3869 2929 vulneribus
3900 2865 4035 2933 suis
4083 2920 4090 2929 .

2466 2958 2951 3033 condecoravit,
2994 2966 3067 3023 ut
3096 2979 3254 3042 quae
3275 2959 3460 3035 ,socia
3503 2971 3674 3025 esset
3701 2961 3763 3027 in
3796 2962 4035 3046 passio-

2469 3073 2582 3128 ne,
2613 3055 2789 3121 Secia
2820 3074 3069 3139 quoque
3099 3054 3265 3121 foret
3292 3054 3353 3118 in
3382 3056 3520 3139 ejus
3550 3056 4028 3140 glorificatione3

2465 3151 2732 3236 ideoque
2750 3155 3246 3219 connumeranda
3264 3164 3564 3233 censetur⁴
3574 3155 3843 3222 oraculo
3864 3162 4044 3226 SAN⁸

2430 3253 2436 3259 ’
2467 3254 2823 3315 cTrrATts
2850 3258 3199 3316 vsssTnass
3227 3251 3393 3315 inter
3420 3259 3666 3317 sanctas
3693 3253 4026 3338 Virgines,

2468 3365 2630 3506 (guae
2670 3355 2930 3431 regnant
2973 3366 3117 3411 cum
3160 3353 3334 3423 Deo,
3376 3353 3443 3412 et
3483 3343 3697 3435 A'gnus
3723 3350 3837 3415 Dei
3880 3370 4026 3415 cum

2465 3442 2486 3508 i
2517 3443 2615 3509 lis.

2468 3639 2572 3701 Fr.
2607 3637 2917 3701 PAULUS
2960 3635 3268 3714 uphem
3293 3643 3363 3700 dc
3400 3640 3638 3704 Russus
3682 3642 4029 3718 Episcopus

2898 3737 3239 3800 Melitensis
3265 3737 3579 3799 Assistsns.
3975 3749 3980 3758 ’

2594 3932 3048 3994 BEATlsstuE
3078 3933 3352 3993 PATER.
3382 3934 3663 4003 Quatuor
3692 3934 4026 3995 Beatorum

2467 4024 2819 4108 triumphos
2864 4026 3049 4090 beata
3105 4025 3427 4090 Catlnarina
3486 4024 3568 4089 de
3628 4025 3858 4091 Ricciis
3898 4032 4029 4091 Mo-

2467 4120 2650 4185 nialis
2679 4120 3457 4206 Ordinis-Praedicatorum
3482 4164 3503 4194 ‚
3550 4121 3796 4187 eximiis
3825 4132 3891 4188 et
3921 4143 4027 4188 ex·

2465 4216 2655 4282 celsis
2696 4217 3041 4283 virtutibus
3081 4238 3244 4302 quae
3284 4216 3650 4300 Virginibus
3685 4218 4027 4285 imitandae

2462 4323 2911 4400 proponuntur,
2933 4315 3186 4379 decorat
3205 4335 3278 4381 ac
3305 4313 3571 4398 perficit,
3602 4326 3668 4381 et
3696 4316 3787 4383 sic
3805 4318 4030 4382 utrius-

2467 4429 2587 4491 que
2617 4430 2807 4474 sexus
2834 4407 3358 4475 Christitidelibus
3394 4412 3654 4495 vestigia
3686 4415 4031 4481 sanctitatis

2465 4506 2761 4572 sectanda
2790 4505 3186 4571 exhibentur.
3213 4507 3396 4572 Enim
3422 4529 3573 4573 vero
3600 4508 3869 4593 gloriosa
3896 4511 4029 4574 vir-

2465 4622 2545 4686 go
2592 4622 2704 4685 per
2751 4602 3158 4688 quadraginta
3212 4603 3369 4668 duos
3413 4623 3611 4670 annos
3661 4606 4034 4694 nonasterii

2464 4698 2776 4763 Pratensis
2798 4698 3085 4784 regimini
3108 4697 3402 4783 praefuit,
3420 4699 3483 4761 in
3506 4721 3634 4781 quo
3651 4695 4026 4778 humilitate,

2463 4796 2762 4880 patientia
2784 4839 2807 4870 ,
2848 4796 3193 4880 prudentia,
3260 4795 3429 4862 vitae
3454 4798 3821 4863 austeritate
3849 4820 4024 4881 prae·

2468 4881 2644 4956 luxit.
2675 4892 2896 4956 Divino
2923 4912 3134 4957 amore
3173 4892 3407 4976 jugiter
3436 4912 3698 4959 accensa
3743 4895 4026 4960 sublimi·

2465 4991 2582 5056 bus
2612 4989 3087 5055 charismatibus
3118 5009 3152 5052 a
3184 4988 3446 5054 caelesti
3474 4997 3713 5073 Sponso
3746 4992 4027 5076 insigniri

2464 5088 2709 5156 meruit.
2736 5086 3015 5160 Perfice,
3063 5091 3516 5154 BEATISSIME
3545 5094 3834 5162 PATER,
3879 5090 4030 5188 divi:

2466 5206 2615 5251 num
2644 5182 3167 5266 tam.praeclarae
3211 5183 3486 5272 yirginis
3530 5185 4030 5252 Canohizationis

2470 5303 2627 5367 opus
2652 5325 2674 5356 ‚
2719 5289 2783 5346 et
2808 5282 2906 5346 l'ac
2931 5280 3124 5346 illum
3155 5280 3527 5364 auctoritate
3571 5299 4028 5367 suprema‚qua

2449 5381 2764 5462 ,omnibus
2791 5379 2854 5443 in
2885 5385 3081 5464 Domo
3103 5377 3356 5446 Domini
3385 5378 3625 5444 emines
3643 5421 3665 5452 ,
3712 5400 3855 5444 cum
3885 5402 4026 5450 san-
