4442 6300
948 498 1035 567 ¹sa
1871 496 2087 549 Acra-
2120 467 2778 551 ‹2ANoNi2num1s

779 661 886 710 sue
944 640 1245 723 sauguine
1314 634 1709 705 confirmaret
1728 683 1749 714 ‚
1803 642 2136 726 utriusque
2211 645 2338 708 voti
2454 643 2787 729 commissa
2811 644 3019 708 suerat
3048 644 3277 710 Civitas
3299 689 3319 717 ,
3350 648 3670 721 decretum
3699 640 4014 712 obtinuit,

770 760 1031 820 compos
1055 738 1319 803 effectus
1353 747 1471 802 est.
1502 770 1525 793 ·

905 864 926 892 0
957 842 1172 919 Neque
1215 856 1367 900 vero
1409 838 1473 900 in
1517 837 1632 903 bac
1674 838 1998 904 claustrali
2054 849 2298 906 tantum
2323 886 2343 916 ,

768 942 958 1017 atque
986 934 1627 1000 domestica-vivendi
1656 936 1900 1001 ratione
1924 979 1947 1009 ‚
1988 958 2174 1019 qnam
2220 959 2343 1003 non

766 1033 1114 1114 interrupto
1134 1034 1433 1099 exercitio
1461 1033 1755 1096 virtutum
1777 1056 1978 1118 usque
2009 1037 2085 1099 ad
2106 1037 2340 1100 exitum

769 1133 933 1196 vitae
989 1142 1088 1195 est
1132 1141 1545 1214 prosecutus,
1605 1133 1892 1197 nltimam
1938 1133 2345 1217 perfectionis

768 1240 959 1312 atque
991 1231 1241 1295 virtutis
1274 1250 1425 1294 snae
1470 1242 1701 1295 metam
1735 1232 1912 1297 sitam
1941 1251 2084 1297 esse
2116 1232 2344 1295 Fidelis

768 1328 1009 1404 voluit3
1045 1332 1182 1419 sed,
1211 1330 1383 1413 qnod
1416 1330 1619 1413 magis
1649 1330 1999 1392 mirandum
2030 1337 2171 1402 est,
2200 1350 2341 1393 eam

765 1446 907 1491 eum
938 1429 1295 1493 admirabili
1316 1430 1581 1510 quadam
1620 1430 2048 1492 proximarum
2082 1430 2342 1493 charita-

766 1532 831 1590 te
860 1527 1203 1612 conjunxit.
1233 1533 1577 1609 Numquam
1608 1528 1804 1610 igitur
1835 1518 2030 1612 mag'is
2058 1527 2344 1592 exultare

765 1623 831 1687 in
876 1625 1137 1690 Domino
1195 1623 1995 1708 videbatu'r‚‘qnam.·cum
2043 1635 2341 1705 aegrotes

768 1724 989 1804 inopes
1017 1724 1301 1791 homines
1342 1724 1684 1797 inviseret,
1720 1721 2064 1795 solaretur,
2096 1712 2343 1787 blandis

767 1821 1010 1903 piisque
1066 1822 1469 1887 sermonibus
1530 1831 1891 1886 recrearets
1936 1812 2228 1886 Detentis
2277 1822 2342 1883 in

767 1941 1022 1986 earcere
1050 1940 1125 1985 ea
1147 1964 1168 1993 ‚
1201 1942 1362 2001 quae
1392 1924 1678 2001 poterat,
1711 1940 1850 1982 rum
1882 1920 2166 1987 animae,
2210 1928 2359 1982 tum

766 2018 1041 2099 roi-poris
1069 2017 1287 2081 solatia
1316 2016 1626 2082 conferret
1654 2043 1670 2079 ε
1705 2016 2001 2082 collectis
2036 2039 2111 2080 ex
2146 2006 2347 2081 diviti·

771 2116 892 2180 bus
948 2114 1375 2200 eleemosyn-'s
1430 2115 1700 2179 aliorum
1736 2115 2025 2199 ‘inopiam
2071 2116 2344 2178 omnium

768 2213 905 2295 ipse
946 2216 1379 2294 pauperrimus
1424 2206 1828 2295 sublerarett
1884 2216 2231 2278 viduarum
2278 2220 2341 2276 et

767 2308 1143 2391 Pupilloruin
1165 2332 1387 2375 causas
1416 2312 1579 2391 apud
1609 2313 1783 2393 ipsos
1814 2313 2004 2377 etiam
2028 2312 2345 2394 Principes

766 2418 1182 2490 promoveret.
1220 2415 1365 2472 Aust
1379 2410 1575 2473 riacas
1605 2410 1830 2490 Copias
1862 2410 2173 2490 pestilens
2205 2412 2344 2492 qui·

769 2507 914 2570 dam
970 2507 1464 2588 graveolensqne
1511 2509 1773 2572 morbus
1815 2506 2170 2579 invaserat,
2216 2530 2344 2591 qno

768 2605 1040 2685 correpti
1074 2605 1495 2668 misi-randum
1530 2606 1590 2666 in
1626 2606 1876 2669 medum
1901 2606 2135 2670 Milites
2166 2628 2347 2690 squa-

766 2700 903 2775 lor'e
932 2701 1204 2767 consecti
1228 2749 1247 2775 ‚
1277 2704 1522 2777 viribus
1544 2703 1906 2778 debilitati,
1939 2706 2110 2769 omni
2159 2704 2347 2769 desti·

767 2801 888 2864 tuti
919 2800 1155 2865 anxilio
1176 2846 1197 2875 ‚
1232 2802 1328 2866 vel
1366 2803 1427 2863 in
1462 2802 1621 2865 nuda
1638 2803 1875 2876 binni),
1907 2803 2009 2867 vel
2041 2825 2233 2885 snper
2255 2813 2344 2868 ta-

770 2898 951 2964 bulas
973 2944 995 2971 ‚
1021 2908 1092 2961 ut
1123 2902 1281 2981 apud
1315 2900 1554 2965 Militi-s
1585 2901 1776 2966 moris
1803 2910 1927 2974 est,
1960 2900 2342 2967 decumbere

767 2998 1172 3076 cogebantur.
1196 3004 1261 3058 tn
1282 2997 1397 3061 bac
1417 3005 1578 3062 tanta
1607 3000 1979 3063 miserorum
2018 2998 2339 3063 hominum

767 3094 1123 3158 calamitate
1155 3096 1469 3177 explicare
1503 3098 1642 3181 quis
1688 3097 1834 3163 satis
1877 3094 2111 3180 possit,
2153 3117 2345 3179 quan·

764 3200 895 3256 tum
930 3193 1154 3257 Fidelis
1172 3195 1445 3260 charitas
1479 3197 1841 3260 emicuerit?
1857 3202 2025 3270 Quos
2050 3197 2210 3257 eniin
2241 3197 2344 3260 alii

770 3312 883 3356 seu
944 3302 1108 3353 metu
1171 3293 1417 3366 morbi,
1464 3316 1573 3356 sen
1622 3294 1970 3357 incredibili
2010 3313 2344 3374 corporum

774 3390 1021 3455 foetore
1064 3391 1295 3472 repulsi
1359 3391 1842 3473 diligentissime
1906 3391 2346 3467 declinabant,

773 3505 885 3552 eos
911 3489 1045 3568 ipse
1066 3489 1358 3571 singulos
1391 3490 1762 3572 saepissime
1797 3490 2092 3563 invisere,
2128 3511 2346 3554 eorum

772 3585 984 3650 ulcera
1017 3594 1434 3670 pertractare,
1466 3607 1681 3651 eorum
1712 3589 1937 3651 tabem'
1960 3589 2348 3670 abstergere,

775 3703 996 3746 eorum
1036 3684 1230 3767 pedes
1270 3684 1501 3757 lavane,
1540 3705 1757 3749 rorum
1797 3684 2231 3750 confessiones
2288 3685 2349 3749 in

771 3789 1001 3844 terram
1037 3801 1265 3863 pronus
1285 3782 1603 3862 excipere,
1636 3801 1850 3847 eorum
1872 3781 2192 3848 sanitatem
2226 3785 2353 3847 col·

771 3878 956 3942 lectis
981 3878 1743 3966 undique‘delicatioribus
1763 3881 1949 3951 cibis,
1985 3883 2355 3962 conquisitis

775 3975 1049 4056 undique
1076 3976 1627 4059 opportunioribus
1667 3977 2188 4043 medicaminibus
2214 3999 2354 4059 pro·

773 4091 1013 4140 curare,
1039 4093 1254 4135 eorum
1287 4072 1768 4138 necessitatibus
1802 4075 2135 4139 subvenire
2157 4051 2351 4147 dmni,

783 4192 900 4252 qna
922 4177 1191 4250 poterat..
1223 4191 1343 4251 ope
1374 4171 1602 4233 tamdiu
1630 4192 1749 4236 non
1770 4172 2034 4239 destitit,
2060 4172 2352 4254 quamdiu

775 4265 1603 4352 calamitasillavitcbyrcltii
1634 4269 2071 4349 perseveravit.
2115 4301 2135 4322 -

802 4415 807 4424 .
915 4395 935 4416 ι
978 4371 1207 4436 Verum
1246 4364 1483 4427 nullum
1526 4388 1794 4448 unquam
1821 4367 2048 4451 majus,
2076 4368 2350 4448 praecla-

776 4462 1029 4542 riusque
1062 4461 1296 4524 Fidelis
1322 4460 1488 4525 dedit
1523 4483 1669 4527 suae
1701 4466 1761 4527 in
1785 4464 2104 4529 Proximos
2127 4459 2347 4528 arden-

776 4558 1052 4622 tissimae
1075 4557 1394 4622 charitatis
1423 4571 1892 4643 argumentum,
1911 4581 2094 4643 quam
2126 4561 2353 4626 invicto

778 4656 928 4727 illo,
960 4673 1086 4737 quo
1130 4677 1279 4720 usus
1313 4664 1453 4729 est,
1487 4657 1625 4720 zelo
1656 4659 1717 4720 in
1750 4658 2097 4723 evellendis
2126 4659 2353 4723 radici-

781 4762 881 4817 tus
927 4755 1006 4815 ab
1061 4773 1280 4816 corum
1335 4755 1563 4817 animis
1617 4756 1927 4836 peryersis
1956 4757 2349 4837 quibusdam

780 4850 1099 4919 moribus,
1150 4858 1214 4915 et
1265 4850 1609 4916 orthodoxa
1660 4855 1825 4916 inter
1868 4874 1979 4917 eos
2026 4853 2350 4936 Religione

782 4945 1032 5011 tuenda.
1074 4951 1227 5010 Cum
1258 4950 1429 5011 enim
1471 4945 1998 5030 frequentissimis
2041 4951 2390 5015 concionis

782 5046 903 5108 bus
949 5043 1080 5109 suis
1112 5045 1454 5109 induratam
1489 5046 1901 5110 scelestorum
1939 5050 2354 5127 quorumdam

777 5139 1099 5210 hominum
1168 5144 1627 5236 mulierumque
1676 5145 2089 5226 pervicaciam
2138 5146 2354 5214 infrin-

777 5259 925 5321 gere
975 5241 1227 5304 minime
1262 5241 1625 5323 potuisset,
1669 5242 1821 5305 nihil
1852 5245 2093 5308 veritus
2137 5265 2355 5310 eornm
2397 5299 2405 5306 .

785 5335 985 5400 minas
1010 5382 1031 5408 ,
1071 5339 1236 5402 vitae
1266 5339 1611 5421 pericnlum
1644 5340 1824 5404 nititti
1867 5340 2101 5408 faciens
2123 5387 2143 5414 ,
2189 5331 2355 5407 omui

783 5444 1004 5497 conatu
1052 5437 1333 5501 adhibito
1356 5473 1390 5512 μ
1410 5440 1489 5502 ab
1533 5439 1611 5504 iis
1633 5486 1651 5515 ,
1683 5440 1917 5525 quibus
1957 5443 2354 5526 gubernanda

2455 760 2580 823 qup
2609 742 2988 815 cavebatur,
3019 750 3087 806 ut
3115 743 3211 809 vel
3244 744 3726 826 resipiscerent,
3768 740 3868 804 vel
3914 745 4017 805 Se·

2461 846 2636 903 natus
2662 839 2952 927 consulto
2982 840 3172 905 deleti
3206 864 3240 906 a
3270 843 3511 905 Civium
3531 859 3789 903 numero
3819 838 3880 899 in
3911 859 4019 920 po·

2456 944 2696 1001 sterum
2750 938 3102 1003 exalarent.
3152 941 3312 1013 Quin
3371 940 3561 1004 etiam
3613 957 3756 1000 cum
3793 935 4020 1017 plures

2453 1036 2925 1099 Haereticorum
2946 1037 3088 1103 libri
3107 1058 3217 1120 per
3229 1037 3623 1101 Germaniam
3650 1035 4019 1114 Italiamque

2455 1143 2671 1213 postea
2714 1135 3044 1218 evulgandi
3078 1137 3154 1199 ad
3203 1136 3744 1220 Vitcbyrcbienses
3785 1139 4017 1196 Merca·

2456 1237 2626 1297 tores
2682 1234 3298 1303 transmitterentur,
3345 1232 3724 1314 public-eque
3782 1238 4019 1311 prosta-

2457 1339 2635 1401 rent,
2681 1349 2803 1394 non
2835 1332 3024 1395 modo
3049 1332 3347 1396 effectum
3381 1340 3478 1403 est
3513 1330 3740 1394 Fidelis
3783 1351 3972 1411 opera
3994 1370 4015 1400 ,

2454 1441 2521 1494 nt
2563 1429 2678 1495 boc
2707 1431 2838 1494 illis
2867 1432 3086 1495 eodem
3133 1438 3391 1521 Senatus
3429 1429 3722 1495 consulto
3764 1428 4017 1492 fortiter

2452 1514 2865 1602 inhiberetur,
2897 1531 3006 1594 sed
3037 1531 3417 1612 ubicumque
3447 1530 3509 1591 in
3541 1529 3797 1611 privatis
3819 1530 4015 1590 etiam

2456 1627 2723 1690 aedibus
2744 1625 2939 1691 libros
2966 1627 3323 1713 hujusmodl
3350 1620 3692 1707 reperiret,
3712 1644 3823 1689 eos
3852 1623 4016 1704 ipse·

2454 1731 2585 1784 met
2615 1726 2743 1789 suis
2774 1725 3063 1790 manibus
3086 1724 3312 1789 tollere
3341 1743 3682 1806 secumque
3707 1720 4017 1786 abducere

2455 1838 2578 1886 non
2608 1822 2954 1886 dubitabat.
2996 1848 3018 1876 ο
3407 1876 3413 1881 .
3711 1884 3718 1891 ‚
3783 1876 3787 1880 .

2501 1912 2504 1917 ’
2589 1948 2613 1974 ·
2652 1920 3029 1985 Voluntariis
3049 1908 3217 1985 hisce
3250 1917 3814 2001 frequentibusque
3841 1913 4015 1978 velu-

2457 2017 2503 2079 ti
2557 2020 2780 2098 pugnis
2824 2029 3011 2098 atque
3054 2018 3454 2107 conflictibus
3495 2015 3832 2080 exercebat
3874 2027 4017 2091 sese

2457 2115 2704 2180 Athleta
2751 2116 2976 2180 Christi
3010 2115 3441 2187 fortissimus,
3483 2112 4019 2197 praeparabatqne

2457 2213 2533 2276 ad
2564 2234 2854 2297 magnum
2887 2214 3040 2277 illud
3071 2212 3621 2298 periculosumque
3662 2217 3972 2274 certarnen
3993 2250 4016 2279 ,

2458 2314 2624 2397 quod
2661 2322 2793 2377 erat
2826 2313 3016 2394 paulo
3041 2320 3188 2394 post·
3227 2331 3338 2394 pro
3381 2307 3813 2391 amplificanda
3861 2304 4020 2368 ueti-

2456 2411 2644 2494 gione
2688 2410 2990 2475 catholica
3035 2411 3381 2475 subiturus.
3424 2412 3557 2471 Non
3601 2405 3848 2497 multos.
3875 2408 4021 2471 snt·

2455 2528 2650 2583 annos
2667 2508 2943 2579 ithacii,
2962 2509 3068 2591 qui
3095 2505 3266 2570 illam
3298 2505 3580 2569 incolunt·
3605 2503 3852 2584 Alpium
3881 2519 4019 2581 par-

2454 2612 2585 2670 tem
2604 2649 2624 2678 ‚
2656 2628 2781 2688 qua
2812 2605 3135 2671 Germania
3167 2606 3245 2668 ab
3277 2600 3797 2679 ltaliadividitnr,
3825 2618 3904 2663 ex
3932 2597 4021 2659 ni·

2456 2705 2578 2768 mia
2625 2721 2764 2768 cum
2795 2705 2980 2787 Pagis
3024 2702 3363 2767 Helveticis
3403 2699 3716 2773 vicinitate
3741 2742 3761 2772 ,
3802 2696 4022 2760 haere·

2457 2824 2600 2868 seos
2635 2810 2815 2886 peste
2844 2811 3154 2867 contracta
3176 2846 3195 2872 ,
3226 2799 3563 2864 infeliciter
3590 2792 4016 2867 tabescebant.

2454 2902 2608 2975 Quin
2634 2905 2847 2971 etiam,
2873 2922 3012 2966 cum
3031 2901 3159 2984 jam
3180 2917 3373 2981 prope
3391 2902 3676 2967 esset-„nt
3697 2893 3762 2954 in
3789 2892 4022 2956 vicinas

2458 3000 2800 3065 catholicas
2827 2999 3045 3067 valles
3075 3005 3468 3079 penetraret,
3500 2993 3772 3065 maxime
3802 2987 4016 3053 veren-

2460 3098 2609 3163 dum
2653 3105 2828 3171 erat,
2863 3114 2937 3163 ne
2965 3098 3048 3161 ob
3083 3096 3393 3160 assiduam
3427 3111 3567 3157 cum
3597 3088 3726 3153 illis
3767 3085 4022 3168 pupulis

2459 3196 2970 3259 consuetudinem
3004 3206 3064 3258 et
3099 3183 3654 3257 mercimoniorum
3676 3185 4026 3251 commodi·

2461 3299 2649 3355 tatem
2683 3292 2918 3356 sensim
2953 3308 3201 3353 omnem
3233 3286 3606 3369 Cisalpinam
3641 3281 3910 3349 Galliam
3936 3281 4024 3343 la-

2462 3387 2834 3452 befactaret.
2880 3387 3035 3451 Huic
3081 3381 3212 3450 tam‘
3248 3384 3419 3469 gravi
3461 3382 3683 3446 morbo
3723 3388 4024 3461 tantoque

2454 3485 2713 3550 vitando
2755 3483 3085 3567 periculo,
3128 3502 3270 3548 cnm
3319 3500 3543 3563 magno
3587 3478 4032 3564 praesentique

2462 3585 2747 3649 remedio
2781 3604 2937 3664 opus
2967 3590 3133 3646 esset
3158 3624 3179 3653 ,
3210 3601 3279 3647 re
3309 3578 3645 3662 diligenter
3676 3598 3710 3640 a
3743 3574 4022 3639 Summis

2458 3682 2868 3748 Pontificibus
2912 3678 3097 3743 Paulo
3143 3686 3211 3740 V.
3258 3684 3325 3743 et
3375 3674 3680 3758 Gregorio
3705 3681 3832 3737 XV.
3875 3691 4022 3736 con·

2462 3781 2776 3851 sidet-ata,
2829 3786 3130 3843 statutum
3180 3787 3320 3848 est,
3369 3777 3589 3842 doctos
3633 3772 3876 3854 uliquet
3926 3779 4023 3834 re·

2463 3876 2846 3959 ligiososque
2875 3875 3059 3938 Viros
3109 3874 3172 3935 in
3221 3871 3538 3940 Rhaetiarn
3582 3889 3725 3935 esse
3775 3867 4020 3932 mitten-

2464 3977 2617 4047 dos,
2651 3974 2753 4054 qui
2810 3971 3154 4055 Religionis
3176 3971 3318 4034 zelo
3353 3967 3713 4031 inflammati
3755 3975 3821 4029 et
3863 3964 4030 4030 evel-

2466 4071 2667 4135 lerent
2689 4114 2709 4145 ,
2753 4077 2817 4135 et
2860 4057 3269 4149 dissiparent,
3305 4073 3377 4130 et
3409 4065 3803 4149 plantarent,
3835 4070 4029 4126 etae-

2464 4169 2804 4234 dilicarent.
2847 4168 3147 4241 Quoniam
3191 4176 3398 4229 antem
3438 4165 3733 4229 diuturno
3781 4158 4024 4241 experi-

2466 4276 2677 4346 mento
2707 4261 3098 4348 compertum
3136 4263 3363 4336 fuerat,
3389 4261 3777 4346 Capnccinos
3798 4301 3817 4331 ‚
3850 4256 4028 4320 sicuti

2468 4364 2889 4445 Apostolicam
2919 4360 3170 4425 vivendi
3192 4359 3469 4436 formam
3495 4360 3661 4423 adeo
3677 4354 3939 4439 ,egregie
3960 4362 4027 4416 ct

2461 4458 3098 4531 fideliterimitantnr,
3128 4458 3212 4520 ita
3245 4457 3520 4519 omnium
3550 4453 3909 4536 aptissimos
3930 4470 4028 4513 es-

2464 4579 2533 4622 se
2564 4557 2945 4641 Apostol‘icis
2973 4556 3145 4619 hisce
3178 4554 3552 4618 muneribus
3587 4547 3934 4622 obeundis,
3982 4546 4026 4607 ii

2461 4657 2866 4739 potissimum
2909 4656 3070 4717 inter
3110 4647 3801 4738 ceieros·delecti'sunt
3825 4688 3846 4717 ‚
3883 4644 4026 4724 qui-

2465 4756 2581 4819 bus
2610 4756 2670 4818 id
2705 4754 2978 4818 muneris
3006 4752 3534 4816 committeretur,
3577 4751 3725 4810 Cum
3757 4763 3908 4806 vero
3936 4740 4028 4802 ina

2465 4862 2561 4918 ter
2574 4850 2954 4932 capuccinos
2975 4850 3146 4930 ipsos
3169 4866 3410 4912 morum
3435 4843 3818 4926 integritate,
3829 4838 4026 4905 scien-

2461 4950 2689 5014 tiarum
2724 4947 3090 5030 splendore,
3123 4945 3269 5007 ritae
3303 4939 3735 5010 sanctimonia,
3763 4935 4058 5019 prudenu
4091 4999 4102 5014 ι

2469 5049 2590 5113 tiae
2623 5047 2765 5111 luce
2790 5090 2810 5118 ‚
2839 5044 3190 5127 linguarum
3226 5040 3486 5122 peritia,
3516 5034 3863 5118 Religionis
3890 5031 4030 5110 κὶα
4061 5069 4072 5114 ;

2466 5166 2626 5209 umis
2656 5142 2886 5207 Fidelis
2915 5140 3210 5205 omnibus
3238 5138 3580 5206 emineret,
3609 5130 4022 5196 dubitandum

2467 5244 2572 5307 diu
2604 5261 2728 5305 non
2757 5233 2873 5303 tuit
2895 5282 2915 5310 ,
2948 5237 3047 5301 cui
3077 5237 3240 5298 inter
3265 5232 3463 5304 alios,
3496 5239 3786 5311 tanquam
3835 5225 4028 5308 Dnci,

2469 5338 2910 5424 hujuscemodi
2947 5332 3333 5400 Provinciam
3376 5327 3740 5412 Superiores
3784 5319 4032 5387 Ordinis

2470 5437 2937 5503 demandarent.
2979 5463 3016 5488 n.
3785 5433 3802 5446 ‘
