4442 6300
937 515 1046 570 380

752 666 1154 744 prospectum
1180 703 1201 732 ,
1232 658 1315 722 ita
1346 666 1556 722 tamen
1588 663 1657 719 ut
1688 676 1811 721 non
1840 658 2190 741 aequaliter
2214 678 2323 721 ana-

753 764 817 824 te
850 756 1311 841 propenderet,
1346 756 1456 820 sed
1494 754 2024 819 mollibus‘modo
2055 755 2365 821 nexibus·

752 860 1151 936 corrugatum
1187 851 1573 916 allevaretur
1601 874 1635 916 a
1666 852 2016 935 majoribus
2054 852 2327 933 Aligeris

750 950 917 1015 inter
944 950 1100 1015 alios
1132 950 1403 1015 minores
1434 951 1604 1014 varie
1631 951 2013 1034 dispositos,
2060 949 2326 1035 polimy-

752 1067 899 1111 xum
931 1047 1127 1111 altera
1153 1068 1342 1111 mauu
1375 1048 1733 1128 quindecim
1767 1067 2091 1115 cereorum
2112 1045 2335 1130 dupli-

750 1143 806 1215 ci
840 1145 1060 1208 ordine
1090 1144 1570 1209 distributorum
1604 1145 2104 1219 sustinentibus,
2133 1140 2325 1209 modo‘

750 1238 1062 1307 inversam
1097 1244 1551 1324 subsutamque
1584 1241 1707 1305 sibi
1732 1241 2149 1324 posteriorem
2180 1260 2321 1322 par·

750 1345 880 1402 tem
913 1339 1126 1402 aureis
1151 1337 1415 1403 floribus
1473 1357 1877 1419 conspersam
1938 1337 2317 1422 detegeret,

748 1432 839 1499 ita
869 1432 1134 1499 demum
1152 1433 1466 1499 sinuatum
1503 1435 1568 1495 in
1591 1443 1890 1516 utrasque
1922 1453 2176 1506 arcuum
2196 1439 2323 1497 ste-

749 1527 848 1596 las
876 1546 1246 1611 suspensum
1275 1531 1612 1596 desineret.

877 1633 1032 1690 Tota
1085 1626 1297 1707 itaque
1356 1626 1736 1690 nobilissimi
1790 1625 2020 1690 Tbroni
2078 1624 2318 1700 moles,

752 1734 915 1805 qne
943 1723 1004 1785 in
1038 1723 1341 1789 lateribus
1370 1724 1585 1791 debita
1613 1723 2019 1805 proportione
2078 1730 2319 1787 servata

751 1808 1048 1883 humilior
1077 1828 1253 1893 erat,
1285 1831 1538 1885 centum
1572 1830 1637 1884 et
1684 1822 1904 1884 decem
1961 1820 2321 1903 palmorum

750 1915 1204 1981 sublimitatem
1236 1919 1548 2001 aequabat
1575 1912 1641 1978 in
1677 1916 1908 1981 medio.
2071 1930 2084 1939 ·

878 2017 926 2074 A
957 2013 1441 2078 simulacrorum
1474 2015 1553 2078 de
1583 2014 1817 2096 quibus
1872 2013 2105 2091 dictum
2164 2020 2305 2084 est,

754 2107 1090 2193 stylobatis
1119 2111 1414 2192 utrinque
1445 2131 1562 2193 per
1586 2109 1786 2176 latera
1805 2110 1880 2176 ad
1901 2108 2086 2173 tinem
2119 2130 2321 2191 usque

752 2206 1100 2287 primarum
1129 2208 1306 2271 Thoti
1339 2208 1605 2293 pilarum
1646 2228 1841 2292 prope
1902 2204 2322 2271 loculamenta

750 2303 1097 2367 veronicae
1128 2312 1193 2367 et
1223 2306 1400 2369 divae
1429 2303 1708 2369 Helenae
1727 2347 1749 2378 ,
1777 2304 1839 2366 iu
1870 2302 2164 2386 ipsismet
2222 2325 2324 2367 su·

752 2401 1112 2483 perioribus
1142 2401 1599 2489 stylobatarum
1636 2400 1852 2482 spatiis
1903 2409 2105 2464 crates
2163 2400 2323 2464 inci·

753 2495 1013 2581 piebant
1043 2494 1389 2571 inauratae,
1421 2518 1581 2579 quae
1617 2497 1887 2580 ligneam
1917 2497 2184 2560 interius
2214 2516 2324 2560 ex-

749 2600 1017 2659 tructam
1042 2594 1567 2678 contignationem
1597 2593 2106 2658 intercluderent.
2125 2600 2325 2675 Super

753 2711 862 2757 eas
890 2692 1220 2773 parastatis
1278 2692 1586 2757 concinne
1643 2690 1974 2756 intercisas
2028 2691 2321 2757 continua

751 2808 1034 2871 auroque
1070 2790 1376 2853 illustrata
1405 2790 1489 2852 ita
1518 2788 1913 2871 prominebat
1941 2776 2172 2853 corona
2197 2832 2219 2860 ,
2250 2797 2319 2851 ut

756 2907 836 2952 ex
867 2887 1006 2970 ejus
1037 2888 1410 2971 projecturis
1458 2887 1708 2971 fastigia
1765 2887 2088 2969 quaedam·
2127 2886 2326 2950 instar

758 2982 1086 3049 turbinum
1117 2995 1186 3050 et
1215 2994 1471 3049 ornatus
1499 2994 1937 3067 assurgerent,
1971 2985 2323 3069 conchyliis

756 3091 824 3149 at
854 3082 1141 3165 encarpis
1170 3082 1338 3147 inter
1366 3103 1434 3146 se
1486 3083 1803 3166 colligati,
1858 3084 2086 3167 quibus
2144 3083 2325 3149 Tiara

753 3179 1081 3245 Pontificia
1114 3180 1605 3262 decussataeque
1635 3182 1845 3244 claves
1869 3224 1889 3253 ‚
1949 3202 2101 3245 auro
2147 3181 2320 3244 'item

755 3274 1071 3362 fulgentes
1094 3320 1115 3350 ,
1143 3284 1318 3342 erant
1348 3279 1700 3359 impositae.
1731 3284 2103 3360 Perpetuum
2162 3278 2326 3342 simi·

755 3373 902 3437 liter
931 3374 1155 3439 florum
1177 3394 1252 3439 ac
1281 3374 1605 3439 frondium
1627 3376 2051 3440 inauratarum
2084 3387 2323 3444 sertum

757 3491 792 3534 a
821 3470 1095 3554 pilarum
1125 3471 1361 3535 Tbroni
1391 3470 1715 3555 Epistyliis
1747 3470 2006 3536 elabens
2034 3480 2101 3536 et
2130 3492 2322 3553 super

755 3566 954 3650 ipsam
986 3570 1379 3632 continenter
1426 3586 1720 3633 coronam
1782 3587 2155 3650 procurrens
2213 3588 2328 3649 per

759 3672 1082 3729 consertas
1110 3683 1449 3746 puerorum
1486 3682 1704 3730 manus
1734 3665 2197 3746 speciosissimo
2232 3665 2327 3728 lu-

762 3783 832 3826 su
865 3763 1310 3827 traducebatur
1334 3761 1410 3825 ad
1428 3761 1844 3825 coronandam
1866 3762 2327 3844 praegrandem

762 3859 996 3939 peltam
1029 3879 1172 3922 cum
1207 3864 1364 3922 Suae
1395 3857 1759 3920 sanctitatis
1788 3857 2020 3940 Insigni
2073 3857 2135 3920 in
2197 3879 2328 3924 me-

764 3954 874 4020 dio
905 3957 1098 4018 totius
1125 3963 1384 4017 ornatus
1412 3956 1915 4035 prominentem;
1959 3975 2098 4020 cum
2157 3958 2326 4021 enim

766 4050 1054 4134 lapideae
1085 4049 1282 4114 stelae
1303 4094 1324 4124 ,
1355 4070 1517 4132 quae
1553 4050 1873 4134 ingentem
1904 4051 2131 4117 binc'et
2179 4053 2328 4117 inde

762 4147 1213 4228 Hemispbaerii
1246 4147 1550 4211 fornicem
1584 4149 1934 4222 sustinent,
1965 4159 2330 4216 transennas

766 4245 1059 4325 utrinque
1115 4243 1433 4327 appositas
1509 4244 1964 4310 intersecareut
1985 4290 2006 4320 ,
2063 4266 2327 4328 quarum

770 4340 1119 4426 amplitudo
1143 4350 1279 4405 erat
1311 4341 1657 4424 palmorum
1691 4352 1834 4408 octo
1861 4362 2046 4424 supra
2076 4352 2329 4409 centum

771 4448 837 4503 et
867 4438 1273 4521 quadraginta
1298 4480 1321 4511 ,
1343 4437 1874 4520 impedirentque,
1905 4459 1981 4501 ne
2011 4459 2171 4520 pone
2191 4459 2335 4504 con·

770 4536 1033 4617 tignatio
1063 4534 1475 4611 cohaereret,
1505 4555 1691 4617 supra
1740 4544 1944 4600 crates
2003 4535 2091 4598 ibi
2147 4537 2334 4600 etiam

772 4641 1214 4716 procurrentes
1233 4625 1311 4697 ad
1336 4632 1636 4696 unitatem
1669 4640 1921 4696 ornatus
1940 4633 2335 4708 servandam,

773 4731 938 4796 basis
967 4732 1287 4814 subrubro
1315 4729 1529 4793 colore
1552 4773 1572 4802 ,
1602 4729 1665 4791 in
1697 4749 1817 4811 qua
1844 4739 2137 4793 exaratae
2168 4730 2381 4814 lege·

774 4829 1008 4892 bantur
1034 4825 1432 4910 Epigrapbae
1462 4851 1479 4887 z

949 4985 1217 5044 noNoR
1249 4985 1347 5043 ET
1380 4983 1655 5044 GLORIA
1690 4982 2174 5068 lesERMONE
2284 5057 2289 5062 Ι

1035 5083 1230 5178 Echi.
1266 5096 1399 5155 cap.
1435 5083 1493 5139 5.
1524 5093 1682 5140 vers.
1713 5083 1809 5182 ¹5?

1076 5222 1221 5280 lPSI
1252 5219 1537 5279 GLORIA
1566 5220 1644 5279 m
1685 5218 2048 5279 ECCLESIA

1166 5317 1386 5396 Ephss.
1421 5331 1555 5390 cap.
1592 5321 1648 5377 3.
1681 5330 1830 5377 vers.
1864 5317 1970 5376 21.

1876 514 2082 568 ACTA
2121 510 2780 568 ‹zattomzxnoms

2437 657 2612 743 basis
2641 656 2894 739 inquam
2926 654 3177 719 sursum
3200 648 3603 743 elevabatur,
3634 668 3792 733 quae
3821 666 3995 731 prae*

2414 753 2664 819 ‘dictam
2699 754 2984 835 ma'gnam
3015 749 3245 833 peltam
3272 749 3427 832 ipsis
3484 749 3756 813 innixam
3814 745 3997 811 stetis

2435 850 2773 915 attolleret
2804 849 2966 913 Infra
2999 857 3203 913 crates
3232 867 3381 912 vero
3406 847 3626 911 textile
3660 866 3740 909 ex
3790 845 3998 909 dama-

2412 968 2622 1037 ‚sceno
2658 947 2850 1011 rubro
2880 947 3112 1021 taeniis
3142 945 3349 1011 aureis
3402 944 3707 1011 concinne
3772 943 3996 1006 decur-

2400 1094 2405 1101 .
2434 1042 2721 1109 rentibus
2750 1054 2865 1125 per
2892 1050 3145 1107 suturas
3174 1030 3613 1122 dispertitum,
3644 1048 3707 1105 et
3737 1039 3798 1102 in
3828 1057 3998 1103 sum·

2434 1161 2533 1204 ma
2564 1149 2757 1222 parte
2772 1136 2977 1205 serico
3005 1139 3237 1204 villoso
3264 1137 3416 1215 item
3482 1141 3676 1202 rubro
3734 1154 3993 1202 corona-

2431 1243 2562 1300 tum
2594 1238 3020 1303 convestiebat
3051 1237 3325 1318 undique
3356 1234 3635 1319 ligneum
3676 1232 3997 1339 contigua·

2404 1355 2570 1439 ‘rum
2606 1336 3136 1419 contignationum
3165 1335 3496 1416 parietem.

2554 1439 2628 1496 Ut
2660 1453 2808 1497 vero
2838 1452 3247 1516 unaquaeque
3276 1452 3423 1515 pars
3480 1429 3601 1495 toti
3655 1426 4003 1512 responde·

2431 1537 2568 1603 ret,
2595 1529 3033 1612 cederetque
3013 1550 3077 1592 ιιι
3108 1528 3473 1611 ampliorem
3501 1527 3757 1592 Tbeatri
3817 1544 3997 1590 orna·

2433 1635 2611 1699 tum,
2640 1633 2708 1690 et
2745 1627 2808 1688 in
2864 1626 3179 1691 nobilium
3236 1631 3659 1701 Hatronanim
3714 1624 3995 1689 commo‘-

2434 1721 2577 1785 dum
2604 1766 2623 1795 ,
2652 1743 2814 1806 quae
2847 1730 3264 1789 conventurae
3302 1723 3367 1784 in
3424 1720 3755 1785 Basilicam
3816 1725 4001 1781 erant

2432 1840 2509 1882 eo
2539 1820 2681 1895 die3
2710 1820 2773 1883 in
2799 1819 3084 1886 adversis
3108 1818 3227 1901 ipsi
3256 1819 3528 1905 Tbeatro
3559 1814 3998 1889 loculamentis

2433 1927 2561 1980 tam
2595 1919 2720 1982 divi
2753 1921 3060 1990 Andreae,
3091 1938 3277 2000 quam
3308 1917 3504 1981 sancti
3539 1913 3796 1998 Longini
3828 1911 3997 1981 aliae

2433 2026 2828 2097 comparatae
2859 2016 3106 2079 fuerant
3128 2014 3479 2079 eminentes
3498 2008 3999 2093 contignationes
4062 2056 4091 2077 0

2436 2113 2663 2175 eodem
2696 2133 2767 2177 ac
2797 2113 3082 2196 reliquae
3111 2119 3357 2178 ornatu.
3388 2116 3520 2175 Hae
3548 2110 3708 2175 sicut
3736 2117 3802 2172 et
3828 2106 4003 2171 aliae·
4036 2130 4055 2149 r

2434 2210 2606 2290 prius
2637 2219 3203 2285 commemoratae,
3259 2207 3554 2293 congruis
3608 2202 4006 2286 iuter-posius

2434 2305 2756 2390 repagulis
2788 2307 3052 2372 seorsim
3083 2312 3446 2390 separatae,
3495 2304 3584 2368 ita
3628 2300 4007 2367 'sanctitatis

2435 2409 2594 2469 Suae
2617 2404 2799 2487 jussu
2829 2403 3075 2473 fuerant
3106 2400 3479 2473 distributae
3499 2446 3529 2474 ,,
3552 2410 3625 2466 ut
3653 2418 3989 2481 quaespro·

2433 2501 2639 2565 ximae
2669 2500 2841 2565 Solio
2871 2501 3192 2567 Pontificio
3223 2502 3516 2582 utrinque
3546 2506 3748 2589 erant,
3777 2503 3997 2559 Postu·

2435 2597 2746 2663 latoribus
2776 2599 3069 2681 quinque·
3090 2605 3427 2671 Beatos-um
3476 2596 3993 2678 sesignei-cotun

2436 2716 2598 2776 quae
2656 2694 2760 2759 his
2816 2696 3233 2777 adiacebant,
3293 2696 3553 2759 dextera
3612 2690 3994 2768 sinistraque

2432 2792 2687 2857 Theatri
2710 2800 2882 2873 parte
2911 2792 3261 2874 Principum
3288 2791 3650 2856 Oratoribus
3671 2784 4004 2856 darentur,

2434 2889 2579 2953 licet
2610 2891 3050 2954 demandatum
3082 2891 3204 2953 sibi
3259 2910 3485 2953 munus
3540 2908 3619 2952 ex
3680 2882 3993 2949 benevolo

2434 2985 2669 3051 Summi
2702 2986 3021 3051 pontificis
3053 2986 3364 3067 permissu
3388 3028 3409 3058 ,
3452 2982 3732 3047 nondum
3790 2979 3993 3063 palam

2436 3084 2727 3160 obirent3
2761 3084 2913 3147 item
2954 3081 3468 3146 columnensium
3530 3077 3870 3150 Familiae,
3929 3090 4004 3140 ae

2436 3181 2649 3246 Almae
2706 3182 2892 3247 Urbis
2948 3180 3249 3245 senatori.
3309 3185 3569 3244 Decreta
3628 3174 4002 3241 cantoribus

2433 3279 2831 3364 cappellanis
2860 3299 2973 3361 pro
3004 3279 3219 3342 odaeo
3249 3277 3633 3361 contignatio
3660 3316 3680 3348 ,
3712 3293 3874 3357 quae
3931 3270 3998 3333 in

2438 3386 2858 3443 transversum
2891 3382 3195 3443 Prouaum
3226 3375 3527 3457 vergebat
3578 3374 3661 3438 ab
3717 3368 4000 3434 Helenae

2436 3475 2906 3546 loculamentos
2939 3492 3099 3554 quae
3127 3492 3277 3536 vero
3297 3492 3377 3536 ex
3406 3472 3669 3536 adverso
3699 3474 3857 3541 erat,
3882 3471 3998 3530 Ga-

2435 3571 2700 3655 pitulum
2730 3570 3096 3632 Vaticanum
3127 3569 3290 3632 inter
3320 3577 3386 3633 et
3413 3568 3547 3634 Poli
3602 3574 3838 3631 Ducem
3903 3571 4009 3628 Sa·

2437 3670 2523 3735 cri
2558 3666 2828 3749 Hospitii
2855 3666 3223 3748 Magistrum
3256 3664 3461 3728 fuerat
3501 3663 3840 3745 bipartita3
3899 3679 4005 3724 ce·

2436 3775 2604 3833 terae
2637 3764 2898 3831 urbanis
2925 3771 2989 3826 et
3022 3762 3256 3828 exteris
3305 3762 3600 3826 Matronis
3660 3768 3842 3825 erant
3896 3757 4006 3822 de·

2440 3872 3362 4041 8111111,ῑ,’ω;ἰι.ῃει·ἰοι·ἰΙιιιειιιιιιίειιι
3422 3954 3692 4037 lapideis
3749 3961 4006 4017 Proces-

2445 4058 2584 4122 triis
2604 4100 2624 4129 ,
2655 4056 2820 4139 apud
2848 4075 3005 4137 quae
3040 4052 3348 4136 reliquiae
3375 4061 3740 4118 Sanctorum
3772 4050 3835 4112 in
3886 4052 4005 4112 Ba-

2442 4155 2616 4220 silica
2647 4162 2978 4218 servantur
3003 4194 3022 4224 ,
3056 4151 3260 4215 serico
3288 4149 3572 4233 stragulo
3596 4149 3768 4213 varie
3808 4164 4013 4211 orna-

2448 4254 2531 4316 tis
2552 4295 2574 4324 ,
2604 4269 2719 4315 nec
2749 4250 2886 4313 sine
2921 4248 3130 4311 multis
3161 4248 3367 4311 cereis
3392 4291 3413 4322 ,
3444 4256 3518 4311 ut
3566 4245 3855 4328 superius
3914 4242 4008 4308 di·

2448 4357 2615 4416 ctum
2646 4353 2785 4420 est,
2823 4345 3180 4428 pendebant
3210 4345 3509 4407 deorsum
3570 4349 3838 4424 quatuor
3892 4338 4013 4423 alia

2451 4453 2785 4511 Beatorum
2814 4441 3098 4514 vexilla,
3128 4461 3208 4504 ex
3237 4461 3314 4504 eo
3348 4440 3677 4513 nimirum,
3701 4431 3873 4520 quod
3893 4443 4026 4525 Vo-=

2449 4543 2700 4609 ronicae
2761 4537 3100 4606 simulacro
3158 4537 3628 4618 supereminet,
3696 4527 4037 4606 vetillum·-

2452 4640 2621 4705 beati
2655 4635 2898 4700 Camilli
2927 4637 3008 4700 de
3039 4634 3272 4705 Lellis,
3303 4655 3382 4699 ex
3411 4634 3619 4700 alteru
3649 4652 3831 4713 supra
3874 4631 4027 4694 san&

2450 4749 2613 4808 ctam
2644 4735 2985 4805 Helenam,
3023 4733 3195 4796 beati
3227 4732 3388 4796 Petri
3423 4730 3755 4814 Regalati,
3774 4745 3883 4804 ex
3893 4729 4013 4804 spr-

2454 4837 2546 4899 tio
2577 4830 2740 4914 apud
2770 4835 3049 4893 sanctum
3081 4829 3433 4901 Andream,
3464 4827 3632 4890 beati
3684 4815 3951 4908 losepbi
3977 4842 4014 4886 a

2456 4931 2772 5002 Leonissa;
2800 4926 2862 4987 in
2885 4934 3110 5024 quarto
3142 4946 3328 5020 supra
3350 4925 3853 4989 Loculamentum
3881 4938 4016 4985 san·

2454 5031 2537 5093 cti
2568 5023 2871 5108 Longini,
2907 5026 3129 5088 beatae
3159 5013 3522 5086 catharinae
3550 5023 3630 5084 de
3659 5019 3907 5084 Ricciis‘.

2584 5109 2759 5190 Hae&
2780 5129 2845 5186 et
2876 5128 3082 5185 celera
3115 5141 3289 5212 quae
3301 5119 3603 5183 narranda
3624 5117 3856 5206 tarent,
3891 5133 4018 5177 me-

2463 5222 2580 5284 lius
2607 5239 2794 5302 quam
2823 5237 3033 5282 sermo
3057 5195 3354 5316 subjiciet
3371 5214 3573 5278 oculis
3596 5211 3831 5286 tabula,
3856 5230 4021 5293 quae

2464 5316 2747 5398 superius
2777 5311 3063 5398 apposita
3090 5320 3225 5384 est.

2127 5598 2158 5624 ,
2255 5513 2594 5574 FthS.
