4442 6300
945 475 1014 526 5⁴
1906 472 2112 528 ACTA

888 619 1110 683 Edicta
1140 615 1331 701 igitur
1358 615 1461 678 die
1490 614 1933 681 sanctissimus
1957 624 2029 681 D.
2058 622 2131 682 N.
2159 638 2327 683 sum-

760 716 884 797 ptis
911 716 972 777 iu
1001 720 1514 779 Paramentorum
1547 712 1705 777 Aula
1737 715 1946 797 amplo
1976 715 2168 797 pallio
2219 735 2324 778 ru-

766 814 882 875 bro
938 809 1150 893 operis
1207 807 1451 892 phrygii
1480 818 1548 873 et
1597 810 1779 873 mitra
1805 854 1826 883 ,
1857 811 1933 873 ad
1966 811 2186 876 Aulam
2205 818 2322 874 Re·

762 909 927 992 giam
983 906 1242 970 sublimi
1273 907 1338 968 in
1399 905 1560 970 sella
1617 909 2011 990 compositus
2068 915 2323 972 evectus

758 1013 893 1078 est,
923 1008 1117 1067 Cruce
1148 1014 1216 1069 et
1245 1002 1681 1067 Cardinalibus
1709 1006 1789 1068 de
1820 1026 1995 1069 more
2027 1025 2324 1088 praeeun-

761 1102 976 1165 tibus:
1011 1101 1127 1164 Ubi
1156 1100 1398 1164 Solium
1433 1101 1829 1174 conscendit,
1858 1108 1922 1164 et
1956 1100 2326 1165 Eminentia-

758 1198 903 1264 simi
927 1205 1143 1263 Patres
1161 1204 1681 1280 postconsuetam
1707 1199 2149 1263 observantiae
2173 1219 2326 1263 suae

758 1294 1273 1379 significationem
1316 1313 1464 1377 erga
1521 1292 1887 1358 Pontificem
1957 1295 2325 1359 assederunt

756 1392 820 1454 in
851 1392 1160 1457 sedilibus
1178 1391 1258 1455 ab
1287 1401 1553 1472 utroque
1586 1390 1783 1454 latere
1815 1391 1964 1455 Solii
1989 1412 2324 1455 excurren-

760 1490 928 1554 tibus
958 1510 1072 1571 per
1100 1508 1311 1553 aream
1335 1513 1355 1563 3
1378 1487 1682 1552 Dominus
1715 1489 2327 1571 Advocatustilip·

758 1605 874 1667 pus
906 1587 1099 1650 Maria
1127 1583 1427 1649 Pirellius
1458 1592 1628 1648 stans
1656 1583 1823 1646 iuter
1847 1585 2134 1668 Collegas
2175 1607 2327 1650 suos

756 1682 917 1747 hanc
947 1682 1024 1745 ad
1060 1687 1384 1744 Summum
1418 1679 1786 1744 Pontificem
1835 1681 1914 1744 de
1972 1682 2326 1746 Virtutibus

758 1780 1017 1844 eximiis
1044 1783 1117 1842 B.
1149 1777 1410 1862 Josepbi
1438 1799 1473 1842 a
1500 1779 1803 1843 Leonissa
1834 1778 2196 1843 Orationem
2222 1776 2328 1842 ha-

756 1878 914 1943 buit.

897 2198 919 2221 ·
950 2167 1124 2241 Quod
1149 2186 1366 2240 unum,
1386 2171 1642 2231 PATER
1667 2170 2150 2239 naussum,
2173 2166 2321 2231 dee·

756 2275 854 2328 rat
882 2266 1023 2328 Tibi
1051 2266 1130 2329 ad
1160 2264 1428 2347 gloriam
1453 2308 1473 2337 ,
1507 2271 1600 2336 ut,
1632 2271 1967 2347 postquam
1998 2284 2317 2329 sacrorum

755 2361 1107 2427 doctrinam
1140 2361 1398 2443 scriptis
1427 2361 1797 2435 clarissimis
1824 2362 2278 2429 illustravisses
2297 2406 2318 2435 ‚

749 2459 811 2520 in
845 2479 1161 2522 summum
1193 2458 1423 2521 deinde
1458 2478 1666 2521 rerum
1698 2459 2109 2523 humanarum
2141 2458 2318 2522 fasti-

753 2556 926 2639 gium
959 2563 1217 2620 evectus
1238 2598 1258 2627 ,
1289 2554 1535 2635 optimis
1568 2553 1815 2638 legibus
1845 2556 2182 2620 constituta
2223 2576 2321 2620 re·

754 2650 1008 2734 publica
1035 2695 1054 2724 ,
1087 2652 1164 2716 ad
1198 2650 1697 2732 amplificandam
1726 2652 1925 2735 magis
1946 2652 2315 2736 religionem

752 2748 1220 2829 sapientissime
1272 2754 1360 2812 Te
1402 2757 1846 2825 converteres3
1899 2751 2071 2832 quod
2124 2771 2314 2813 unum

750 2845 968 2909 deerat
1000 2848 1164 2908 votis
1196 2844 1471 2917 nostris,
1505 2854 1574 2908 ut
1603 2845 1909 2910 adversus
1955 2848 2308 2911 diuturnam

750 2941 908 3005 banc
939 2950 1298 3023 temporum
1328 2943 1730 3023 asperitatem
1756 2989 1777 3017 ,
1817 2952 2145 3025 postquam
2204 2945 2316 3008 bu-

751 3058 931 3101 mana
965 3039 1175 3102 omnia
1208 3040 1453 3121 experti
1488 3061 1704 3104 sumus
1726 3084 1747 3114 ,
1780 3061 1940 3105 novo
1971 3043 2222 3105 tandem
2275 3063 2311 3107 e

752 3135 939 3201 Caelo
982 3138 1272 3220 quaesito
1334 3138 1654 3222 praesidio
1712 3159 1827 3204 nos
1882 3140 2192 3216 tuereris;
2251 3140 2315 3204 id

749 3243 1030 3315 praestas
1061 3236 1245 3299 nobis
1274 3235 1777 3299 cumulatissime
1802 3279 1824 3308 ,
1857 3238 1962 3317 qui
2011 3259 2130 3321 pro
2185 3245 2319 3303 Tua

751 3333 1119 3396 incredibili
1152 3333 1539 3413 providentia
1570 3336 1649 3396 de
1700 3336 1990 3416 augendo
2049 3355 2311 3400 numero

749 3430 1053 3494 Caelitum
1079 3473 1099 3502 ,
1130 3431 1283 3493 dum
1320 3429 1502 3493 malls
1528 3430 1804 3511 undique
1835 3432 2271 3496 conflictamur
2292 3476 2313 3506 ,

750 3526 1287 3610 opportunissime
1313 3525 1665 3612 decrevisti.
1689 3527 1968 3591 Tertium
1991 3529 2137 3593 heic
2165 3549 2316 3613 ergo

750 3621 918 3687 inter
945 3643 1057 3687 eos
1080 3667 1101 3695 ,
1132 3623 1236 3705 qui
1271 3621 1519 3705 publica
1555 3622 1865 3706 religione
1896 3631 2040 3689 sunt
2096 3645 2318 3690 conse-

744 3720 984 3790 crandi,
1011 3719 1134 3782 divi
1168 3719 1475 3782 Francisci
1509 3719 1705 3782 filium
1741 3720 1883 3781 Tibi
1911 3722 2090 3794 sisto,
2121 3743 2309 3806 quem

750 3836 831 3880 eo
857 3815 1099 3881 bonore
1132 3815 1578 3896 dignissimum
1601 3859 1620 3889 ,
1652 3837 1726 3880 ac
1756 3818 1922 3901 apud
1955 3825 2149 3882 Deum
2200 3820 2316 3883 im·

754 3912 1089 3977 mortalem
1125 3913 1594 3994 deprecatorem
1618 3934 1731 3994 pro
1761 3917 1993 3980 nostris
2016 3917 2314 4000 periculis

752 4009 1257 4091 acceptissimum
1316 4009 1673 4092 judicemus
1738 4030 2001 4078 necesse
2058 4021 2192 4079 est.
2253 4015 2316 4079 Si

751 4126 937 4189 quam
970 4108 1206 4170 etenim
1251 4128 1321 4169 es
1378 4107 1722 4172 admiratus
1784 4109 1847 4171 in
1903 4113 2313 4191 Siqmarinyio

750 4205 1128 4268 asserendae
1161 4205 1489 4288 religionis
1519 4207 1937 4271 constantiam
1960 4251 1980 4282 ‚
2030 4210 2082 4272 si
2142 4211 2311 4292 quod

748 4299 814 4361 in
852 4304 1144 4378 qualato
1170 4300 1534 4383 disciplinae
1560 4303 1898 4366 exactior-is
1916 4304 2215 4377 studium,
2244 4285 2315 4367 iu'

742 4417 941 4460 unum
973 4417 1047 4462 ea
1078 4398 1342 4463 collecta
1369 4399 1593 4466 audies
1620 4403 1953 4477 Josophum
1998 4406 2314 4466 Leonissa·

748 4514 895 4557 num
919 4536 940 4566 ,
971 4494 1051 4562 de
1082 4516 1208 4576 quo
1237 4515 1399 4559 nunc
1425 4516 1547 4578 ego
1577 4497 1861 4562 dicturus
1891 4519 2071 4572 sum;
2130 4501 2311 4583 cujus

749 4594 883 4675 ipsa
917 4592 1092 4660 nullo
1122 4595 1458 4657 verborum
1491 4603 1859 4658 ornamento
1890 4596 2136 4660 exculta
2170 4617 2310 4660 nar-

749 4692 911 4755 ratio
939 4691 1105 4753 vitae
1135 4696 1330 4754 totam
1360 4690 1610 4772 perficit
1637 4691 2066 4757 laudationem
2094 4737 2115 4766 ,
2177 4695 2310 4759 sive

749 4807 996 4852 morum
1030 4773 1694 4851 sanctimoniam'cum
1727 4810 1971 4854 summa
2028 4791 2312 4873 corporis

751 4883 1174 4948 adflictatione
1204 4883 1595 4966 conjunctam
1620 4929 1640 4958 ,
1675 4885 1806 4950 sive
1837 4887 1915 4950 ad
1943 4888 2313 4953 excitandos

748 4986 940 5062 atque
968 4981 1445 5045 inflammandos
1475 4982 1537 5044 in
1596 4969 1727 5045 Dei'
1769 4982 2006 5046 cultum
2067 4984 2309 5050 animos

747 5076 1037 5141 ardorem
1070 5098 1142 5141 ac
1173 5076 1536 5141 firmitatem
1569 5077 1743 5141 nullo
1774 5079 1999 5144 mortis
2025 5080 2312 5161 periculo

746 5183 813 5235 et
839 5174 1231 5239 cruciatuum
1265 5194 1451 5238 sensu
1484 5176 2001 5257 perterrefactam
2023 5220 2043 5249 ,
2077 5180 2211 5241 sive
2243 5177 2308 5240 in

749 5289 828 5332 eo
860 5271 1227 5336 caelestium
1262 5291 1596 5335 munerum
1626 5273 1871 5354 copiam
1923 5273 2114 5358 signis
2170 5293 2313 5355 pro·

2177 471 2835 527 CANONtzA‘noms

2440 617 2882 698 suspiciamus.
2914 621 3072 680 Rem
3097 634 3390 690 omnem,
3421 636 3499 682 ne
3529 624 3654 681 Tua
3684 618 3913 683 abutar
3936 618 4000 680 in

2437 714 2749 779 audiendo
2779 712 3115 794 patientia,
3161 712 3329 777 intra
3387 713 3786 798 praefinitum
3845 715 3999 778 mibi

2436 810 2739 892 temporis
2770 809 3040 891 spatium
3063 853 3085 884 ,
3122 829 3306 892 quam
3337 811 3714 877 brevissime
3743 822 4000 897 potero,

2436 907 2784 970 absolvam.
2826 935 2848 960 ·

2569 1033 2595 1059 .
2634 1003 2987 1068 Illustrium
3015 1004 3330 1079 virorum,
3360 1005 3466 1088 qui
3499 1006 3646 1069 dum
3680 1012 3878 1071 terras
3913 1005 4004 1069 in·

2437 1100 2742 1174 colerent,
2774 1099 3114 1165 caelestem
3148 1102 3654 1183 quandam.vitae
3684 1105 4000 1168 rationem

2439 1198 2845 1262 instituerunt
2869 1241 2889 1270 ,
2921 1197 3019 1262 vel
3055 1198 3190 1281 ipsa
3212 1201 3441 1262 aetatis
3467 1200 3803 1283 primordia
3835 1201 3998 1264 adeo

2437 1294 2648 1359 divino
2679 1295 2955 1376 quodam
3012 1314 3272 1357 munere
3308 1294 3679 1377 plerumque
3713 1297 4004 1362 novimus

2437 1390 2747 1454 claruisse
2771 1433 2790 1463 ,
2822 1397 2891 1452 ut
2921 1390 3000 1454 ad
3033 1410 3219 1472 quam
3270 1392 3520 1455 virtutis
3580 1392 4005 1456 maturitatem

2439 1496 2657 1550 essent
2681 1487 3084 1566 postmodum
3119 1488 3519 1567 perventuri,
3561 1508 3683 1552 non
3712 1488 4000 1553 obscuris

2437 1583 2678 1647 indiciis
2745 1581 3188 1666 significarent.
3247 1585 3425 1658 Quod
3485 1584 3536 1649 si
3597 1606 3868 1668 unquam
3922 1587 4005 1649 ab

2439 1682 2606 1743 omni
2644 1678 2954 1743 memoria
2984 1682 3318 1745 vetustatis
3347 1683 3616 1766 repetita
3649 1704 3860 1746 rerum
3893 1692 4003 1749 ex-

2438 1778 2739 1857 perientia
2772 1777 3043 1842 sciamus
3073 1790 3468 1860 compertum
3503 1779 3735 1850 fuisse,
3773 1780 3832 1841 in
3882 1780 4006 1845 hoc

2438 1874 2517 1935 de
2549 1895 2673 1954 quo
2732 1872 3053 1954 loquimur
3108 1875 3243 1937 viro
3303 1875 3678 1939 beatissimo
3737 1875 3996 1940 omnino

2434 1970 2778 2053 contigisse
2811 1990 2932 2034 non
2963 1971 3428 2053 ambigendum.
3487 1977 3813 2037 Leonissae
3873 1982 4003 2039 ete·

2438 2068 2564 2130 nim
2595 2069 2759 2150 apud
2802 2072 3074 2132 Vestinos
3104 2067 3247 2132 loco
3288 2089 3411 2132 nou
3468 2069 3731 2153 ignobili
3796 2091 3994 2152 quum

2438 2174 2619 2229 natus
2650 2172 2862 2238 esset,
2893 2185 3016 2228 non
3070 2164 3333 2230 defuere
3390 2166 3610 2230 infanti
3670 2168 3955 2251 prodigia
3981 2212 4002 2242 ,

2434 2264 2667 2346 quibus
2695 2284 2728 2326 a
2780 2282 3206 2345 praepropero
3262 2263 3519 2328 interitu
3585 2277 3951 2331 servaretur
3974 2309 3995 2338 ‚

2436 2380 2556 2425 nec
2588 2359 3074 2444 significationes
3104 2359 3351 2442 aliquae
3399 2361 3499 2425 vel
3556 2362 3621 2424 iu
3679 2361 3954 2426 lactente
3978 2405 4000 2436 ,

2434 2479 2596 2540 quae
2627 2457 2870 2522 futurae
2903 2459 3361 2538 temperantiae
3392 2459 3712 2541 specimen
3743 2460 4002 2524 exhibe·

2433 2565 2589 2618 rent.
2634 2586 2655 2611 .

2569 2685 2592 2710 ·
2631 2653 2747 2717 Vix
2775 2660 2988 2719 autem
3019 2652 3306 2735 septenni
3367 2652 3608 2737 major,
3668 2675 3855 2737 quam
3915 2653 3993 2717 de

2430 2772 2509 2816 eo
2539 2753 2748 2816 cuncti
2793 2757 3250 2833 praece-perant
3306 2751 3731 2834 conjecturam
3794 2749 3999 2814 multo

2429 2869 2614 2930 quam
2649 2849 3003 2931 exspectari
3038 2859 3296 2930 posset,
3354 2848 3734 2912 cumulatius
3792 2857 4020 2925 ratam*

2429 2945 2625 3009 fecit:
2660 2951 2811 3011 Nam
2849 2945 3030 3009 statis
3061 2946 3436 3028 quibusdam
3470 2946 3531 3009 in
3578 2966 3804 3009 annum
3849 2945 4000 3008 die·

2427 3043 2547 3107 bus
2571 3053 2826 3126 praeter
2856 3042 3195 3107 frustulum
3232 3042 3411 3125 panis
3458 3043 3538 3105 ab
3597 3041 3766 3106 omni
3823 3041 3993 3106 victu

2428 3145 2827 3221 temperans,
2878 3162 2912 3204 a
2973 3137 3233 3202 ludicris
3295 3138 3549 3203 omnino
3607 3138 3950 3202 abhorrens
3972 3181 3992 3210 ,

2428 3237 2659 3300 exinde
2688 3258 2836 3301 vero
2866 3237 2930 3298 in
2968 3235 3213 3299 deliciis
3245 3236 3484 3300 habens
3515 3235 3846 3318 religionis
3899 3231 3992 3298 of-

2431 3331 2568 3395 ficia
2600 3334 2840 3397 diutius
2887 3331 3219 3403 meditari,
3284 3333 3390 3395 diu
3449 3333 3514 3394 in
3572 3332 3854 3413 Templis
3909 3332 3991 3396 ad

2429 3429 2730 3491 orandum
2763 3429 3168 3498 incumbere,
3200 3435 3262 3490 et
3297 3426 3467 3490 nulla
3498 3428 3698 3492 adbuc
3724 3428 3869 3494 labe
3902 3428 3995 3491 in·

2428 3528 2749 3609 quinatum
2784 3524 3229 3606 corpusculum
3257 3525 3461 3608 flagris
3488 3525 3794 3604 caedere,
3823 3524 3989 3590 baud

2428 3621 2616 3688 facile
2649 3626 2815 3688 dictu
2848 3630 2941 3687 est
2968 3666 2986 3694 ,
3019 3633 3317 3704 quantum
3356 3625 3514 3687 bene
3549 3631 3806 3687 exactae
3843 3643 3988 3705 pue-

2425 3721 2606 3785 ritiae
2637 3721 2888 3785 laudem
2916 3718 3250 3782 laudatiori
3300 3717 3718 3781 cumulaverit
3773 3717 3987 3783 adole-

2428 3819 2666 3882 scentia
2700 3838 2822 3881 non
2852 3817 2929 3880 ad
2966 3816 3181 3900 ludum
3206 3860 3228 3891 ,
3257 3836 3384 3880 non
3425 3816 3505 3880 ad
3556 3816 3770 3899 jocum
3795 3859 3815 3888 ,
3875 3816 3989 3880 sed

2428 3915 2505 3978 ad
2530 3914 2811 3997 graviora
2844 3921 2908 3976 et
2940 3911 3258 3976 severiora
3283 3911 3484 3976 studia
3506 3921 3764 3976 naturae
3786 3911 3985 3993 ipsius

2425 4010 2641 4074 habitu
2674 4031 2865 4093 prope
2898 4010 3117 4073 divino
3148 4009 3525 4092 perductus,
3556 4011 3646 4075 ita
3693 4018 3770 4073 ut
3821 4011 3988 4073 inter

2428 4107 2593 4189 ipsas
2625 4107 2906 4170 lubricae
2941 4106 3163 4171 aetatis
3194 4107 3536 4171 illecebras
3557 4152 3577 4179 ,
3607 4106 3705 4171 vel
3750 4106 3890 4191 ejus
3922 4106 3989 4170 in

2423 4226 2737 4287 pauperes
2771 4204 3127 4287 benignitas
3150 4248 3170 4276 ,
3203 4204 3302 4268 vel
3364 4204 3818 4277 mansuetudo,
3879 4202 3984 4268 vel

2429 4304 2633 4385 pudor
2655 4345 2676 4375 ,
2705 4300 2805 4366 vel
2835 4300 3002 4364 nitor
3026 4300 3259 4386 gratiae
3282 4344 3303 4372 ,
3332 4300 3433 4364 vel
3463 4302 3543 4364 ab
3573 4299 3862 4364 inanibus
3891 4319 3990 4364 re·

2425 4419 2563 4461 rum
2596 4396 2955 4462 mortalium
2991 4395 3352 4460 simulacris
3381 4396 3528 4480 fuga
3568 4405 3758 4479 atque
3818 4395 3988 4460 fasti-

2426 4495 2594 4558 dium
2630 4494 2815 4580 longe
2847 4492 3287 4568 manifestius,
3337 4493 3538 4576 qualis
3590 4502 3985 4576 quantusque

2425 4592 2478 4655 is
2510 4593 2571 4654 in
2603 4602 2915 4674 posterum
2950 4592 3202 4656 futurus
3230 4600 3444 4667 esset,
3486 4593 3871 4676 portendere
3899 4591 3986 4653 vi·

2427 4689 2710 4753 deretur.
2755 4718 2776 4743 ·

2559 4814 2580 4840 ·
2618 4792 2748 4848 Hae
2779 4790 2951 4848 certo
2999 4791 3182 4847 erant
3237 4792 3408 4849 artes
3468 4783 3799 4865 studiaque
3859 4803 3988 4847 om-

2426 4883 2601 4946 nium
2635 4882 3170 4965 praestantissima
3197 4926 3217 4954 ,
3248 4882 3482 4964 quibus
3512 4883 3578 4946 in
3613 4882 3753 4944 dies
3813 4900 3988 4944 orna·

2424 4980 2546 5044 tior
2572 4979 3007 5044 adolescebat.
3041 4983 3128 5040 Ea
3160 4998 3310 5042 vero
3342 4987 3438 5042 est
3466 4976 3712 5042 indoles
3743 4975 3983 5041 littera·

2423 5096 2562 5140 rum
2588 5121 2607 5151 ,
2638 5087 2711 5140 ut
2736 5077 2931 5158 ipsam
2963 5074 3278 5138 interdum
3311 5074 3614 5158 pietatem
3674 5074 3737 5135 in
3800 5092 3982 5154 quam

2420 5173 2811 5242 inciderunt,
2872 5172 3129 5256 egregie
3184 5170 3406 5254 juvent
3483 5168 3936 5252 perficiantque
3963 5193 3984 5239 ς

2423 5272 2699 5353 ideoque
2715 5270 2862 5332 nibil
2888 5267 3171 5353 profecto
3195 5267 3541 5333 mirandum
3566 5275 3687 5337 est,
3715 5265 3766 5328 si
3789 5282 3982 5347 quum

744 5364 1054 5450 digiisque
1087 5367 1456 5434 clarissimis
1489 5366 1786 5434 divinitus
1832 5360 2307 5455 compPobatam
2423 5370 2806 5454 praeclarior
2834 5367 2914 5434 ad
2940 5366 3095 5433 baec
3125 5365 3330 5430 omnia
3381 5363 3757 5431 accessisset
3812 5369 3981 5444 post·
