4442 6300
937 473 1005 524 52
1908 481 2112 533 ACTA

745 632 802 679 ro
840 625 1183 697 perfecerit,
1235 624 1581 682 obla‘arnm
1623 629 1739 686 sibi
1760 644 2038 701 precum,
2085 632 2302 702 quibus

747 736 830 776 ea·
858 727 1056 777 vestra
1076 722 1211 792 fide,
1244 722 1608 799 eloquentia,
1641 731 1698 781 et
1725 728 2016 798 gravitate
2047 727 2304 797 insignis

745 819 907 890 sacta
937 825 1024 873 esr
1053 820 1349 879 accessio..
1379 824 1676 877 rationem
1705 822 1974 881 habebit.
2012 823 2168 881 Mihi
2207 839 2304 880 ve·

751 929 819 970 ro
839 953 858 980 ‚
886 921 954 971 n!
982 915 1090 973 Ιιοι
1117 918 1307 974 animi
1331 919 1429 975 sni
1457 934 1666 977 sensus
1698 920 1871 978 Vobis
1900 924 2307 980 renuntiarem

743 1014 1046 1085 injunxit.
1836 1005 1843 1011 ’

869 1113 1017 1170 Post
1044 1105 1195 1172 haec
1224 1117 1516 1171 consueta
1551 1111 1989 1176 benedictione
2030 1112 2310 1177 dimissis

743 1203 1173 1270 cardinalibus
1204 1206 1490 1270 Pontifex
1534 1208 1671 1272 solo
1700 1209 1969 1274 duorum
2005 1211 2311 1274 Assisten·

747 1301 901 1363 tium
950 1302 1367 1367 Cardinalium
1423 1306 1832 1369 Diaconorum
1887 1309 2184 1372 comitatu
2237 1330 2310 1373 ac

744 1402 1260 1465 Conservatorum
1318 1412 1382 1466 et
1437 1406 1639 1487 Magni
1697 1404 2134 1469 comestabilia
2158 1449 2176 1478 ‚
2235 1427 2306 1472 ac

744 1501 1168 1578 praecedente
1197 1505 1390 1564 crure
1419 1524 1559 1564 cum
1595 1503 2024 1567 familiaribus
2054 1504 2132 1565 ad
2161 1524 2307 1568 con·

740 1596 946 1679 tiguas
967 1598 1321 1661 mansiones
1343 1620 1496 1680 (μιῆς
1520 1601 1864 1683 Principum
1885 1609 2128 1673 vocant,
2141 1603 2307 1684 quod

738 1693 800 1755 in
829 1693 926 1757 his
954 1696 1152 1776 Magni
1189 1696 1499 1775 Principes
1523 1718 1822 1761 eorumve
1846 1705 2143 1763 Oratores
2165 1719 2305 1763 cum

747 1798 999 1854 Romam
1029 1794 1283 1854 veniunt
1312 1795 1388 1856 ad
1438 1795 1860 1859 obedientiam
1914 1795 2310 1876 Apostolicae

745 1889 886 1951 sedi
918 1890 1372 1971 praestandam,
1394 1889 1493 1954 vel
1525 1911 1640 1973 per
1660 1894 1884 1956 Urbem
1916 1902 2311 1956 transeuntes

748 1985 1135 2069 Neapolitani
1170 1994 1534 2073 Pro-Reges,
1559 1996 1624 2052 ut
1650 1989 1970 2055 Clemente
1994 1998 2123 2053 ΧΠ.
2157 1999 2311 2054 Pon-

746 2083 911 2147 tifice
940 2083 1172 2148 factum
1203 2085 1476 2149 vidimus
1504 2131 1522 2155 ,
1570 2086 1959 2168 hospitantur
1981 2131 2000 2158 ‚
2048 2089 2313 2170 pedibus

747 2180 1065 2263 digressus
1096 2182 1289 2245 sacris
1317 2183 1604 2247 vestibus
1636 2183 1722 2246 ibi
1769 2194 1995 2249 exutus
2046 2192 2188 2258 est,
2242 2196 2307 2251 et

751 2298 865 2359 per
913 2279 1384 2345 Pinacotbecam
1437 2281 1498 2343 in
1552 2282 1854 2347 interiora
1904 2283 2314 2365 cubiculafise

745 2376 1002 2456 recepit.

871 2472 1196 2537 Proximae
1234 2483 1412 2537 erant
1443 2475 1929 2556 supplicationes
1961 2496 2202 2540 annuae
2238 2479 2315 2541 ab

749 2580 1020 2651 utroque
1049 2571 1231 2634 Clero
1260 2572 1573 2634 Saeculari
1611 2574 1853 2636 scilicet
1905 2580 1969 2639 et
2020 2576 2313 2659 Regulari

755 2667 1118 2737 habendae.·,
1148 2668 1364 2732 aderat
1393 2670 1558 2732 enim
1590 2670 1715 2754 jam
1751 2671 1883 2735 dies
1912 2680 1980 2735 et
2014 2676 2322 2753 Major-um

754 2769 1170 2835 uranici-nm,
1201 2787 1354 2847 quas
1411 2775 1657 2831 sanctus
1708 2769 2042 2852 Gregorius
2082 2774 2321 2852 primus

749 2868 910 2943 Papa
961 2881 1121 2926 anno
1172 2863 1397 2927 Christi
1446 2872 1588 2929 590.
1636 2867 1718 2929 ob
1768 2866 2189 2947 pestilentiam
2244 2894 2322 2937 eo

753 2970 1030 3042 tempore
1059 2972 1445 3044 grassantem
1495 2962 1812 3045 ampliavit
1860 2966 1955 3030 vel
2003 2967 2320 3043 instituit3

757 3067 829 3121 et
887 3063 1294 3136 Rogationem
1348 3067 1471 3122 sive
1532 3065 1911 3126 Litaniarum
1973 3068 2273 3128 Minomm
2302 3092 2320 3126 s

754 3175 937 3236 quem
968 3175 1203 3218 morem
1234 3158 1462 3221 Triduo
1490 3167 1632 3221 ante
1656 3159 2092 3224 Ascensionem
2119 3165 2324 3225 Domi-

758 3251 819 3311 ni
852 3272 960 3315 eas
1002 3253 1302 3317 recitandi
1332 3274 1365 3315 a
1394 3260 1698 3318 Mamerto
1727 3256 2059 3320 Viennensi
2090 3258 2150 3319 in
2183 3260 2318 3323 Gal-

764 3346 869 3410 liis
899 3349 1205 3430 Episcopo
1224 3351 1490 3431 primum
1526 3350 1906 3423 institutum,
1927 3361 1990 3416 et
2021 3355 2081 3414 in
2111 3356 2326 3420 Eccle-

764 3443 893 3507 siae
935 3466 1081 3508 suae
1110 3446 1560 3512 consuetudine
1589 3448 1667 3510 ab
1714 3468 1794 3511 eo
1835 3445 2148 3529 positum,
2201 3459 2326 3516 Leo

2179 480 2837 537 CANoNtzA'rloNts

2416 631 2631 688 orama
2655 634 2722 688 in
2744 634 3130 707 continqenze
3152 638 3219 693 ai
3238 641 3413 705 tanto,
3433 636 3677 709 bisoano
3701 639 3767 694 ai
3790 650 3986 694 essere

2415 727 2947 787 incessantemente
2974 733 3247 788 assistite
3268 733 3423 791 dalle
3453 729 3751 790 Orazioni
3773 728 3861 791 αι’
3886 731 3991 789 Fe-

2416 824 2539 879 deli
2565 827 2730 882 nella
2766 827 2980 885 Clziesa
3014 827 3355 895 Mimante,
3389 833 3516 886 cosi
3563 831 3619 886 si
3664 830 3870 886 studia
3916 829 3984 886 ai

2418 935 2660 978 eet-care
2690 964 2709 991 ,
2755 940 2783 979 e
2831 927 2898 981 di
2941 927 3226 983 vnerieare
3274 922 3320 983 ι’
3345 928 3517 1000 aiulo
3572 927 3637 983 di
3681 928 3879 984 calidi
3924 929 3998 984 ed

2422 1017 2662 1097 efficaci
2688 1021 3070 1079 intercessori
3109 1024 3269 1083 nella
3323 1022 3673 1095 Trionsante
3700 1061 3714 1076 .
3764 1022 3996 1091 Quindi

2418 1114 2481 1180 ὀ,
2512 1115 2612 1171 che
2644 1118 3158 1188 approfitrandosi
3179 1121 3241 1177 la
3278 1118 3520 1177 Sanlitd
3557 1118 3684 1177 Sua
3715 1119 3865 1178 dell'
3882 1134 3990 1190 op-

2417 1214 2734 1279 portunild
2754 1214 2904 1270 delle
2928 1213 3305 1272 Processioni
3323 1234 3349 1272 e
3371 1215 3690 1286 pubblieho
3718 1216 3994 1288 preyhie·

2423 1322 2485 1365 re
2515 1310 2687 1365 solite
2724 1327 2760 1366 a
2792 1311 2945 1385 farsi
2971 1312 3038 1368 in
3067 1316 3263 1385 questi
3294 1315 3482 1384 tempi
3507 1315 3764 1370 secondo
3810 1313 3853 1369 i·
3880 1327 3996 1371 an·

2421 1405 2753 1463 tichissimo
2783 1417 3048 1466 costuma
3078 1411 3237 1467 della
3269 1410 3521 1476 Cilissa,
3568 1425 3596 1465 e
3644 1412 3992 1468 desidera*

2422 1504 2498 1560 do
2527 1492 2745 1562 inolire
2776 1507 2841 1561 di
2866 1508 3243 1563 aumentarle
3276 1523 3305 1564 e
3333 1505 3713 1578 rinviyorirle
3745 1521 3862 1563 eon
3883 1510 3995 1577 piis

2421 1602 2635 1659 devoto
2669 1618 2696 1659 e
2727 1617 3046 1661 numeroso
3095 1619 3384 1661 coneorso
3428 1604 3522 1660 de·
3555 1603 3795 1672 Feaeli,
3840 1605 3917 1662 da
3963 1623 3992 1661 e

2420 1702 2673 1758 concede
2701 1699 3076 1772 Indulgenza
3104 1704 3168 1760 di
3189 1699 3362 1759 trent'
3380 1705 3533 1758 anni
3556 1704 3627 1756 ecl
3651 1702 3995 1761 aitrettante

2423 1805 2790 1867 quarantene
2822 1813 2860 1854 a
2885 1801 3029 1854 miti
3055 1799 3079 1853 i
3109 1799 3310 1854 Ferieli
3330 1796 3596 1855 dell’uno
3627 1817 3654 1855 e
3682 1799 3996 1858 dell’altro

2423 1892 2616 1958 sesso,
2647 1894 2751 1950 che
2783 1896 2887 1951 nel
2911 1897 3120 1967 yiorno
3155 1897 3313 1954 della
3352 1896 3523 1953 Festa
3554 1897 3615 1951 ai
3659 1895 3716 1953 S.
3772 1894 3983 1952 Marco

2424 1990 2815 2064 Evangelisra
2845 1992 2945 2049 25.
2984 1994 3078 2052 del
3110 2001 3379 2051 correnee
3410 1995 3867 2051 interverranno
3908 1993 3999 2049 di-

2419 2096 2755 2148 eoramente
2790 2091 2918 2148 alla
2958 2090 3379 2157 processione,
3411 2091 3515 2148 che
3560 2104 3668 2163 per
3705 2091 3995 2150 invocare

2423 2188 2678 2244 secondo
2711 2187 2756 2243 il
2782 2188 2963 2244 solito
2995 2202 3107 2243 con
3128 2187 3181 2242 le
3211 2187 3445 2244 Litanie
3471 2185 3780 2259 Maqqiori
3806 2180 4002 2261 l'ajn·

2428 2288 2489 2338 io
2519 2282 2741 2340 Divino
2764 2322 2784 2350 ‚
2830 2302 2858 2343 e
2902 2285 2944 2340 1’
2959 2284 3385 2342 intercessione
3427 2286 3591 2343 della
3625 2285 3993 2342 Beatissimo

2435 2379 2685 2452 Vergine
2718 2399 2746 2438 e
2780 2377 2874 2440 de'
2893 2379 3075 2439 Santi
3100 2383 3154 2439 si
3182 2383 3321 2455 sard
3347 2382 3412 2438 la
3445 2384 3703 2439 matrina
3736 2384 3799 2439 di
3830 2385 3997 2441 detta

2438 2475 2611 2536 Festa
2642 2478 2809 2535 dalla
2842 2478 3058 2536 chiesa
3087 2479 3149 2536 di
3175 2477 3234 2537 S.
3286 2477 3493 2536 Marco
3544 2480 3673 2537 alla
3726 2466 3993 2546 Basilica

2432 2577 2498 2633 di
2525 2574 2583 2634 S.
2623 2575 2824 2633 Pistre
2868 2576 2936 2631 in
2972 2575 3267 2634 Vaticano
3291 2614 3309 2642 ‚
3361 2592 3570 2634 ovvero
3613 2579 3990 2634 visiteranno

2430 2673 2498 2728 in
2527 2674 2685 2730 detto
2714 2673 2929 2746 yiorno
2961 2668 3153 2730 l'nna
3206 2688 3239 2728 o
3288 2671 3337 2730 l’
3356 2674 3514 2731 altra
3554 2675 3707 2730 dello
3753 2676 4000 2744 soprad-

2435 2771 2589 2826 deue
2623 2771 2733 2825 aue
2769 2769 2974 2825 Chieso
2998 2807 3018 2835 ‚
3061 2772 3133 2825 ed
3160 2772 3248 2825 ivi
3284 2769 3693 2842 preyheranno
3744 2768 3868 2827 Sua
3904 2770 4004 2827 Di·

2432 2869 2583 2924 vina
2615 2864 2893 2933 Maesta,
2925 2865 3138 2936 perche
3167 2867 3225 2921 si
3252 2868 3428 2939 deqni
3458 2868 3521 2922 ai
3562 2867 3837 2923 assistere
3886 2882 4004 2921 con

2433 2963 2478 3018 ζ’
2505 2964 2900 3020 abbondanza
2945 2961 3039 3018 ἅθ’
3062 2963 3202 3018 suoi
3227 2962 3380 3018 lumi
3407 2963 3533 3018 alla
3583 2961 3834 3019 sancita·
3879 2961 4006 3039 Sua

2435 3061 2595 3118 nella
2625 3073 2799 3131 qravs
2830 3058 3271 3116 deliberazione
3293 3099 3310 3125 ,
3342 3059 3445 3113 che
3476 3063 3504 3116 ὀ
3528 3075 3645 3130 per
3673 3061 3806 3133 sare
3842 3061 4004 3117 della

2431 3158 2723 3230 prossima
2759 3157 3260 3214 Canonizazionc
3291 3155 3383 3214 ἀρ’
3407 3156 3621 3224 Santi,
3650 3159 3870 3230 perche
3899 3173 4005 3214 vo-

2433 3255 2561 3330 ylia
2580 3268 2810 3325 persua
2831 3254 3072 3326 infinita
3094 3255 3505 3313 misericordia
3530 3256 3795 3326 disporre
3817 3256 3843 3311 i
3867 3272 4009 3311 euo-

2438 3355 2496 3409 ri
2525 3346 2617 3409 dc’
2642 3352 2927 3423 Principi
2959 3352 3254 3410 Cristiani
3280 3355 3361 3408 aa
3386 3368 3507 3409 nna
3533 3354 3753 3410 stabile
3797 3368 3825 3408 e
3866 3364 4009 3410 vera

2433 3465 2608 3520 pace,
2629 3450 2787 3507 della
2815 3450 2991 3520 quale
3022 3450 3089 3503 in
3118 3447 3540 3521 consequcnz'a
3570 3465 3697 3506 non
3725 3451 3850 3507 solo
3882 3465 4009 3507 non

765 3549 1055 3622 Papam.
1086 3545 1205 3607 sub
1233 3544 1433 3607 octavi
1477 3544 1710 3607 saeculi
1753 3544 1945 3607 finem
1990 3546 2053 3607 in
2098 3550 2326 3612 Urbem
2436 3551 2529 3604 sia
2559 3562 2667 3619 per
2692 3548 2963 3604 risentire
2994 3547 3177 3604 alcun
3208 3547 3406 3603 danna
3454 3537 3515 3605 la
3562 3554 3771 3606 nostra
3817 3554 4002 3604 santa

763 3638 1045 3702 horribili
1066 3649 1446 3705 terraemotu
1466 3662 1830 3706 concussam
1854 3645 2150 3708 traduxit.
2168 3652 2323 3710 Tum
2443 3645 2749 3717 Reliqione
2767 3684 2786 3710 ‚
2818 3658 2917 3701 ma
2941 3643 3121 3716 peril
3147 3646 3454 3702 conrrario
3484 3647 3575 3702 sia
3600 3660 3714 3717 per
3743 3648 4006 3702 ricever·

778 3735 1067 3800 Pontifex
1100 3780 1120 3810 ‚
1168 3746 1238 3798 ut
1286 3758 1424 3801 cum
1472 3738 1925 3804 Ecclesiasticis
1973 3741 2138 3805 Viris
2184 3764 2329 3807 suas
2440 3758 2512 3799 ne
2544 3744 2754 3800 ristoro
2787 3757 2814 3799 ο
2841 3742 3204 3815 vanra99i03
3236 3757 3263 3798 e
3292 3744 3360 3798 in
3386 3742 3499 3815 fine
3526 3742 3738 3813 perche
3770 3742 3824 3799 si
3853 3754 4009 3799 eom-

767 3853 1017 3916 quoque
1036 3834 1307 3916 Populus
1326 3834 1727 3919 conjungeret
1746 3857 1967 3919 preces
1989 3839 2326 3903 adveniam
2437 3840 2684 3909 piaccia
2713 3839 2775 3895 di
2804 3840 3156 3910 riquardare
3190 3853 3304 3896 con
3336 3838 3544 3895 occhio
3589 3839 3653 3894 di
3694 3839 4005 3897 clemenza

767 3929 1139 4012 petendam,
1170 3930 1679 4014 exurendamque
1710 3941 1934 3998 Parem
1982 3942 2121 4015 post
2172 3935 2327 3998 belli
2443 3944 2591 3995 tutte
2637 3937 2688 3993 le
2721 3936 2878 3992 altre
2907 3936 3174 4007 presenti
3214 3936 3510 3994 necessita
3552 3935 3715 3993 della
3758 3935 4011 4007 chiesa,

769 4036 894 4090 tam
927 4029 1206 4092 diuturni
1246 4029 1676 4106 calamitatem
1722 4053 1846 4115 quo
1896 4032 2108 4116 peragi
2141 4037 2334 4096 Cano·
2446 4051 2473 4092 e
2507 4036 2572 4091 di
2603 4037 2748 4091 aare
2781 4048 2820 4090 a
2852 4031 2976 4089 Sua
3026 4032 3410 4091 Beatitndine
3458 4028 3640 4105 quell’
3658 4030 4000 4105 Apostolico

765 4125 1092 4189 nizationis
1133 4128 1450 4210 negotium
1495 4149 1692 4193 vacuo
1745 4136 1837 4194 tot
1886 4130 2059 4194 curis
2117 4131 2332 4195 animo
2443 4133 2662 4202 spirito
2694 4132 2797 4189 cho
2827 4131 2915 4203 912·
2945 4133 2973 4188 i
3006 4133 3345 4188 necessario
3373 4144 3485 4201 per
3506 4131 3617 4188 ben
3643 4132 4012 4203 governor-la

783 4232 997 4306 pessel
1027 4266 1047 4295 ‚
1078 4223 1430 4303 peculiares
1458 4224 1881 4308 Indulgentiae
1910 4247 2022 4309 per
2062 4226 2127 4290 id
2170 4234 2333 4290 tem·
2442 4231 2509 4288 in
2540 4232 2724 4300 tempi
2752 4234 2803 4288 si
2833 4229 3078 4304 difficili
3106 4248 3133 4288 e
3161 4228 3526 4304 calamitosi.

772 4337 887 4402 pus
915 4320 1154 4384 addidit
1182 4320 1300 4386 hoc
1332 4321 1552 4386 Edicto
1581 4324 1927 4406 proposito.
2264 4334 2270 4339 '
2568 4327 2938 4387 Similmente
2970 4328 3224 4386 concede
3253 4326 3379 4385 Sua
3396 4324 3639 4384 Samira
3665 4324 3729 4382 la
3761 4327 4011 4383 merissi-

2445 4442 2544 4485 ma
2580 4424 2954 4496 rnauzqenza
2984 4439 3022 4481 a
3052 4424 3272 4497 quelli,
3305 4426 3407 4480 che
3433 4438 3581 4495 pure
3609 4425 4012 4481 inter-verran—

777 4519 872 4576 Fr.
920 4521 1070 4580 GlO.
1111 4519 1454 4580 ANTONIO
1484 4515 1586 4581 del
1616 4517 1820 4582 Tilolo
1867 4517 1967 4581 de’
1991 4524 2088 4581 SS.
2144 4519 2339 4583 Silve·
2450 4540 2528 4582 no
2552 4527 2948 4581 divotamente
2981 4537 3018 4578 a
3050 4522 3455 4594 qualsivoqlia
3486 4523 3632 4579 delle
3655 4529 3740 4579 tre
3771 4520 4013 4579 Proces-

858 4621 991 4674 stro
1013 4631 1050 4674 e
1080 4612 1345 4675 Martino
1371 4618 1431 4677 a’
1453 4613 1645 4678 Menti
1666 4612 1836 4677 della
1867 4620 1925 4677 S.
1959 4622 2026 4677 R.
2059 4618 2123 4676 C.
2157 4623 2337 4680 Prete
2449 4623 2617 4680 sioni
2645 4623 2802 4677 dene
2836 4620 2986 4676 delle
3027 4619 3367 4688 Roqazioni
3393 4622 3469 4676 da
3514 4622 3667 4695 farsi
3709 4621 4014 4695 conforme

859 4708 1143 4772 cardinal
1175 4711 1492 4794 Guadagni
1521 4710 1691 4776 della
1720 4711 1952 4775 Santitd
2000 4712 2064 4775 di
2115 4718 2341 4777 Nostro
2452 4720 2501 4776 il
2531 4719 2709 4777 solito
2738 4719 2843 4773 nei
2874 4724 2958 4774 tre
2992 4718 3194 4789 qiorni
3211 4718 3757 4776 immediatamenre
3784 4724 4021 4775 antece-

865 4806 1121 4889 Signore
1152 4808 1397 4872 vicario
1427 4809 1728 4873 Generale
1758 4817 1878 4872 etc.
2454 4816 2618 4875 denti
2642 4816 2770 4874 alla
2799 4814 3099 4871 solennizet
3129 4814 3268 4870 dcll’
3285 4809 3644 4870 Ascensione
3678 4814 3774 4869 ael
3806 4811 4019 4885 Siyno·

2454 4926 2549 4982 re,
2576 4914 2700 4970 cio&
2729 4914 2792 4969 la
2819 4914 3019 4983 prima
3050 4911 3145 4967 nel
3177 4909 3409 4968 Lnneai
3441 4910 3540 4967 16.
3586 4910 3679 4965 del
3720 4911 4017 4979 prossimo

845 5017 853 5024 ‘
915 5010 1000 5069 La
1029 5009 1270 5069 Santila
1301 5011 1366 5068 di
1393 5007 1453 5067 N
1457 5018 1612 5069 ostro
1644 5008 1886 5083 Siynore
1910 5011 2341 5068 considerando
2458 5023 2611 5066 mese
2644 5010 2706 5065 ai
2735 5008 2979 5082 Mayyio
3001 5010 3081 5065 da
3105 5004 3163 5064 S.
3188 5006 3446 5064 Adriano
3471 5021 3508 5063 a
3530 5004 3590 5064 S.
3619 5003 3821 5064 Maria
3846 5005 4020 5078 May·

787 5123 901 5169 con
926 5123 1034 5167 suo
1066 5115 1318 5167 estremo
1348 5110 1556 5167 dolore
1588 5111 1642 5167 le
1673 5111 2017 5182 aravissime
2048 5110 2344 5182 sciaynm
2456 5108 2619 5179 aiore
2640 5146 2660 5174 ,
2688 5108 2754 5165 la
2791 5107 3053 5163 soconda
3078 5105 3181 5162 nel
3215 5102 3471 5162 Martedi
3498 5109 3772 5174 sequente
3823 5105 3903 5161 da
3957 5101 4018 5160 S.

785 5208 882 5281 fra
909 5210 963 5265 le
995 5209 1169 5281 quali
1194 5210 1274 5265 da
1301 5212 1355 5265 si
1386 5207 1568 5281 lungo
1598 5215 1797 5278 tempo
1826 5210 1885 5265 si
1903 5216 2084 5265 treva
2114 5207 2347 5264 involta
2466 5203 2667 5263 Maria
2697 5201 2912 5260 Nuova
2943 5217 2984 5259 a
3033 5200 3093 5259 S.
3150 5198 3451 5259 Giovanni
3501 5200 3803 5256 Laterano
3822 5236 3843 5264 .,
3890 5216 3918 5254 e
3958 5198 4023 5257 Ia

786 5307 1072 5382 famina
1103 5308 1464 5365 cristianild
1484 5347 1505 5376 ‚
1547 5306 1821 5365 massime
1864 5318 1982 5378 per
2020 5307 2085 5363 la
2127 5306 2349 5362 discor·
2462 5311 2629 5357 eerza
2658 5299 2758 5356 nel
2790 5297 3108 5357 Meu-eoladi
3148 5295 3243 5353 ¹8.
3272 5299 3430 5355 deno
3461 5298 3539 5354 da
3575 5295 3633 5353 S.
3662 5295 3925 5352 Lorenzo
3954 5294 4024 5350 in

789 5409 892 5465 aia
920 5409 1017 5482 fra
1049 5406 1323 5481 Principe·
1351 5406 1672 5472 cristiani3
1704 5408 1957 5463 siccome
1990 5418 2211 5476 sentpre
2234 5403 2346 5476 pin
2465 5399 2719 5456 Damaso
2753 5410 2789 5453 a
2819 5394 2877 5454 S.
2916 5393 3120 5452 Pietro
3150 5394 3217 5449 in
3261 5392 3550 5453 Vaticano
3574 5431 3595 5459 ‚
3637 5405 3849 5451 ovvero
3879 5392 4028 5450 visi·
4091 5459 4096 5466 .
