4442 6300
1539 461 1888 533 qumque
1925 459 2397 518 sancroems
2416 458 2602 515 «erc.
3383 456 3491 515 ass

451 627 785 695 scoparum
808 650 829 679 ,
860 614 925 697 ut
955 604 1490 690 episcopm-unta
1517 611 1798 675 Romana
1819 605 2009 672 canta
2120 603 2406 689 quintum
2438 601 2664 667 aetatis
2698 600 2966 668 lustrum
3018 622 3338 689 egressam
3390 601 3675 667 unanimi

452 712 971 792 congregatorum
1000 701 1264 778 consilio
1290 709 1356 766 et
1383 721 1684 776 assensu,
1739 701 2011 768 anctori-
2120 719 2438 766 consensu
2467 697 2660 764 totius
2680 700 3048 767 nonasterii
3087 700 3568 766 moderatricem
3614 719 3684 764 e·

456 814 586 883 tate
615 798 969 885 Apostolica
1001 819 1203 882 nuper
1261 798 1619 865 definiendo
1675 799 2018 865 declaravi·
2126 795 2436 879 legerint3
2456 794 2648 877 idque
2665 790 2890 861 munus
2912 797 3210 879 deinceps
3228 796 3468 869 eidem,
3491 812 3685 877 quan-

427 922 641 973 mua,
671 898 1106 970 decrevimus,
1134 905 1322 978 atque
1353 897 1705 962 statuimus.
2128 893 2359 959 tumvis
2389 893 2646 966 invitae,
2665 902 2857 976 atque
2884 894 3220 959 obediendi
3242 894 3470 977 magis,
3499 909 3688 974 quam

335 1019 390 1081 A
585 993 930 1061 Florentiae
957 993 1308 1059 clarissima
1339 992 1548 1056 ltaliae
1575 993 1741 1057 Urbe
1790 1009 1870 1056 ex
1897 994 2019 1055 No-
2127 990 2480 1074 imperandi
2503 989 2765 1072 cupidae
2784 991 2860 1055 ad
2884 1011 3079 1055 annos
3100 989 3508 1074 quadraginta
3529 987 3690 1053 duos

457 1094 577 1160 bili
608 1090 866 1157 Familia
894 1090 972 1155 de
1004 1090 1239 1154 Ricciis
1265 1109 1431 1157 anno
1455 1095 1755 1155 unxxu.
1810 1098 2015 1154 ortum
2131 1088 2196 1150 in
2229 1107 2480 1153 omnem
2522 1088 2762 1155 scilicet
2779 1088 2974 1171 ipsius
2989 1088 3179 1153 vitam
3204 1084 3688 1171 prorogaverint.

457 1189 678 1255 babuit
704 1184 1081 1262 flatbarioa,
1108 1205 1292 1269 quam
1325 1191 1625 1251 Parentes
1654 1184 1716 1248 in
1774 1185 2015 1267 Baptis-
2129 1184 2294 1250 Nihil
2327 1184 2501 1249 enim
2535 1185 2598 1248 in
2625 1203 2705 1250 ea
2739 1184 3222 1249 desiderandum
3259 1182 3379 1249 sibi
3409 1202 3552 1248 esse
3600 1181 3694 1245 in·

462 1293 631 1381 mate
689 1284 1104 1353 Alexandrum
1163 1290 1616 1365 nuncuparunt.
1687 1289 1884 1348 Porro
1938 1282 2019 1347 ad
2140 1279 2561 1365 telligebant,
2594 1281 2728 1345 sive
2758 1281 2835 1346 ad
2864 1281 3303 1346 rectitudinem
3336 1287 3521 1362 atque
3547 1298 3696 1361 pru·

460 1403 643 1465 quam
673 1381 993 1446 excelsum
1025 1379 1382 1445 sanctitatis
1408 1379 1646 1462 apicem
1698 1387 2024 1463 provectu·
2141 1377 2469 1451 dentiam,
2502 1376 2633 1441 sive
2662 1378 2741 1441 ad
2794 1377 3177 1462 vigilantiam
3240 1385 3306 1440 et
3360 1370 3701 1442 solicitudi-

461 1497 572 1544 rus
597 1498 737 1543 eam
767 1485 936 1542 esset
961 1477 1358 1559 omnipotens
1385 1482 1589 1551 Deus,
1610 1477 1742 1542 cito
1767 1477 2024 1541 demon·
2143 1492 2331 1548 nem,
2360 1475 2492 1538 sive
2522 1476 2601 1538 ad
2636 1473 2998 1539 charitatem
3027 1481 3093 1540 et
3125 1473 3524 1544 comitatem,
3563 1472 3699 1538 sive

464 1574 683 1651 stravit
710 1570 1178 1656 praeveniendo
1220 1571 1395 1637 illam
1451 1573 1519 1635 in
1576 1572 2028 1638 benedictioni·
2137 1571 2219 1639 ad
2252 1571 2583 1655 religionis
2614 1581 2680 1635 et
2709 1571 2966 1652 pietatis
3021 1569 3328 1636 fovendae
3384 1568 3653 1635 studium
3675 1610 3700 1644 ,

470 1672 591 1736 bus
623 1669 1016 1744 dulcedinis,
1043 1676 1115 1735 ut
1143 1690 1335 1751 quum
1368 1670 1450 1734 ab
1479 1669 1624 1752 ipsa
1647 1668 1879 1751 puerili
1923 1688 2029 1734 ae·
2145 1672 2284 1737 sive
2317 1671 2394 1734 ad
2427 1668 2818 1753 exemplum.
2849 1668 3026 1732 Illam
3054 1668 3178 1732 sibi
3235 1670 3459 1732 ducem
3513 1674 3702 1749 atque

470 1775 598 1834 tate
630 1766 1011 1832 sublimibus
1042 1766 1269 1832 mentis
1293 1766 1821 1833 illustrationibus
1838 1777 2029 1848 atque
2152 1758 2569 1832 hortatricem
2598 1766 2676 1831 ad
2708 1765 3019 1848 spiritales
3044 1763 3366 1846 profectus
3385 1808 3406 1838 ‚
3436 1762 3611 1828 illam
3641 1764 3706 1827 in

471 1864 782 1928 ineffabili
813 1863 1027 1929 cordis
1057 1862 1360 1939 suavitate
1390 1864 1455 1926 in
1498 1874 1751 1931 sanctae
1807 1865 2036 1930 oratio·
2152 1867 2318 1930 omni
2354 1860 2569 1929 officio
2596 1864 2957 1949 magistram
2985 1907 3007 1938 ,
3032 1862 3095 1923 in
3122 1862 3301 1926 omni
3351 1881 3561 1926 rerum
3618 1857 3710 1925 vi·

473 1961 574 2047 pis
602 1962 908 2027 exercitio
940 1970 1132 2044 atque
1161 1960 1226 2024 in
1256 1962 1489 2026 ceteris
1514 1961 1766 2043 pietatis
1809 1960 2037 2027 officiis
2153 1961 2525 2028 cissitudine
2564 1967 2829 2025 matrem
2884 1957 3375 2024 amantissimam
3429 1958 3717 2042 experie-

474 2058 862 2140 exequendis
895 2056 1264 2141 frequenter
1291 2057 1607 2140 completa
1632 2057 1857 2133 suerit,
1900 2056 2032 2140 jam
2158 2061 2393 2125 bantur
2414 2100 2435 2132 ,
2467 2057 2778 2141 plenoque
2809 2056 3115 2139 obsequio
3142 2055 3433 2122 colebant
3451 2100 3473 2131 ‚
3499 2063 3563 2121 et
3589 2055 3716 2121 sin·

474 2161 621 2219 tunc
650 2155 965 2219 mundana
995 2154 1218 2238 gaudia
1246 2154 1612 2237 despicere,
1642 2161 1709 2217 et
1761 2155 1842 2219 ad
1901 2174 2041 2220 cae-

477 2250 661 2317 lestia
694 2271 775 2316 ex
807 2251 1022 2317 animo
1045 2251 1368 2334 adspirare
1395 2252 1760 2319 assueverit.
1820 2258 2040 2335 ltaque

477 2370 667 2431 quum
702 2348 777 2411 ad
812 2348 1149 2413 firmiorem
1183 2355 1457 2414 aetatem
1486 2349 1928 2431 pervenisset,
1976 2356 2041 2415 et

475 2445 833 2513 claustralis
852 2446 1021 2512 vitae
1054 2446 1238 2519 bona,
1269 2445 1331 2508 in
1362 2446 1745 2511 monasterio
1773 2447 2038 2530 primum

478 2548 538 2608 S.
568 2542 737 2606 Petri
769 2562 807 2606 e
835 2538 1196 2606 Monticulis
1222 2561 1421 2624 prope
1452 2541 1835 2606 Florentiam
1860 2584 1883 2616 ,
1905 2551 2041 2606 tum

479 2626 542 2703 in
573 2634 701 2705 alio
731 2644 788 2704 S.
818 2637 1140 2704 vincentii
1168 2636 1233 2700 iu
1264 2639 1533 2706 civitate
1558 2639 1837 2704 Pratensi
1869 2658 2043 2721 prae-

481 2743 790 2823 gustasset
813 2762 836 2814 3
861 2734 1093 2799 frustra
1121 2733 1354 2799 deinde
1413 2743 1597 2801 Pater
1654 2734 2038 2800 secularium

484 2833 836 2917 nuptiarum
868 2831 1266 2912 splendorem
1297 2840 1365 2895 et
1392 2828 1725 2896 commoda
1754 2830 1881 2913 ipsi
1904 2850 2044 2914 pro-

480 2931 730 3017 posuit3
761 2928 1008 3011 quaein
1040 2925 1302 3017 odorem
1332 2927 1628 2993 caelestis
1657 2928 1882 3010 sponsi
1907 2946 2047 2992 cur·

490 3048 636 3093 rens
664 3042 983 3108 nunquam
1013 3025 1276 3108 quievit,
1305 3024 1508 3090 donec
1535 3026 1597 3089 ei
1619 3024 1876 3089 tandem
1905 3040 2044 3106 per·

481 3124 738 3189 missum
772 3122 888 3187 fuit
917 3122 994 3186 ad
1025 3120 1322 3205 praedicti
1349 3122 1661 3188 pratensis
1677 3121 2040 3188 nonasterii

390 3197 442 3258 Β
486 3221 892 3288 solitudinem
925 3219 1301 3296 convolare,
1328 3219 1549 3302 ibique
1575 3227 1708 3285 Deo
1751 3221 1872 3285 sub
1925 3226 2047 3290 Ro-

481 3319 626 3405 gula
652 3317 845 3384 sancti
877 3316 1181 3383 Dominici
1210 3326 1516 3401 perpetuo
1545 3336 1615 3382 se
1644 3317 1958 3383 addicere.

610 3414 973 3500 Angelicam
1004 3413 1254 3480 vivendi
1282 3414 1596 3479 rationem
1626 3415 1840 3479 statim
1868 3434 1904 3478 a
1947 3413 2049 3482 '1⁸5ae

485 3511 722 3577 rocinio
750 3531 973 3576 exorsa
992 3554 1015 3587 ‚
1046 3530 1235 3592 quum
1269 3529 1339 3575 se
1394 3509 1458 3573 in
1487 3505 1687 3576 ‘omn‘i
1745 3512 2045 3577 virtutum

480 3628 710 3693 genere
739 3608 1067 3672 universae
1082 3605 1372 3672 societati
1392 3626 1774 3690 magnopere
1792 3611 2047 3691 probas·

484 3714 627 3780 set,
655 3725 903 3786 summo
932 3712 1227 3769 Sororum
1258 3703 1472 3769 studio
1529 3704 1609 3769 ad
1661 3704 2050 3789 Religiosam

483 3803 945 3868 Professionem
1005 3800 1284 3867 admissa
1343 3801 1461 3866 fuit
1483 3847 1505 3878 ,
1563 3803 1846 3884 quamvis
1908 3802 2047 3885 ipsa

483 3918 635 3983 prae
661 3899 853 3963 animi
887 3898 1272 3964 demissione
1320 3899 1726 3984 rejiciendam
1783 3920 1853 3965 se
1904 3899 2045 3968 fore

487 3995 977 4080 pertimesceret.
1008 3995 1471 4062 Perfectissima
1515 3994 1632 4061 fuit
1681 3996 2046 4063 catharinae

487 4173 796 4275 probata3
819 4189 1297 4255 absolutissima
1329 4190 1654 4273 Regularis
1677 4190 2048 4304 disciplipee

486 4287 812 4374 custodia·
791 4331 813 4361 ,
846 4286 1119 4352 alacris
1101 4308 1165 4350 ιιι
1194 4287 1459 4370 abiectis
1486 4288 1846 4369 quibusque
1871 4288 2048 4352 mini·

490 4383 696 4448 ateriis
750 4383 1057 4478 obeupdis
1131 4384 1599 4472 promptitudo3
1652 4385 2047 4453 admirabilis

485 4481 795 4546 modestia
825 4490 1017 4562 atque
1045 4481 1126 4544 ab
1162 4482 1334 4546 omni
1352 4501 1421 4546 re
1443 4524 1465 4554 ,
1502 4502 1662 4565 quae
1690 4483 1889 4566 ipsius
1918 4484 2048 4546 ani·

487 4596 630 4641 mae
659 4577 993 4659 puritatem
1023 4596 1282 4659 quoquo
1311 4577 1501 4642 modo
1547 4575 1886 4646 obfuscare
1940 4584 2049 4645 aut

487 4673 864 4739 obnubilare
894 4683 1153 4757 posset,
1188 4693 1432 4739 summa
1457 4673 1743 4748 aversios
1800 4675 2048 4744 assidua

488 4791 640 4836 vero
669 4765 817 4835 uilio
845 4791 989 4836 cum
1022 4775 1192 4844 Deo,
1229 4770 1306 4835 ad
1336 4770 1517 4854 cujus
1561 4770 1860 4836 bonorem
1915 4793 2049 4837 om-

486 4868 587 4932 nia
621 4887 732 4933 sua
765 4867 930 4942 dicta
959 4875 1021 4930 et
1051 4864 1214 4932 facta
1241 4867 1515 4934 fideliter
1538 4867 1875 4951 dirigebat.

2162 2175 2319 2222 cero
2346 2154 2581 2219 amoris
2641 2155 2869 2218 affectu
2926 2152 3525 2237 complectebantur.
3578 2159 3721 2234 Ipsa

2158 2273 2317 2318 vero
2343 2252 2468 2317 ad
2451 2270 2810 2315 innumeras
2836 2270 3052 2324 curas,
3083 2269 3241 2332 quas
3268 2270 3383 2335 pro
3429 2250 3721 2314 commia-

2171 2369 2248 2415 so
2288 2348 2411 2415 sibi
2443 2349 2749 2433 regimine
2780 2348 3080 2432 gerebat,
3106 2347 3223 2412 boc
3267 2348 3454 2413 etiam
3510 2344 3719 2413 solici-

2166 2446 2401 2513 tudinis
2426 2445 2698 2510 addebat
2725 2463 2961 2529 genus,
2988 2452 3058 2508 ut
3112 2443 3537 2528 abjectissima
3590 2461 3720 2510 ma·

2171 2545 2395 2631 gisque
2426 2542 2736 2608 laboriosa
2767 2541 3114 2607 ministeria
3145 2542 3265 2606 sibi
3297 2540 3719 2616 reservando,

2170 2662 2371 2725 eaque
2398 2641 2791 2707 continenter
2814 2641 3206 2714 exercendo,
3237 2638 3588 2724 impositam
3635 2636 3720 2703 si·

2174 2740 2241 2804 bi
2272 2738 2660 2804 auctoritatis
2682 2748 2747 2804 et
2767 2738 3058 2803 elationis
3074 2738 3349 2820 speciem
3371 2737 3580 2827 aliqua
3600 2734 3721 2800 sal·

2170 2844 2299 2902 tem
2326 2836 2566 2903 ratione
2587 2844 2948 2902 extenuaret
2973 2862 2994 2912 3
3021 2834 3338 2917 simulque
3359 2843 3425 2897 ut
3444 2834 3719 2899 animum

2171 2952 2353 2998 suum
2378 2975 2400 3006 ,
2428 2931 2864 3014 multiplicatis
2891 2943 3081 3014 atque
3109 2930 3440 3013 protractis
3495 2930 3723 2995 oratio·

2153 3030 2217 3093 ni
2251 3052 2283 3095 s
2309 3024 2743 3109 temporibus,
2774 3028 3009 3092 arctius
3035 3047 3176 3092 cum
3207 3034 3337 3092 Deo
3392 3026 3726 3112 conjunge·
3830 3092 3843 3105 ,

2165 3134 2310 3201 ret,
2336 3146 2418 3192 ne
2438 3126 2613 3191 forte
2661 3124 2830 3192 inter
2879 3124 3269 3190 avocantium
3326 3124 3724 3209 negotiorum

2177 3225 2619 3308 occupationes
2647 3223 2895 3287 divinae
2920 3220 3237 3287 charitatis
3261 3221 3419 3307 ignis
3474 3222 3538 3285 in
3585 3219 3724 3306 ejus

2156 3322 2295 3388 sinu
2324 3326 2697 3405 tepesceret.

2284 3425 2413 3494 Qua
2441 3439 2479 3483 e
2507 3439 2658 3484 sane
2688 3418 2754 3481 in
2786 3438 2856 3482 re
2882 3418 3049 3484 votis
3072 3419 3206 3482 suis
3260 3415 3543 3483 fraudata
3597 3434 3724 3483 non
3765 3435 3817 3496 n

2181 3520 2283 3580 est
2311 3515 2596 3597 piissima
2624 3514 2860 3599 Virgo‘3
2888 3514 2998 3579 sed
3027 3534 3141 3597 per
3167 3514 3263 3579 sui
3321 3513 3526 3596 ipsius
3578 3534 3724 3578 con·

2179 3620 2481 3692 temptum
2512 3612 2577 3673 in
2606 3610 2717 3675 Dei
2743 3630 2959 3676 amore
2986 3610 3267 3692 quotidie
3294 3628 3605 3680 crescens,
3633 3615 3725 3683 at·

2172 3727 2298 3791 que
2329 3727 2411 3772 ex
2434 3707 2555 3773 boc
2578 3708 2797 3790 ipsein
2820 3708 2914 3771 sui
2934 3707 3344 3791 abnegatione
3368 3707 3565 3791 magis
3585 3725 3727 3789 pro·

2165 3803 2396 3868 ficiens
2418 3847 2439 3875 .
2469 3803 2552 3869 ad
2580 3824 2715 3868 eam
2750 3802 2923 3868 brevi
2949 3802 3233 3885 pervenit
3257 3802 3725 3867 christianarum

2172 3901 2472 3966 virtutum
2502 3898 2959 3983 perfectionem
2980 3943 3002 3974 ‚
3034 3918 3221 3982 quam
3249 3919 3363 3983 per
3411 3898 3727 3985 legitimas

2182 3995 2702 4081 plenissimasque
2729 3997 3134 4079 probationes
3159 3997 3285 4061 rite
3336 3996 3728 4062 demonstra-

2179 4103 2311 4163 tam
2338 4141 2358 4171 ,
2389 4103 2453 4160 et
2476 4091 2826 4159 manifestis
2853 4093 3104 4157 divinae
3132 4091 3623 4178 omnipotentiae
3646 4094 3728 4159 si-

2178 4194 2317 4278 gnia
2345 4201 2533 4276 atque
2560 4187 2879 4255 miraculis
2906 4189 3374 4271 comprobatam
3397 4233 3420 4265 ,
3456 4189 3727 4257 solemni

2172 4289 2492 4357 Ecclesiae
2522 4286 2829 4353 vocabulo
2856 4288 3255 4352 sanctitatem
3311 4286 3726 4372 appellamus.

2181 4393 2354 4463 Quae
2385 4403 2577 4469 quum
2608 4386 2688 4450 sit
2716 4385 2989 4449 omnium
3019 4384 3493 4451 christianarum
3521 4386 3724 4452 virtu·

2173 4495 2307 4549 tum
2341 4485 2404 4548 in
2437 4484 2632 4568 grado
2662 4481 2919 4546 heroico
2949 4499 3064 4567 pro
3089 4482 3396 4566 cujusque
3432 4488 3628 4549 status
3655 4490 3725 4548 et

2169 4582 2336 4648 vitae
2363 4580 2603 4644 ratione
2650 4575 3011 4660 plenissima
3064 4577 3462 4661 complexio,
3442 4603 3458 4620 ·
3519 4578 3727 4662 perfe-

2168 4685 2469 4760 ctumque
2508 4672 2790 4739 includat
2839 4674 3318 4758 implementum
3370 4675 3723 4741 divinorum

2175 4780 2655 4859 praeceptorum
2684 4781 2750 4836 et
2772 4769 3221 4845 consiliorum,
3251 4791 3413 4855 quae
3459 4773 3542 4837 ad
3594 4781 3720 4840 sta·

2165 4870 2562 4939 biliendam'
2540 4890 2607 4934 ιιι
2632 4857 3018 4935 credentium
3042 4869 3339 4935 cordibus
3355 4869 3468 4935 Dei
3489 4877 3557 4935 et
3573 4877 3720 4936 Pro-

616 4971 815 5029 Tanta
845 4983 1000 5028 vero
1028 4961 1206 5029 illius
1240 4964 1545 5031 virtutum
1600 4964 1930 5031 admiratio
1981 4967 2045 5034 in
2162 4968 2320 5035 ximi
2347 4967 2792 5042 dilectionem,
2820 4974 2887 5033 et
2912 4966 2993 5032 ad
3022 4967 3468 5033 destruendum
3506 4966 3718 5036 buma-

482 5060 850 5132 llonialium
881 5060 1116 5127 animis
1144 5061 1417 5127 excitata
1449 5060 1607 5136 fuit,
1636 5068 1708 5126 ut
1739 5082 1881 5130 eam
1935 5065 2044 5132 vix
2153 5086 2273 5134 nae
2303 5065 2666 5149 cupiditatis
2689 5083 2951 5150 regnum
2982 5081 3018 5129 a
3046 5062 3304 5131 caelesti
3330 5055 3717 5150 Legislstore

587 5263 641 5316 A
679 5263 734 5316 S.
768 5235 1108 5315 catharinae
1133 5245 1288 5315 'enus
1310 5272 1363 5314 ee
1382 5258 1714 5331 primordia.

588 5355 635 5409 t:
679 5347 1023 5406 nonasterii
1038 5348 1633 5422 perpetuum'regs‘men
1663 5349 1890 5404 obtinet.

1863 5265 1910 5316 B
1950 5265 2300 5337 Religionem
2325 5263 2653 5336 ἕπει-Μίαν.

2039 5354 2090 5407 1)
2133 5350 2487 5424 Peffecst'om‘
2502 5352 2701 5410 studet.
