4442 6300
1470 522 1814 591 QtJmQUt
1867 522 2331 575 sumnonem
2374 524 2540 575 Ere.

415 679 561 736 tunc
582 670 872 755 proxime
895 670 1144 735 futuros
1170 669 1268 734 eis
1289 669 1786 740 obvenientium,
1800 667 1967 731 aliis·

413 790 536 851 que
564 770 832 834 arbitrio
871 778 1015 834 tunc
1074 767 1484 833 existentium
1540 774 1800 831 Sanctae
1855 774 1973 829 Ro·

417 887 639 931 manae
671 866 990 931 Ecclesiae
1019 865 1444 929 cardinalium
1465 907 1486 938 ‚
1520 866 1755 946 quibus
1784 864 1976 927 dicta·

415 983 552 1026 rum
579 964 908 1028 literarum
962 953 1318 1026 nostrarum
1380 963 1818 1027 executionem
1880 961 1972 1021 in·

410 1061 733 1143 junximus
755 1103 776 1134 ,
805 1061 869 1122 in
928 1058 1451 1124 contrafacientes
1508 1058 1861 1143 infligendis
1912 1057 1977 1118 in

412 1159 634 1221 eadem
670 1156 1077 1223 processione
1108 1157 1325 1220 ordine
1360 1157 1522 1222 int'ra
1562 1157 1932 1240 assignando
1955 1197 1975 1227 ,

414 1255 658 1336 absque
686 1254 814 1317 ulla
843 1254 1339 1318 contradictione
1368 1262 1474 1317 aut
1518 1254 1930 1336 replicatione
1952 1294 1975 1324 ‚

414 1352 515 1417 vel
548 1351 1060 1434 interpellatione
1087 1352 1382 1416 incedere
1409 1350 1696 1415 debeant.
1712 1355 1841 1415 Nos
1853 1358 1978 1412 ete·

416 1451 542 1512 nim
573 1450 815 1515 eisdem
848 1448 1250 1515 officialibus
1307 1458 1502 1532 atque
1560 1451 1859 1513 omnibus
1912 1455 1981 1513 et

417 1547 686 1631 singulis
715 1567 936 1612 eorum
969 1547 1352 1621 Ordinibus,
1381 1567 1456 1613 ac
1483 1545 1787 1631 collegiis
1844 1545 1980 1628 qui-

417 1644 699 1710 buslibet
731 1662 917 1728 super
944 1645 1418 1727 quaestionibus
1444 1654 1507 1709 et
1535 1643 1979 1710 controversiis

416 1742 622 1827 quoad
651 1743 1033 1826 procedendi
1068 1742 1372 1808 Ordinem
1399 1786 1420 1816 ,
1482 1742 1807 1807 silentium
1863 1741 1981 1803 im-

413 1841 705 1924 ponimus
723 1883 746 1913 ,
776 1839 976 1904 donec
1005 1838 1196 1904 aliter
1225 1860 1257 1902 a
1284 1840 1482 1905 Nobis
1513 1848 1620 1903 aut
1645 1845 1972 1903 Successo-

415 1938 596 2002 ribus
623 1938 858 2001 nostris
888 1939 1179 2002 Romanis
1200 1935 1605 2001 Pontificibus
1625 1981 1648 2011 ,
1677 1936 1775 2002 vel
1809 1954 1981 1999 com-

411 2035 777 2117 petentibus
805 2033 1146 2098 ludicibus’
1166 2033 1492 2098 delinitum
1522 2031 1708 2097 fuerit
1751 2033 1817 2095 in
1874 2038 1983 2096 Ju-

415 2132 587 2197 dicio
617 2130 956 2214 petitorio,
989 2131 1159 2214 quod
1187 2131 1285 2195 eis
1326 2131 1695 2196 earumdem
1753 2138 1979 2195 tenore

412 2231 843 2315 praesentium
875 2250 1289 2311 reservamus.

555 2324 875 2391 officiales
905 2334 1111 2390 autem
1153 2331 1495 2399 camerae,
1553 2326 1980 2391 cancellariae

417 2430 482 2490 et
544 2424 1068 2488 Poenitentiariae
1134 2424 1644 2508 Apostolicorum
1664 2470 1687 2500 ,
1744 2424 1980 2507 quibus

417 2529 789 2586 consuetum
809 2523 871 2583 in
899 2523 1121 2585 eadem
1144 2522 1554 2587 Processione
1574 2521 1784 2585 locum
1805 2542 1978 2604 prae·

421 2639 741 2683 servamus
763 2662 785 2692 ,
816 2618 1106 2683 volumus
1135 2619 1361 2685 eodem
1395 2620 1685 2684 incedere
1719 2620 1978 2692 Ordine,

412 2739 539 2800 quo
568 2716 868 2798 descripti
899 2716 1299 2800 reperiuntur
1329 2717 1391 2778 in
1424 2716 1651 2782 Rotulo
1683 2738 1715 2780 a
1777 2717 1979 2782 Nobis

414 2817 532 2879 sub
562 2815 766 2888 initio,
795 2825 861 2879 et
888 2814 1180 2897 quolibet
1209 2814 1613 2879 Pontificatus
1635 2817 1843 2879 Nostri
1876 2804 1980 2880 an·

414 2933 499 2977 no
531 2913 847 2978 subscribi
880 2913 1074 2977 solito
1097 2956 1118 2983 .
1147 2934 1259 3001 seu
1314 2913 1381 2975 in
1439 2912 1577 2977 aliis
1646 2913 1889 2978 Rotulis
1943 2934 1980 2978 a

413 3010 713 3075 Romanis
742 3010 1151 3074 pontificibus
1199 3011 1680 3075 successoribus
1741 3011 1976 3075 nostris

412 3127 526 3189 pro
555 3116 845 3191 tempore
877 3108 1396 3173 subscribendisx
1450 3112 1729 3183 Quorum
1790 3110 1976 3177 Rotu-

411 3205 619 3268 lorum
654 3206 885 3270 seriem
920 3213 982 3270 et
1014 3207 1339 3279 ordinem,
1372 3226 1453 3270 ne
1495 3215 1755 3271 vacante
1813 3214 1975 3290 Apo-

414 3301 638 3365 stolica
668 3301 828 3365 Sede
868 3304 1185 3384 praedicta
1216 3304 1294 3366 de
1355 3324 1577 3368 eorum
1635 3306 1849 3390 vigore
1906 3313 1974 3371 et

411 3398 818 3462 subsistentia
843 3399 1144 3464 baesitari
1171 3400 1531 3483 contingat,
1562 3400 1640 3464 ad
1672 3403 1975 3482 praemis-

420 3516 633 3560 sorum
663 3497 958 3561 effectum
990 3502 1227 3561 tantum
1274 3518 1355 3561 ex
1385 3517 1546 3562 nunc
1568 3541 1589 3572 ‚
1651 3506 1848 3583 prout‘
1893 3521 1974 3564 ex

413 3601 561 3657 tunc
583 3636 604 3668 ‚
634 3602 699 3657 et
726 3616 763 3659 e
793 3602 1013 3660 contra
1072 3595 1516 3661 confirmamus
1542 3606 1611 3661 et
1669 3600 1976 3682 approba·

413 3712 592 3754 mus:
638 3698 744 3756 Ac'
783 3692 1303 3776 quandocumque
1362 3714 1544 3758 casus
1604 3697 1970 3773 obvenerit,

407 3788 762 3871 hujusmodi
794 3790 1093 3853 Ordinem
1126 3811 1236 3856 seu
1271 3792 1504 3855 seriem
1551 3793 1763 3857 Rotuli
1826 3797 1970 3861 ulti·

413 3907 519 3948 mo
548 3886 690 3949 loco
720 3907 753 3949 a
787 3894 1066 3951 Romano
1123 3888 1423 3954 Pontifice
1482 3896 1631 3954 tunc
1690 3893 1969 3976 proxime

408 3982 707 4047 defuncto
735 3984 1102 4068 subscripti,
1133 3985 1435 4069 illiusque
1453 3987 1760 4073 integrum
1783 3987 1965 4055 'teno-

409 4101 542 4145 rem
578 4088 722 4145 ante
752 4082 959 4164 ipsum
997 4085 1423 4150 Processionis
1452 4088 1812 4168 praedictae
1851 4088 1969 4151 ini·

406 4177 563 4241 tium
596 4195 710 4257 per
739 4171 928 4239 unu‘m
959 4199 1038 4242 ex
1068 4178 1404 4245 Pontificiis
1458 4184 1834 4247 cursoribus
1889 4186 1970 4251 de

409 4292 588 4337 more
615 4271 791 4355 legi,
823 4281 887 4336 et
922 4275 1171 4339 recitari
1206 4278 1650 4361 praecipimus.
1684 4285 1819 4354 Quo
1869 4303 1971 4346 ve·

411 4391 482 4435 ro
512 4371 592 4435 ad
624 4370 781 4434 alias
811 4392 1148 4454 personas,
1178 4373 1254 4437 de
1287 4375 1513 4457 quibus
1539 4376 1604 4438 iu
1621 4377 1805 4443 dictis
1829 4379 1969 4445 lite·

413 4468 502 4531 ris
532 4469 943 4533 meminimus
965 4514 984 4543 ‚
1016 4490 1231 4534 earum
1266 4474 1514 4537 nomina
1535 4517 1556 4548 ‚
1588 4475 1806 4542 Officia
1830 4521 1851 4552 ‚
1905 4490 1970 4546 et

406 4564 740 4630 incedendi
773 4567 1073 4632 Ordinem
1096 4611 1117 4643 ‚
1150 4580 1215 4633 ut
1247 4570 1407 4634 infra
1437 4574 1968 4656 praescribimus,

406 4660 722 4726 vffldstm.

531 4760 1064 4826 Praecedentibus
1095 4762 1380 4827 Alumnis
1403 4768 1679 4849 Hospitii
1703 4776 1966 4853 Aposto-

403 4854 511 4919 lici
545 4867 612 4920 et
640 4857 1214 4943 orphanotrophii,
1250 4870 1380 4925 tum
1404 4865 1745 4929 Ordinibus
1776 4876 1972 4953 Regu·

400 4951 632 5017 larium
656 4983 688 5027 ‚·
735 4956 1029 5021 Parocbis
1093 4958 1519 5024 Ecclesiarum
1585 4964 1767 5029 Urbis
1826 4986 1966 5029 cum
2041 4972 2058 4997 ⁸

407 5051 637 5125 stolis,
673 5050 855 5116 clero
881 5097 901 5127 ‚
941 5064 1130 5137 atque
1182 5058 1486 5140 Capitulis
1542 5061 1966 5129 Ecclesiamm

400 5148 587 5211 etiam
617 5146 1098 5232 collegiatarum
1136 5154 1475 5237 insignium
1499 5200 1520 5232 ,
1550 5166 1616 5221 et
1674 5160 1968 5226 Basilica·

409 5264 544 5308 rum
580 5244 772 5309 etiam
804 5248 1313 5315 Patriarcbalium
1348 5254 1566 5319 ordine
1595 5277 1733 5321 suo.

531 5341 853 5407 officiales
881 5345 1306 5411 cancellariae
1339 5353 1740 5436 Apostolicae
1761 5398 1782 5429 ‚
1823 5374 1968 5420 nec·

407 5458 527 5503 non
584 5445 924 5520 camerae,
987 5446 1510 5516 Poenitentiariae
1534 5494 1553 5524 ‚
1613 5452 1848 5536 aliique
1901 5453 1965 5516 in

3434 520 3537 573 137

2083 675 2387 731 consueto
2422 666 2646 731 Rotulo
2704 666 3001 748 descripti
3027 709 3045 735 .
3101 662 3279 749 juxta
3341 667 3639 730 Ordinem

2084 765 2173 828 ibi
2207 765 2595 829 adnotatum.

2213 868 2512 926 cantores
2543 871 2762 943 Papae.

2218 962 2612 1024 Gubernator
2638 961 2959 1026 conclavis
3004 967 3035 1141 ξ
3079 1001 3295 1067 simul·

2217 1061 2612 1124 Gubernator
2639 1061 2822 1125 Urbis

2085 1158 2293 1221 Ambo
2321 1179 2465 1221 cum
2506 1158 2851 1224 Roccbetto
2881 1169 2944 1224 et
2996 1159 3386 1223 Mantetletta
3442 1157 3652 1240 nigra,

2089 1260 2321 1317 etcum
2354 1255 2680 1320 intortitiis
2701 1300 2721 1329 ‚
2752 1277 2912 1338 quae
2942 1258 3022 1320 ab
3070 1257 3284 1337 aliquo
3344 1276 3424 1318 ex
3482 1255 3649 1336 ipso·

2089 1369 2226 1413 rum
2283 1353 2721 1418 Familiaribus
2774 1354 3104 1419 Nobilibus
3179 1352 3407 1417 deferri
3474 1362 3649 1435 pote·

2087 1456 2252 1512 runt.

2215 1554 2352 1612 Duo
2382 1549 2671 1633 Acolythi
2702 1566 2842 1612 curn
2870 1550 3205 1613 Fuualibus
3235 1550 3573 1630 argenteis.

2221 1650 2358 1711 Duo
2385 1647 2493 1708 alii
2525 1646 2811 1733 Acolytbi
2843 1668 2985 1711 cum
3012 1645 3439 1711 candelabris.

2218 1743 2562 1829 Acolytbus
2585 1766 2727 1809 cum
2759 1745 3077 1809 Navleula.

2219 1841 2508 1927 Acolytbi
2538 1843 2665 1905 duo
2696 1864 2835 1907 cum
2870 1843 3118 1908 duobus
3147 1842 3501 1906 thuribulis.

2218 1940 2564 2003 Duodecim
2594 1961 2679 2003 ex
2710 1939 3099 2004 officialibus
3148 1942 3360 2025 virgae
3420 1942 3651 2005 rubeae

2091 2054 2230 2100 cum
2262 2037 2596 2102 intortitiis
2625 2058 2660 2102 a
2689 2038 3021 2104 lateribus.

2214 2136 2571 2199 servientes
2607 2149 2928 2200 :armorum
2963 2158 2995 2198 a
3028 2137 3355 2200 lateribus.

2216 2239 2373 2296 Item
2406 2253 2443 2296 a
2490 2234 2796 2298 lateribus
2853 2234 3089 2299 Milites
3142 2235 3449 2301 Helvetici
3508 2254 3652 2297 cum

2091 2331 2220 2394 suis
2250 2332 2563 2395 Tribunis.
3170 2356 3175 2363 ,

2217 2430 2497 2493 Antistes
2554 2429 2852 2494 deferens
2908 2430 3375 2494 sanctissimum
3450 2436 3659 2494 Sarra-

2088 2537 2374 2589 mentum
2407 2546 2545 2589 cum
2568 2528 2843 2592 Diacono
2873 2538 2932 2593 et
2965 2529 3362 2595 subdiacono
3380 2532 3501 2593 sub
3523 2529 3661 2595 Bal·

2094 2622 2414 2688 daccbino.

2217 2726 2355 2783 Duo
2383 2719 2488 2785 alii
2526 2720 2811 2806 Acolythi
2844 2742 2982 2788 cum
3036 2724 3374 2789 annlibus
3433 2743 3653 2811 argen-

2086 2817 2235 2881 teis.

2212 2915 2502 2981 Minister
2529 2918 2608 2982 de
2638 2921 2846 2984 Mitra.

2220 3015 2490 3079 Auditor
2517 3021 2814 3082 camerae

2213 3118 2654 3182 Thesaurarins
2688 3118 3022 3184 Generalis

2214 3216 2633 3280 patriarchae.

2210 3313 2695 3398 Arcbiepiscopi.
2768 3329 2775 3334 ’

2214 3412 2528 3495 Episcopi.
2694 3407 2699 3414 ’

2076 3501 2256 3592 juxta
2288 3530 2507 3574 eorum
2539 3511 2796 3594 gradum
2831 3517 2894 3576 et
2924 3511 3336 3594 respectivam
3381 3513 3651 3578 antiani-

2081 3614 2278 3670 tatem
2314 3606 2483 3670 nulla
2512 3606 2755 3671 ratione
2787 3608 2998 3673 habita
3058 3610 3472 3674 Assistentiae
3542 3616 3648 3676 So-

2082 3703 2176 3768 lio
2204 3710 2426 3786 Papae.

2209 3801 2623 3864 Protonotarii
2653 3799 2997 3884 Apostolici
3026 3802 3481 3886 participantes
3521 3812 3646 3869 tam

2081 3896 2161 3961 de
2191 3916 2457 3962 numero
2481 3941 2499 3967 .
2534 3919 2721 3979 quam
2776 3919 3302 3983 supranumerum
3324 3944 3345 3975 ‚
3402 3901 3647 3985 aliique

2079 3996 2144 4058 in
2176 4013 2396 4060 eorum
2429 3998 2686 4060 scamno
2717 3997 2923 4061 locum
2954 3997 3282 4061 babentes.

2205 4094 2484 4156 Abbates
2512 4094 2818 4158 babentes
2848 4095 3055 4158 locum
3087 4096 3147 4157 in
3183 4096 3502 4179 cappella.

2208 4188 2547 4254 Generales
2567 4190 2867 4254 ordinum
2889 4187 3195 4255 babentes
3216 4191 3425 4256 lecum
3452 4202 3525 4260 ut
3544 4215 3644 4260 su·

3080 3024 3115 3199 }
3158 3058 3373 3125 simun.

2081 4306 2214 4369 pra.
2304 4321 2309 4324 Δ

2208 4383 2540 4450 Auditores
2570 4392 2766 4450 Rotae
2788 4427 2809 4458 ‚
2843 4406 2981 4451 cum
3009 4386 3303 4470 Magistro
3344 4388 3512 4453 Sacri
3536 4395 3640 4454 Pa·

2080 4483 2237 4547 latii.

2206 4578 2432 4643 Clerici
2458 4583 2752 4643 camerae
2778 4580 3193 4662 ejusdemque
3221 4586 3478 4645 Praeses
3497 4624 3518 4655 ,

2204 4676 2632 4742 Referendarii
2692 4684 2991 4741 votantes
3045 4678 3404 4763 signaturae
3457 4680 3646 4743 lusti-

2083 4777 2206 4839 tiae
2230 4818 2252 4847 ‚
2282 4793 2424 4836 cum
2460 4774 2747 4856 ejusdem
2784 4773 3107 4838 Auditore.

2207 4872 2693 4935 Abbreviatores
2723 4872 2803 4934 de
2830 4878 3023 4935 Pareo
3049 4871 3288 4954 majori.

2206 4968 2500 5032 Advocati
2545 4968 3021 5032 consistoriales
3048 4987 3190 5032 ctum
3235 4975 3643 5033 procuratos-s

2079 5063 2302 5129 Fiscali
2321 5108 2341 5138 ‚
2370 5066 2902 5130 et·commissario
2932 5070 3250 5130 camerae.

2203 5170 2644 5228 Procuratores
2675 5164 3002 5227 ordinum.
3152 5247 3159 5250 „

2205 5260 2635 5327 Referendarii
2681 5259 3159 5326 Baldaccbinum
3213 5259 3503 5326 deferent
3559 5261 3643 5328 ab

2084 5358 2277 5422 altari
2306 5359 2648 5427 cathedrae
2679 5366 2738 5425 S.
2772 5358 2944 5424 Petri
3001 5377 3200 5442 usque
3256 5360 3336 5426 ad
3388 5365 3640 5426 Portam

2080 5456 2407 5522 Basilicae.
3011 5469 3017 5484 ‘
