4442 6300
1487 453 1833 521 QtJtNQUE
1902 454 2368 511 sanc’ronuu
2436 456 2601 509 erc.
2830 490 2836 499 .
3446 456 3477 505 s

434 603 563 661 tum
589 640 609 669 ‚
638 617 749 680 per
781 597 1191 663 secretarium
1222 597 1454 662 deinde
1479 598 1995 681 congregationis
2107 602 2365 664 nimiter
2393 605 2754 679 Affirmative
2807 598 3322 677 respondentium
3351 638 3371 670 ,
3431 596 3667 662 resolu-

438 701 771 761 Sacrorum
805 696 1059 760 Rituum
1093 714 1364 778 sequens
1391 702 1723 760 Decretum
1754 695 1992 778 vulgari
2106 698 2343 760 tionem
2378 717 2448 759 ea
2480 697 2582 758 die
2614 694 2817 758 adhue
2846 694 3102 757 differre
3124 696 3392 769 censuit,
3427 704 3490 757 ut
3515 696 3664 756 ube-

437 792 780 874 praecepit.

613 944 1212 1051 cONSTANTIEN.
1235 1032 1256 1062 ,
1291 991 1447 1051 SEU
1482 991 1827 1051 CURIEN.

443 1183 951 1243 canonizationis
992 1185 1172 1244 Beati
1199 1187 1491 1245 FIDEUS
1522 1187 1568 1243 A
1604 1186 2002 1246 stGMARtN-

523 1284 623 1343 ΕΑ
660 1280 910 1340 Ordinis
944 1283 1250 1342 Minervam
1284 1286 1772 1356 capuccinorum
1798 1327 1818 1353 ‚
1875 1287 2000 1356 pri-

520 1382 608 1467 mi
633 1397 713 1438 σω
775 1381 1189 1440 Missionariis
1249 1382 1310 1441 S.
1380 1384 1876 1455 Conpreyationis
1933 1384 2003 1437 de

527 1478 934 1552 Proponanda
966 1480 1111 1537 Fide
1144 1482 1220 1540 ab
1274 1480 1616 1540 Haereticis
1675 1481 1744 1537 in
1803 1482 2004 1537 odium

525 1578 699 1637 Fidei
726 1578 1091 1650 interempti.

572 1772 725 1829 Cum
754 1767 1206 1831 sanctissimus
1245 1767 1544 1831 Dominus
1597 1772 1828 1831 Noster
1882 1771 2009 1830 BE·

434 1868 822 1928 NEDICTUS
854 1870 1048 1928 PAPA
1086 1871 1241 1927 xlv.
1275 1864 1338 1924 in
1370 1884 1552 1927 caiisa
1586 1864 2008 1926 Constantien.

440 1981 550 2025 seu
595 1962 843 2023 Curien.
873 1968 1105 2025 ΒΕΑΤΙ
1141 1968 1432 2025 FlDELlS
1457 1970 1499 2022 Α
1534 1966 2008 2025 StGMAtuNGA

450 2057 704 2129 Ordinis
734 2058 1043 2121 Minorum
1105 2057 1595 2138 capuccinorum
1655 2056 2013 2122 declarare-

455 2153 539 2216 rit
585 2155 693 2218 die
751 2160 849 2217 18.
911 2155 1184 2219 Ianuarii
1248 2159 1428 2217 1744.
1458 2175 1536 2218 ex
1569 2166 1839 2236 quatuor
1871 2175 2009 2238 pro-

451 2250 677 2331 positis
719 2248 1041 2314 miraculis
1096 2252 1360 2315 duorum
1396 2251 1563 2314 tertii
1624 2251 1873 2334 generis
1903 2272 2011 2332 ap·

455 2349 897 2429 probationem
925 2393 945 2421 ,
1022 2347 1204 2412 Primi
1283 2348 1614 2412 videlicet:
1708 2352 2012 2411 instanta-

443 2464 592 2519 neae
652 2453 990 2508 sanationis
1024 2440 1285 2508 'Fratris
1354 2452 1614 2509 Candidi
1679 2467 1717 2508 a
1780 2451 2014 2508 Medio·

450 2548 595 2605 lano
658 2548 944 2621 Religiosi
1003 2548 1268 2623 Proseui
1319 2553 1578 2624 ejusaem
1626 2546 1877 2607 Ordinis
1903 2549 2014 2606 Ca·

448 2647 863 2717 pue-cinerum
892 2648 971 2705 ab
1005 2648 1342 2706 inveterato
1364 2648 1488 2723 fero
1515 2662 1634 2721 per
1660 2649 2015 2704 decennium

454 2745 655 2801 morbo
688 2744 1057 2816 epileptico,
1100 2758 1235 2801 cum
1295 2745 1686 2801 instantanea
1741 2744 2018 2817 perfecta

454 2849 513 2897 et
545 2843 834 2899 absoluta
863 2841 1203 2915 fractarum
1231 2842 1453 2899 viriam
1482 2843 1862 2899 rutilatione
1909 2857 2018 2912 per

457 2920 642 2995 Be'ati
677 2938 950 3012 Effiqiom
977 2939 1172 3010 capiti
1228 2946 1571 2997 reverenter
1620 2939 2016 3009 impositam,

465 3039 721 3094 exclusa
750 3052 1125 3108 quacumque
1158 3037 1224 3092 in
1255 3037 1533 3103 morbum
1567 3039 1967 3094 reinciaentia
1996 3058 2014 3092 ε

458 3149 530 3193 ac
560 3130 863 3193 Secundi:
897 3133 1160 3207 Iosophi
1187 3132 1415 3192 Kirner
1465 3135 1644 3206 pueri
1700 3137 2021 3210 quadrien-

450 3234 548 3288 nis
571 3268 593 3297 ‚
626 3233 732 3304 qui
763 3234 925 3289 omni
942 3237 1161 3304 pedum
1195 3248 1315 3288 nm
1360 3232 1725 3288 triennalem
1786 3234 1858 3288 ob
1922 3248 2021 3290 ra·

450 3328 735 3385 chitidem
763 3331 988 3386 amisso
1012 3366 1033 3395 ‚
1064 3330 1132 3384 in
1164 3330 1370 3385 eodem
1402 3336 1567 3386 statu
1618 3342 1976 3399 permanens
1997 3368 2017 3396 ‚

452 3428 666 3483 ductus
692 3442 731 3483 a
756 3434 946 3483 matre
979 3410 1061 3483 ad
1104 3427 1420 3483 ecclesiam
1478 3436 1618 3486 ante
1682 3426 2018 3499 Imayinem

458 3523 680 3592 Beati,
711 3524 944 3582 relictis
975 3524 1189 3599 fulcris
1212 3563 1232 3589 ‚
1264 3526 1496 3588 domum
1550 3527 1733 3596 pedes
1790 3527 2016 3594 rediit,

454 3629 511 3679 et
542 3623 753 3680 deindo
783 3638 1024 3692 semper
1047 3624 1450 3696 undequaque
1480 3637 1675 3682 sanus
1723 3624 1975 3681 incessit
1998 3643 2023 3692 ,-

452 3714 642 3779 bodie
675 3736 827 3779 vero
861 3727 1252 3797 postremum
1280 3759 1300 3785 ,
1332 3715 1498 3796 quod
1531 3724 1859 3796 supererat
1902 3717 2016 3781 du-

451 3813 628 3876 bium
662 3814 788 3874 nim
808 3815 964 3874 irum
991 3840 1006 3874 2
1040 3821 1132 3874 An
1163 3826 1362 3876 stante
1393 3819 1843 3890 approbatione
1874 3822 2024 3876 auo·

446 3927 582 3970 rum
604 3915 1019 3990 praefatorum
1066 3915 1497 3972 miraculorum
1557 3925 1688 3973 tuto
1752 3917 2023 3974 deveniri

450 4014 648 4081 pouit
676 4015 756 4070 ad
780 4014 1098 4071 solemnem
1137 4012 1316 4072 Beati
1383 4014 1610 4070 fidelis
1678 4014 2025 4074 canoniza-

459 4110 679 4166 tionem
708 4127 733 4176 ς
767 4106 1076 4168 Sanctitas
1109 4111 1226 4167 Sua
1261 4106 1322 4165 in
1367 4107 1643 4187 generali
1706 4126 2022 4170 sacrorum

456 4201 708 4264 Rituum
741 4203 1242 4285 congregatione
1274 4202 1378 4265 die
1410 4204 1741 4267 aium-tii
1776 4223 2026 4266 curren·

465 4298 545 4360 tis
573 4299 710 4361 anni
750 4303 929 4362 1⁷44.
967 4318 1173 4362 coram
1210 4321 1277 4363 se
1310 4300 1553 4370 habita,
1612 4301 1690 4363 ad
1748 4301 2026 4363 humilli-

456 4416 589 4460 mas
629 4416 848 4476 preces
881 4398 1110 4461 Fratris
1140 4397 1540 4462 maximiliani
1570 4418 1603 4462 a
1663 4400 2026 4483 Wangbena

458 4494 708 4557 Ordinis
737 4495 1224 4577 Capuccinorum
1272 4494 1628 4559 Definitoris
1660 4497 1983 4561 Generalis
2006 4541 2027 4572 ‚

456 4599 517 4652 et
551 4590 733 4672 hujus
758 4611 986 4655 causae
1020 4591 1433 4656 Postulatoris
1459 4634 1483 4662 ς
1512 4592 1827 4657 referente
1863 4596 2030 4657 Emi-

460 4687 685 4749 nentis.
713 4697 779 4751 et
813 4689 1251 4752 Reverendiss.
1287 4689 1551 4752 Domino
1599 4689 1908 4753 cardinali
1942 4697 2026 4754 A·

462 4780 762 4846 lexandro
790 4783 1032 4846 Albano
1086 4785 1251 4846 idem
1312 4784 1659 4866 praefatum
1718 4787 1978 4852 dubium
2004 4832 2026 4861 ‚

462 4878 603 4941 loco
624 4879 1029 4943 Eminentiss.
1062 4890 1122 4943 et
1154 4882 1580 4946 Reverendiss.
1605 4883 1851 4945 Domini
1880 4888 2024 4947 Car-

462 4975 687 5038 dinalis
722 4977 1098 5041 Aldovrandi
1137 4979 1459 5051 absentis,
1518 4980 1867 5044 examinari
1930 4982 2024 5045 di-

464 5080 640 5154 gnata
675 5072 793 5138 fuit
811 5075 1208 5157 praecipere;
1240 5081 1523 5157 Cumque
1552 5078 1613 5138 in
1644 5098 1718 5140 ea
1754 5089 1875 5142 tam
1902 5086 2017 5144 Do-

470 5172 777 5238 minorum
808 5172 1240 5236 Consultorum
1271 5218 1291 5242 ,
1318 5194 1506 5252 quam
1555 5175 2027 5240 Reverendissi·

476 5285 705 5330 morum
737 5268 1157 5332 cardinalium
1191 5269 1481 5353 sutfragia
1513 5271 1820 5335 audiverit
1876 5293 2026 5338 una·

2114 796 2303 858 rioris
2329 794 2507 877 prius
2537 793 2749 857 auxilii
2775 836 2795 864 ‚
2827 792 3210 874 luminisque
3240 793 3537 856 caelestis
3568 812 3668 854 co-

2108 895 2273 975 piam
2306 893 2694 974 imploraret.
2728 897 2861 965 Quo
2892 890 3144 954 tandem
3168 891 3416 954 abunde
3449 888 3672 972 imple·

2114 1001 2178 1053 to
2201 1035 2221 1063 ,
2254 989 2475 1052 accitis
2504 1008 2711 1051 coram
2746 1009 2814 1051 se
2845 995 2915 1050 R.
2948 995 3011 1051 P.
3068 987 3385 1050 Ludovico
3443 988 3521 1050 de
3555 995 3667 1049 Va·

2111 1087 2394 1152 lentibus
2426 1086 2598 1148 Fidei
2634 1093 3023 1155 Promotum,
3058 1106 3283 1166 tneque
3313 1086 3670 1164 praedictae

2115 1185 2620 1268 congregationis
2651 1184 3001 1246 secretario
3027 1182 3419 1264 infrascripta
3445 1182 3550 1248 die
3574 1189 3679 1245 Fe-

2117 1284 2418 1346 stivitatis
2447 1303 2519 1345 ac
2546 1280 2830 1365 Mai-tyrii
2863 1281 3147 1364 ejusdem
3209 1285 3442 1343 BEATI
3503 1281 3673 1343 anni·

2116 1381 2417 1450 versaria,
2450 1387 2583 1460 post
2621 1378 3010 1440 celebratum
3046 1380 3108 1439 iu
3141 1377 3422 1441 Ecclesia
3451 1384 3681 1461 Capua·

2118 1479 2400 1540 cinerum
2434 1477 2508 1539 ad
2537 1475 2730 1539 altare
2751 1518 2772 1547 ‚
2802 1476 2909 1538 ubi
2937 1475 3325 1538 venerationi
3362 1485 3503 1538 erat
3559 1494 3664 1537 ex-

2119 1574 2325 1657 posita
2360 1574 2622 1656 insignis
2650 1579 2883 1635 ΒΕΑΤΙ
2913 1579 3205 1636 FlDELlS
3236 1573 3549 1654 Reliquia,
3585 1574 3686 1633 Di-

2117 1670 2331 1735 vinum
2367 1669 2743 1735 Sacrificium
2769 1712 2788 1741 ‚
2825 1690 3122 1750 praesens
3153 1670 3439 1751 ejusdem
3500 1676 3677 1733 BEA-

2124 1774 2200 1830 ΤΙ
2232 1768 2727 1831 Canonizationis
2770 1768 3295 1848 quandocumque
3355 1767 3682 1831 faciendae

2125 1872 2448 1930 Decretum
2503 1865 2784 1947 expediri
2842 1887 2914 1928 ac
2967 1863 3280 1944 publicari
3346 1865 3678 1933 mandavit.

2125 1969 2252 2027 Hac
2283 1962 2387 2026 die
2419 1967 2524 2043 24.
2558 1962 2789 2044 Aprilis
2825 1966 3009 2025 1744.

2334 2164 2397 2220 c.
2430 2159 2608 2225 card.
2641 2159 2721 2220 de
2752 2158 3009 2221 Marinis
3034 2157 3418 2223 Praefectus.

2248 2262 2411 2321 Loco
2431 2255 2481 2339 -Ι-
2499 2254 2718 2337 sigilli.

2468 2456 2529 2512 T.
2567 2454 2924 2513 Patriam-ha
2961 2456 3555 2529 Hierusolymitanus
3583 2454 3683 2513 Se·

2512 2553 2829 2609 oratorius.

2257 2742 2371 2807 Ubi
2401 2741 2689 2807 Pontifex
2719 2743 3053 2815 discessit,
3085 2748 3180 2806 Fr.
3228 2741 3691 2807 maximilianus

2128 2858 2162 2900 a
2192 2839 2588 2921 Wangbena.
2621 2860 2849 2903 causae
2880 2839 3272 2911 Postulator‚
3306 2862 3338 2903 a
3372 2848 3444 2903 R.
3486 2846 3553 2903 P.
3612 2846 3681 2902 D.

2131 2935 2450 2999 Ludovico
2481 2936 2560 2998 de
2591 2934 2963 2998 Valentibus
2994 2935 3164 2999 Fidei
3198 2944 3560 3000 Promotore
3592 2934 3688 2999 sa-

2131 3033 2259 3096 cris
2287 3033 2575 3096 vestibus
2604 3031 2824 3094 induto
2851 3054 3049 3115 prope
3093 3034 3293 3097 altare
3358 3033 3559 3116 majus
3613 3032 3690 3097 ad

2133 3149 2324 3193 cornu
2359 3127 2677 3212 Epistulae
2708 3130 2969 3193 sedente
3000 3112 3324 3214 acceptum
3357 3136 3687 3194 Decretum

2133 3228 2518 3290 recitandum
2551 3227 2613 3287 in
2645 3226 2909 3308 Templo
2960 3227 3163 3308 palam
3219 3228 3498 3291 curavit:
3559 3231 3694 3301 Quo

2133 3323 2300 3388 facto
2333 3325 2500 3388 idem
2535 3323 2784 3386 Praesul
2819 3323 3114 3409 hymnum
3159 3329 3232 3386 Te
3271 3329 3450 3386 Deum
3482 3325 3561 3386 ab
3609 3324 3697 3386 al·

2136 3423 2250 3485 tari
2287 3421 2680 3503 praecinuit,
2714 3422 3005 3485 eumdem
3038 3423 3572 3503 subsequentibus
3617 3423 3697 3485 ad

2102 3519 2318 3604 *finem
2353 3541 2549 3599 usque
2585 3518 3064 3602 symphoniacis
3088 3564 3109 3592 ‚
3138 3531 3202 3583 et
3239 3519 3496 3583 Musicis
3517 3565 3537 3591 ‚
3561 3541 3696 3582 suc·

2131 3616 2334 3682 censis
2363 3619 2550 3680 etiam
2584 3617 2808 3680 eodem
2849 3626 3134 3697 tempore
3183 3616 3532 3680 minoribus
3591 3637 3694 3680 ae-

2133 3717 2269 3778 neis
2299 3714 2625 3776 tormentis
2646 3757 2663 3782 ..
2698 3734 2818 3778 non
2853 3714 2993 3777 sine
3025 3735 3253 3798 magno
3285 3714 3494 3797 populi
3526 3714 3700 3798 plau·

2133 3832 2202 3874 su
2229 3855 2248 3884 ‚
2280 3821 2344 3875 et
2375 3812 2494 3874 diei
2525 3811 2695 3873 illius
2733 3809 3137 3874 celebritate.

2263 3916 2476 3972 Parem
2511 3917 2727 3972 nactae
2763 3909 3169 3971 sunt-exitum
3196 3927 3421 3971 causae
3447 3912 3560 3969 BB.
3585 3913 3697 3970 Pe·

2137 4006 2216 4067 tri
2248 4005 2528 4088 Regalati
2555 4048 2576 4076 ‚
2608 4014 2672 4068 et
2702 4004 3068 4068 Catharinae
3100 4006 3179 4069 de
3223 4005 3490 4076 lueriis,
3546 4023 3697 4085 qua·

2137 4123 2274 4165 rum
2306 4102 2574 4184 primam
2608 4103 2829 4166 eadem
2867 4103 3181 4184 praedicta
3215 4101 3512 4165 methodo
3540 4110 3701 4163 retu-

2137 4199 2212 4261 lit
2240 4200 2791 4264 Eminentissimus
2821 4201 3002 4262 Card.
3036 4205 3120 4263 De
3153 4198 3508 4263 Gentilibus
3531 4241 3552 4271 ‚
3608 4196 3698 4260 al·
3757 4279 3766 4287 ·

2140 4307 2339 4361 teram
2374 4297 2922 4362 Eminentissimus
2947 4296 3312 4369 Lercarius‚
3343 4297 3405 4359 in
3436 4302 3699 4380 congre·

2141 4397 2391 4478 gatione
2424 4396 2736 4478 generali,
2767 4416 2973 4457 coram
3007 4401 3105 4458 SS.
3155 4402 3226 4456 D.
3259 4401 3370 4468 N„
3429 4394 3533 4457 die
3593 4398 3698 4456 22.

2140 4494 2529 4576 Septembris
2559 4493 2848 4576 ejusdem
2881 4493 3023 4555 anni
3046 4496 3228 4555 1744.
3261 4513 3449 4575 super
3478 4492 3703 4564 Dubio,

2139 4599 2232 4655 An
2289 4602 2493 4655 stante
2551 4590 2994 4654 miraculorum
3052 4591 3504 4673 approbatione
3567 4598 3703 4654 tute

2141 4690 2396 4770 procedi
2421 4698 2636 4770 posset
2658 4686 2737 4750 ad
2770 4688 3307 4752 canonizationem
3331 4714 3351 4762 ς
3376 4687 3510 4750 Etsi
3532 4688 3700 4749 enim

2139 4785 2372 4849 auditis
2403 4784 2818 4848 cardinalium
2840 4827 2859 4854 ‚
2891 4792 2954 4848 et
2984 4785 3420 4848 Consultorum
3486 4784 3702 4846 suffra-

2140 4884 2259 4968 giis
2283 4926 2303 4956 ‚
2329 4883 2633 4967 judicium
2667 4881 2832 4945 ferre
2864 4881 3153 4945 Pontifex
3204 4880 3703 4963 supersedissem

2141 4991 2251 5054 ut,
2282 4982 2436 5066 quid
2470 4982 2590 5045 sibi
2623 4981 3088 5045 decernendum
3133 4978 3340 5051 foret,
3397 4978 3701 5043 maturius

2139 5078 2568 5151 deliberaret3
2599 5085 2836 5141 Tamen
2871 5084 3012 5158 post
3058 5076 3194 5140 dies
3249 5096 3373 5139 non
3432 5076 3704 5156 amplius

2143 5177 2502 5256 quindecim
2530 5222 2550 5248 ‚
2582 5196 2740 5255 quae
2772 5175 2934 5240 infra
2966 5176 3353 5259 subjicimus
3375 5218 3396 5247 ‚
3445 5180 3707 5238 Decreta

2143 5273 2406 5337 seorsim
2439 5272 2658 5336 edidit.
