4442 6300
905 459 977 512 72
1846 459 2047 509 Acta
2092 455 2748 509 CANONtza‘rtoxts

813 610 1118 667 CAmtJJ
1165 603 1244 664 de
1280 603 1472 665 Lollis
1503 603 1872 666 Fundatoris
1904 605 2289 670 clericorum
2347 615 2358 671 ι
2409 601 2643 664 riorum
2674 600 2931 664 monitis
2962 599 3114 664 nibil
3146 600 3517 684 proliceret,
3549 599 3848 663 nesimili
3876 619 3980 683 pe·

809 699 1206 784 Regularium
1236 700 1716 765 ninistrantium
1748 699 2036 766 Infirmis.

811 897 915 955 Ea·
959 897 1305 959 secretaria
1344 902 1840 975 congregationis
1891 901 2213 960 Sacrorum

1374 1000 1642 1057 menum.
1682 1032 1689 1039 ·

864 1216 884 1240 ι·
937 1191 1364 1269 BUJZLANlCI,
1395 1190 1562 1272 quod
1597 1190 1903 1272 Oppidum
1932 1191 2083 1255 satis
2105 1190 2296 1254 hone-

728 1292 891 1346 stum
933 1293 1031 1348 est
1074 1284 1410 1351 'theatinae
1438 1288 1757 1352 Dioecesis
1787 1288 1849 1350 in
1896 1296 2106 1372 Regno
2139 1292 2295 1352 Nea-

727 1379 1043 1460 politano,
1076 1381 1347 1445 natalem
1383 1383 1547 1447 diem
1580 1384 1837 1449 sortitus
1867 1393 1960 1448 est
1996 1384 2296 1448 Camillus

728 1477 807 1539 de
843 1475 1032 1541 Lellis
1066 1485 1283 1543 octavo
1313 1481 1649 1545 Kalendas·
1670 1481 1836 1545 lunii
1868 1501 2039 1547 annoss
2075 1481 2294 1551 salutis

725 1573 2298 1664 millesimoquingentesimoquinquagesimo.Qua-

725 1670 809 1734 lis
827 1670 1034 1736 autem
1064 1672 1314 1739 futurus
1332 1668 1524 1750 esset,
1549 1676 1777 1740 divinis
1806 1676 2095 1761 pluribus
2112 1700 2296 1761 prae·

727 1768 913 1852 sagiis
934 1814 956 1841 ‚
985 1780 1759 1853 antequam-nasceretur,
1792 1786 2111 1839 ostensum
2146 1787 2239 1839 est
2275 1803 2291 1837 ε

724 1873 896 1930 Inter
913 1888 1076 1950 quae
1096 1868 1250 1932 illud
1277 1881 1370 1934 est
1403 1870 1916 1944 celeberrimum,
1950 1874 2114 1955 quod
2143 1873 2308 1937 dum*

726 1984 869 2027 eum
903 1972 1101 2030 Mater
1139 1967 1399 2032 bab‘eret
1429 1969 1628 2034 adbuc
1658 1970 1732 2031 ain
1765 1978 1982 2042 utero,
2026 1972 2159 2036 visa
2190 1979 2292 2035 est

726 2061 845 2125 sibi
875 2070 1157 2127 Puerum·
1182 2067 1502 2147 peperisse
1543 2077 1886 2151 gestantem
1920 2074 2181 2134 Crucem
2226 2069 2288 2132 in

724 2169 981 2242 pectore
1004 2204 1024 2232 ,
1067 2183 1259 2245 quem
1292 2174 1697 2247 praeeuntem
1723 2211 1743 2239 ,
1778 2167 1972 2230 veluti
2006 2173 2239 2232 Ducem
2269 2214 2288 2242 ,

726 2260 1113 2339 sequebatur
1167 2261 1384 2344 ingens
1433 2282 1769 2344 puerorum
1832 2265 2016 2337 turba
2063 2265 2288 2329 eadem

723 2357 920 2419 Cruce
949 2357 1379 2421 condecorata.
1413 2366 1488 2421 Et
1520 2378 1735 2425 revera
1768 2370 1941 2426 tanto
1962 2363 2290 2446 praesagio

724 2462 895 2515 certa
927 2474 1073 2535 spes
1101 2454 1233 2517 visa
1265 2464 1361 2519 est
1393 2457 1718 2541 effulgere.
1758 2466 1945 2523 Sacro
1976 2460 2286 2542 siquidem

728 2547 901 2612 fonte
936 2559 1189 2615 renatus
1212 2597 1232 2627 ,
1279 2563 1341 2617 et
1373 2574 1408 2618 a
1446 2556 1816 2620 Parentibus
1859 2558 1962 2639 pie
1996 2557 2288 2641 ingenue·

726 2667 849 2726 que
879 2647 1206 2722 educatus,
1233 2651 1356 2713 tale
1382 2654 1460 2714 de
1492 2673 1563 2716 se
1587 2660 1750 2716 Puer
1768 2654 2092 2735 specimen
2112 2674 2291 2737 prae-

724 2744 865 2806 buit
898 2744 1129 2810 indolis
1165 2746 1467 2813 facilitate
1502 2756 1566 2814 et
1601 2771 1840 2813 morum
1882 2752 2243 2834 integritate
2269 2801 2287 2828 ‚

723 2851 787 2902 nt
822 2862 967 2906 vere
1009 2855 1381 2925 praeventus
1419 2869 1454 2911 a
1493 2848 1759 2913 Domino
1802 2849 1865 2911 in
1900 2844 2290 2916 benedictio-

724 2940 910 3002 nibus
939 2939 1291 3006 dulcedinis
1314 2944 1725 3028 judicaretur.
1761 2951 1812 3010 O
1841 2955 2052 3012 tamen
2075 2948 2289 3011 diffici-

726 3037 852 3099 lem
887 3037 946 3098 in
978 3037 1395 3105 adolescentia
1434 3042 1714 3108 Hominis
1744 3045 1911 3108 viam
1942 3051 1962 3109 t
2000 3047 2287 3110 Nondum

723 3136 1077 3217 pubertatis
1137 3160 1332 3205 annos
1393 3142 1691 3207 Camillus
1748 3144 2083 3227 attigerat,
2141 3153 2288 3210 c'um

728 3235 958 3297 sensim
989 3236 1051 3297 in
1081 3236 1234 3301 vitia
1264 3239 1607 3304 deflectens
1628 3285 1649 3312 ,
1680 3241 1765 3305 ita
1797 3241 2047 3323 perdite
2078 3243 2290 3324 coepit

726 3331 884 3395 aleis
915 3331 1246 3417 indulgere
1271 3381 1288 3405 ‚
1324 3347 1386 3399 ut
1420 3337 1557 3401 dies
1589 3346 1933 3420 noctesque
1967 3339 2029 3400 in
2061 3339 2143 3403 iis
2170 3339 2290 3401 im-

725 3429 1049 3510 penderet.
1085 3438 1151 3493 ln
1183 3453 1300 3513 qua
1330 3433 1601 3515 pessima
1644 3436 1969 3517 sequenda
1996 3437 2163 3501 vitae
2193 3431 2289 3501 ra·

723 3528 893 3592 tione
920 3549 1063 3592 cum
1085 3550 1153 3593 se
1179 3538 1394 3613 postea
1419 3553 1498 3595 eo
1518 3540 1802 3613 tempore
1827 3533 2288 3609 confirmasset,

726 3645 851 3706 quo
894 3631 1141 3688 Patrem
1187 3637 1449 3693 secutus
1482 3649 1712 3692 nomen
1760 3629 2025 3702 militiae
2069 3633 2289 3709 dedit,

726 3721 928 3784 multo
957 3729 1169 3785 tamen
1201 3725 1397 3789 adbuc
1426 3726 1902 3803 vehementius,
1934 3736 2112 3795 Patre
2144 3751 2290 3814 pau*

727 3818 790 3881 lo
832 3826 973 3900 post
1017 3831 1217 3884 morte
1248 3822 1838 3897 sublato‚'summo
1883 3848 1997 3892 suo
2034 3828 2179 3911 jure
2212 3831 2291 3893 ad

731 3916 925 3978 otium
953 3927 1017 3980 et
1049 3916 1220 3982 aleas
1242 3922 1481 3986 abusus
1510 3928 1627 3987 est.
1661 3929 1798 3997 Quo
1821 3931 2106 4008 tempore
2131 3926 2290 3989 illud
2326 3937 2338 3944 “

730 4013 1043 4078 maximae
1074 4015 1187 4079 suit
1224 4020 1517 4084 omuibus
1547 4020 1981 4096 admirationi,
2012 4024 2182 4106 quod
2212 4027 2291 4088 ab

730 4113 1080 4176 execrando
1108 4111 1555 4199 blasphemiae
1598 4119 1748 4184 vitio
1792 4141 2044 4203 semper
2069 4122 2291 4186 abhor-

732 4209 873 4272 ruit.
922 4212 1145 4276 Divino
1193 4222 1401 4279 tamen
1450 4217 1692 4300 judicio
1740 4228 1933 4301 atque
1978 4221 2285 4301 permissu

737 4316 970 4370 sortem
1024 4310 1180 4375 adeo
1229 4312 1540 4378 infensam
1576 4326 1649 4379 et
1699 4316 1972 4399 iniquam
2024 4318 2089 4377 in
2135 4316 2292 4381 aleis

729 4414 1027 4487 expertus
1062 4408 1183 4471 fuit
1204 4452 1223 4483 ‚
1255 4421 1324 4473 ut
1349 4455 1368 4481 ,
1402 4414 1727 4496 profligato
1766 4433 1953 4496 quam
1984 4414 2293 4478 citissime

734 4503 1160 4583 patrimonio,
1203 4508 1618 4590 universaque
1661 4509 2007 4573 domestica
2040 4530 2106 4574 re
2150 4531 2294 4575 cons

737 4593 985 4681 suuipta
1009 4647 1030 4675 ‚
1090 4602 1383 4667 debuerit
1441 4611 1673 4669 Romae
1728 4605 1791 4665 in
1854 4607 2292 4670 Nosocomium

739 4696 1169 4762 sanctiJacobi
1204 4701 1645 4765 incurabilium
1673 4703 1971 4767 secedere
2004 4712 2298 4776 nontam,

740 4802 804 4854 ut
849 4795 927 4856 ab
961 4795 1211 4868 ulcere,
1255 4798 1421 4879 qnod
1469 4799 1529 4859 in
1562 4799 1717 4861 tibia
1759 4799 2112 4864 itinerando
2156 4821 2298 4864 con·

740 4899 1053 4965 traxerat,
1086 4893 1570 4966 convalesceret,
1603 4916 1789 4977 quam
1818 4905 1888 4960 ut
1920 4896 2187 4960 infirmis
2211 4897 2297 4962 fa·

614 5051 627 5062 ,
744 4989 1039 5053 mulando
1065 4990 1126 5052 in
1151 4992 1595 5074 abjectissimis
1622 4993 1995 5059 ministeriis
2018 5016 2303 5060 suorum-

749 5108 870 5167 que
898 5087 1195 5153 natalium
1227 5090 1585 5155 conditione
1628 5091 2032 5156 alienissimis
2065 5093 2185 5155 sibi
2216 5093 2307 5153 vi-

2410 708 2508 761 ste
2539 706 2787 762 ceteros
2817 696 3230 767 labefactaret
3248 742 3269 774 ,
3298 719 3336 764 a
3363 698 3738 763 Nosocomio
3765 697 3980 762 dimis-

2408 815 2515 858 sus
2544 802 2658 858 est.
2715 826 2738 851 ·

2543 921 2566 947 ·
2618 900 2810 956 Roma
2853 893 2914 955 in
2943 893 3313 979 Dalmatiam
3350 894 3669 976 profectus
3707 911 3850 959 cum
3877 912 3975 957 es-

2407 996 2544 1059 set,
2588 998 2650 1052 et
2680 995 2895 1054 Castra
2925 1000 3166 1057 Veneta
3206 1001 3423 1057 centra
3453 993 3774 1077 Solymum
3816 998 3967 1055 Tur·

2404 1108 2620 1151 carum
2651 1094 3008 1172 Tyrannum
3045 1097 3323 1171 secutus,
3356 1111 3389 1154 a
3423 1088 3973 1173 praesentissimis,

2405 1206 2567 1267 quae
2600 1186 2661 1247 in
2693 1187 2881 1250 variis
2909 1186 3482 1252 conflictationibus
3511 1189 3716 1260 obiit,
3746 1188 3972 1252 mortis

2389 1281 2710 1371 ⁸periculis
2759 1282 3061 1347 divinitus
3110 1280 3457 1356 liberatus,
3508 1303 3670 1348 anno
3714 1284 3968 1348 tandem

2405 1378 2750 1444 millesimo
2780 1380 3278 1465 quingentesimo
3297 1381 3757 1464 septuagesimo
3788 1401 3972 1463 quar·

2357 1530 2368 1539 ,
2407 1488 2474 1543 to
2509 1480 2582 1541 in
2637 1478 2844 1561 Regiis
2896 1480 3266 1544 triremibus
3308 1479 3638 1561 Neapolim
3686 1478 3963 1562 appulit.

2404 1575 2537 1638 mic
2571 1574 2814 1656 reliqua
2855 1596 2965 1640 sua
2995 1596 3062 1639 re
3106 1576 3276 1639 omui
3304 1577 3365 1637 in
3409 1575 3580 1640 aleas
3624 1576 3958 1660 projecta,

2404 1693 2485 1737 ne
2517 1675 2654 1756 ipso
2695 1673 2953 1757 quidem
3001 1684 3302 1756 excepto,
3347 1695 3474 1756 quo
3516 1674 3965 1757 operiebatur,

2403 1772 2695 1844 indusio,
2731 1773 3092 1836 seminudus
3124 1779 3187 1835 et
3218 1792 3426 1847 rerum
3469 1771 3969 1855 omniumegen-

2406 1869 2686 1933 tissimus
2728 1869 3222 1935 Manfredoniam
3262 1869 3549 1935 secessit.
3597 1876 3767 1935 tnea
3795 1872 3959 1935 Urbe

2404 1986 2482 2029 ex
2511 1974 2759 2031 Patrem
2794 1966 3278 2049 Capuccinorurn
3318 1967 3621 2033 charitate
3653 1968 3716 2029 in
3746 1988 3963 2031 eorum

2400 2065 2718 2128 Coenobio
2763 2072 3092 2147 receptus,
3128 2085 3270 2128 cum
3316 2065 3391 2127 ad
3425 2064 3733 2129 vilissima
3773 2085 3964 2146 quiae,

2401 2184 2525 2245 que
2558 2168 2911 2227 Conventus
2943 2162 3292 2225 ministeria
3320 2162 3758 2236 adhiberetur,
3794 2164 3965 2227 brevi

2403 2260 2757 2324 laboriosae
2805 2269 2948 2344 ejus
2991 2259 3156 2325 vitae
3208 2270 3581 2344 pertaesus,
3639 2262 3963 2342 pristinam

2401 2358 2758 2423 libertatem
2806 2368 2873 2423 et
2916 2367 3239 2424 anteactae
3266 2359 3435 2422 vitae
3477 2357 3796 2422 licentiam
3841 2358 3965 2420 ani·

2403 2479 2507 2522 mo
2540 2458 2976 2522 meditabatur.
3023 2455 3560 2521 clementissimus
3596 2464 3802 2519 tamen
3851 2462 3964 2519 Do-

2403 2557 2607 2620 minus
2630 2600 2650 2629 ,
2687 2566 2729 2620 'a
2763 2578 2888 2638 quo
2931 2554 3230 2620 Camillus
3261 2554 3339 2617 ad
3387 2562 3618 2617 tantam
3650 2553 3965 2617 Proximo-

2403 2674 2544 2716 rum
2579 2652 2914 2717 utilitatem
2945 2652 3166 2734 suique
3199 2649 3396 2731 ipsius
3425 2650 3683 2734 gloriam
3717 2670 3965 2730 praeor-

2403 2752 2651 2816 dinatus
2696 2750 2943 2824 fuerat,
2985 2760 3058 2814 ut
3089 2749 3320 2813 diutius
3362 2755 3603 2812 erraret
3645 2749 3709 2831 in
3750 2747 3961 2819 invio,

2401 2870 2522 2914 non
2555 2870 2774 2931 passus
2806 2857 2923 2912 est.
2980 2877 3003 2902 ·
3439 2864 3444 2867 ’
3699 2908 3704 2913 ,

2537 2975 2559 2999 ·
2613 2952 2703 3008 Ex
2734 2949 2953 3008 Castro
2976 2944 3172 3011 sancti
3203 2940 3486 3013 loannis,
3518 2962 3643 3023 quo
3674 2939 3964 3021 Superio-

2401 3043 2491 3105 ris
2515 3043 2691 3126 jussu
2726 3062 2796 3106 se
2825 3040 3121 3105 Camillus
3152 3038 3538 3111 contulerat,
3565 3038 3848 3122 jumento
3876 3038 3965 3099 in·

2401 3142 2616 3205 sidens
2647 3141 2916 3223 quadam
2948 3138 3050 3203 die
3078 3136 3575 3218 Hanfredoniam
3599 3137 3963 3202 reverteba-

2397 3246 2523 3302 tur:
2558 3244 2712 3302 Cum
2742 3237 2880 3321 ejus
2907 3238 3182 3302 animum
3208 3227 3526 3319 nunquam
3555 3235 3758 3319 magis
3775 3255 3963 3321 quam

2402 3355 2479 3398 eo
2521 3343 2806 3416 tempore
2836 3355 2870 3398 a
2902 3332 3149 3398 meliori
3197 3332 3379 3415 fruge
3409 3327 3719 3397 remotum
3764 3331 3965 3416 inopi-

2400 3442 2544 3498 nata
2575 3444 2636 3497 et
2671 3433 3009 3506 vehemens
3038 3430 3464 3496 circumfulsit
3493 3430 3571 3494 d‘e
3594 3428 3784 3495 Caelo
3812 3430 3923 3493 lux
3943 3474 3965 3496 -.

2400 3540 2721 3597 anteactae
2766 3530 2928 3594 vitae
2960 3530 3344 3615 ignorantias
3387 3527 3624 3612 objecit
3656 3528 3779 3611 ipsi
3821 3539 3969 3592 ante

2403 3630 2621 3695 oculos
2650 3627 3211 3710 contemplandas,
3255 3626 3604 3710 permovit,
3649 3627 3964 3708 perterre·
4047 3623 4052 3628 ’

2381 3727 2571 3795 fecit,
2607 3748 2808 3809 eaque
2835 3727 3044 3808 specie
3075 3744 3448 3791 concussum
3472 3743 3544 3790 ac
3562 3724 3962 3788 deturbatum
4075 3731 4086 3743 ·

2401 3825 2570 3887 humi
2623 3825 2998 3906 prostravit:
3050 3829 3202 3885 Tum
3249 3823 3326 3885 in·
3360 3821 3700 3888 salutarem
3759 3821 3963 3904 ipsum

2402 3922 2701 4004 compulit
2733 3921 2975 3986 doloris
3001 3919 3482 4020 amaritudinem
3508 3961 3529 3991 ,
3559 3939 3681 4000 qua
3712 3937 3792 3980 ex
3822 3923 3967 3982 Sau-

2405 4020 2470 4087 lo
2495 4021 2558 4082 in
2589 4020 2886 4090 Paulum,
2917 4039 2996 4081 ex
3028 4026 3174 4082 vase
3203 4019 3333 4082 irae
3363 4018 3429 4079 in
3460 4037 3570 4081 vas
3613 4015 3966 4079 misericor-

2405 4118 2543 4181 diae
2574 4117 2749 4181 illico
2791 4118 3222 4201 pertransiret.
3265 4124 3430 4180 Vera
3463 4116 3726 4178 mutatio
3754 4113 3969 4176 dexte-

2403 4237 2508 4279 rae
2539 4213 2815 4279 Excelsil
2847 4236 2996 4279 cum
3031 4204 3327 4295 deinceps
3360 4233 3439 4277 ne
3469 4212 3696 4277 leviter
3711 4211 3970 4294 quidem

2403 4313 2673 4395 amplius
2704 4303 3049 4394 deliquisse
3093 4310 3524 4391 perhibeatur.
3558 4317 3637 4374 Ut
3665 4330 3820 4393 ergo
3849 4316 3971 4373 ste-

2404 4412 2479 4473 tit
2522 4433 2602 4475 ex
2639 4433 2721 4475 eo
2749 4411 2925 4492 lapsu
2952 4454 2973 4482 ‚
3013 4408 3508 4475 Manfredoniam
3559 4428 3847 4473 reversus
3888 4407 3968 4469 ad

2407 4509 2756 4590 Superioris
2805 4509 3004 4591 pedes
3056 4505 3465 4588 provolutus,
3525 4506 3605 4570 de
3652 4505 3970 4569 induendo

2405 4607 2547 4689 ejus
2589 4606 2929 4690 Religionis
2976 4607 3187 4669 babitu
3223 4625 3345 4689 qua
3392 4605 3844 4688 precibusque
3888 4603 3974 4667 la·

2408 4704 2640 4790 crymis
2669 4703 3050 4786 impetravit.
3108 4733 3131 4758 ι
3941 4721 3946 4730 ·

2547 4830 2570 4856 ·
2619 4802 2739 4864 Vix
2765 4801 2976 4882 itaque
3008 4819 3269 4884 compos
3299 4802 3422 4866 voti
3459 4800 3702 4870 factus,
3737 4799 3973 4866 ,oratio-

2412 4898 2508 4963 nis
2530 4942 2550 4972 ,
2582 4900 3007 4980 poenitentiae
3030 4946 3051 4974 ,
3099 4900 3435 4981 praecipue
3468 4895 3617 4962 ver-‘o¹
3661 4896 3973 4979 evangeli-

2414 5015 2522 5059 cae
2552 4994 2927 5060 humilitatis
2972 4996 3181 5060 studio
3212 4997 3298 5059 ita
3332 4994 3505 5056 brevi
3555 4991 3864 5073 prefecit,
3910 5001 3979 5057 ut

2416 5094 2673 5177 proprio
2702 5091 2880 5177 quasi
2896 5095 3154 5159 nomine
3183 5099 3397 5155 Frater
3415 5090 3681 5153 Humilis
3703 5090 3974 5173 appella·

749 5195 921 5246 ctum
977 5185 1457 5267 quomodolibet
1509 5200 1890 5267 procuraret.
1949 5194 2097 5252 Cum
2152 5211 2308 5254 vero
2419 5198 2607 5253 retur.
2656 5193 2906 5262 lnterim
2933 5214 3088 5257 vero
3130 5191 3391 5273 pristino
3424 5188 3533 5253 illo
3562 5187 3771 5252 ulcere
3818 5189 3876 5249 in
3905 5190 3976 5250 ti·

752 5289 1005 5352 natura,
1035 5280 1393 5356 voluntate,
1423 5286 1874 5349 consuetudine
1907 5285 1981 5349 ad
2010 5285 2184 5350 aleas
2218 5309 2311 5350 ra·

760 5385 903 5458 ptus
932 5395 1000 5440 se
1033 5378 1110 5442 ab
1147 5378 1221 5443 iis
1250 5379 1563 5445 cohihere
1588 5400 1711 5444 non
1744 5391 1998 5467 posset,
2029 5392 2093 5446 et
2125 5391 2228 5468 Sul
2254 5408 2314 5447 e·

2423 5289 2523 5351 bi‘a
2572 5290 3089 5360 recrudescente,
3135 5307 3276 5352 cum
3314 5287 3375 5347 in
3407 5307 3485 5348 eo
3529 5286 3805 5350 curando
3847 5307 3976 5348 om-

2426 5383 2521 5448 ‘nis
2551 5386 2943 5450 Medicorum·
2963 5405 3150 5466 opera
3181 5385 3479 5448 evaderet
3510 5382 3683 5444 irrita
3710 5424 3728 5454 ,
3775 5382 3977 5464 pruin-
