4442 6300
1500 516 1847 586 eumont
1891 511 2369 567 ssuc‘ronma
2422 508 2592 561 ιτς..
2626 530 2630 534 »
3445 500 3512 554 ιτ

445 665 801 733 praesulem
861 665 1069 731 statim
1119 663 1553 732 commonuit,
1600 673 1670 723 ut
1730 660 2004 724 oblatam
2120 656 2201 721 tis
2230 656 2329 720 die
2370 661 2463 719 ts.
2498 650 2732 716 mensis
2763 648 2990 730 Aprilis
3036 646 3379 711 constitere
3430 647 3492 707 in
3542 665 3688 710 con·

440 764 778 829 vastamus
809 762 1002 827 Officii
1032 762 1315 847 debitum
1348 758 1780 839 persolvendi,
1814 763 1879 819 et
1906 776 2005 819 ce-

442 861 757 925 lebritatis
778 904 799 933 ‚
832 881 992 942 qnae
1025 850 1163 922 raro
1194 858 1462 929 accidit,
1496 854 1870 937 spectandae
1903 873 2009 933 op·

441 960 879 1042 portunitatem
912 978 990 1021 ne
1023 956 1453 1019 dimitterent:
1492 961 1580 1016 Ex
1610 974 1736 1033 quo
1766 949 2002 1015 factum

439 1067 538 1121 est
559 1102 580 1130 ‚
632 1066 697 1120 ut
747 1055 1026 1121 nonnulli
1072 1053 1420 1119 orientales
1471 1051 1658 1114 etiam
1716 1047 2002 1129 Episcopi

438 1157 782 1221 interventu
815 1175 928 1218 suo
960 1152 1495 1215 Canonizatione‘n
1525 1146 2003 1211 honestaverint.

438 1253 689 1315 Interim
743 1251 945 1314 visum
978 1263 1069 1314 est
1105 1246 1509 1313 Sanctissimo
1549 1244 1753 1313 Patri,
1802 1242 2010 1307 consi-

439 1350 698 1413 storium
732 1359 1043 1411 secretum
1078 1348 1331 1415 habere,
1369 1346 1431 1405 in
1464 1365 1588 1425 quo
1617 1342 1801 1425 juxta
1830 1342 2005 1404 Ritus

439 1449 747 1511 rationem
780 1468 813 1510 a
845 1445 1193 1528 majoribus
1237 1452 1555 1523 acceptam
1584 1484 1604 1510 ,
1661 1438 2006 1501 cardinalis

438 1552 765 1608 Sacrorum
805 1544 1051 1605 Rituum
1082 1538 1593 1622 Congregationis
1622 1533 2003 1604 Praefectus,

439 1641 538 1702 vel
569 1643 878 1723 antiquior
909 1640 970 1700 in
997 1641 1127 1721 ipsa
1158 1637 1652 1720 congregatione
1684 1653 1868 1699 causa
1892 1633 1998 1694 ad·

438 1736 848 1821 legendorum
873 1739 1032 1801 inter
1060 1735 1310 1801 coelites
1338 1742 1648 1798 contracta
1679 1730 2007 1794 debuisset

444 1837 726 1901 oratione
756 1854 1144 1917 proponere,
1188 1842 1255 1896 ut
1307 1832 1388 1894 de
1440 1830 1664 1893 auditis
1710 1826 2006 1892 Pontifice

440 1952 587 1995 mox
619 1944 954 2013 quaerente
987 1929 1354 1993 sententiam
1389 1947 1565 1991 suam
1600 1925 1805 1988 dicere
1837 1924 2006 2006 quis-

444 2052 566 2113 que
597 2051 676 2094 ex
701 2029 1133 2092 Cardinalibus
1163 2036 1398 2109 posset;
1427 2023 1771 2107 praefatum
1799 2032 2007 2084 tamen

443 2147 605 2191 onus
632 2147 956 2191 causarum
987 2123 1456 2188 referendarum
1487 2142 1566 2186 eo
1598 2121 1706 2183 die
1761 2124 2011 2183 suamet

443 2223 748 2288 Sanctitas
780 2244 1023 2287 summo
1061 2222 1278 2286 labore
1329 2219 1637 2300 suscepit.
1693 2215 2011 2301 Ejusmodi

444 2328 579 2386 erat
608 2320 954 2388 instructio,
983 2317 1244 2401 singulis
1266 2314 1792 2379 Eminentissimis
1827 2312 2013 2375 Patri-

448 2418 567 2482 bus
595 2416 767 2500 jussu
804 2415 1123 2479 pontilicis
1165 2422 1514 2496 opportune
1561 2431 1674 2494 per
1719 2414 2014 2471 cni-sores

449 2513 818 2578 transmissa
841 2558 857 2573 .

493 2653 1022 2725 Eminentissime‚
1057 2661 1121 2717 et
1152 2649 1705 2716 Reverendissime
1739 2648 2016 2712 Domine.

575 2801 653 2859 In
676 2804 965 2874 proximo
998 2802 1354 2857 consistorio
1415 2799 1851 2858 Sanctissimus
1900 2798 2018 2855 Do-

448 2904 645 2956 minus
674 2898 898 2957 Noster
928 2894 1450 2954 BENEDIGTUS
1480 2895 1671 2952 ΡΑΡΑ
1704 2883 1870 2953 XIV.
1907 2909 2026 2952 me-

450 2997 720 3061 modica,
752 3011 821 3053 ac
855 2996 1274 3066 compendiosa
1296 2997 1642 3052 narratione
1672 2995 1889 3070 referet
1926 2994 2023 3053 Vi·

451 3102 577 3152 ram
602 3134 623 3164 ‚
680 3091 981 3161 Virtutes,
1022 3100 1081 3150 et
1112 3092 1418 3150 miracuta
1449 3089 1771 3150 Beatorum
1807 3088 2025 3147 FIDE·

452 3191 579 3250 us
607 3207 648 3250 a
684 3188 1185 3251 SJGMAMNGA
1218 3190 1514 3263 Martyris
1536 3231 1557 3259 ‚
1608 3187 1851 3248 Ordinis
1902 3187 2018 3246 uz·-

452 3303 666 3346 norum
703 3289 1190 3360 Capuccinorum
1224 3288 1284 3347 S.
1321 3287 1655 3356 Francisci,
1684 3286 2024 3346 GAMILLI

448 3389 519 3444 de
554 3384 836 3443 LELLIS
869 3388 1230 3446 Clericorum
1256 3386 1635 3458 Rcyularium
1668 3384 2020 3443 ministran-

453 3487 601 3541 tium
635 3482 894 3556 Infirmis
929 3485 1317 3552 Fundatoris,
1348 3483 1597 3540 PETRI
1623 3479 2024 3540 REGALATI

455 3578 696 3641 Ordinis
724 3581 1032 3639 Minorum
1069 3578 1541 3640 Observaneium
1573 3580 1631 3638 S.
1672 3579 2021 3648 Francisci,

455 3676 828 3738 JOSEPHI
858 3693 895 3737 a
927 3676 1313 3739 LEONISSA
1340 3679 1577 3750 pariter
1606 3673 1857 3740 Ordinis
1904 3676 2022 3735 m-

453 3791 667 3836 narum
696 3779 1177 3848 capuccinorum
1223 3777 1284 3836 S.
1334 3775 1649 3838 Francisci
1706 3776 2022 3850 confesso-

456 3889 632 3943 rum3
668 3885 724 3931 et
771 3880 1015 3932 tandem
1047 3872 1546 3934 CATHARINAE
1595 3876 1662 3930 de
1719 3871 2024 3932 alceus

462 3968 716 4031 Ordinis
749 3972 1240 4032 Praedicator-um
1276 3972 1582 4044 Virqinis3
1615 3985 1849 4029 necnon
1877 3967 2021 4028 Acta

454 4073 522 4129 in
557 4071 760 4128 causa
795 4070 1275 4145 Beatificationis
1303 4077 1360 4126 et
1398 4068 1901 4126 canonizationis
1928 4086 2027 4126 eo-

456 4171 762 4233 rumdem3
797 4183 950 4242 quae
993 4167 1304 4226 Sacrorum
1340 4165 1594 4223 Rituuin'
1621 4164 2022 4238 Conyreyatio

446 4265 696 4340 praevio
729 4267 1001 4338 rigoroso
1037 4264 1318 4322 examine
1349 4264 1598 4321 admisit
1626 4269 1680 4319 et
1730 4263 2024 4334 approba-

457 4367 547 4422 vit
568 4404 585 4419 .
619 4363 849 4432 Quibus
876 4363 1133 4434 expletis
1162 4362 1316 4419 idem
1349 4360 1789 4420 sanctissimus
1822 4359 2025 4418 Domi·

459 4475 577 4518 nus
623 4459 853 4517 Noster
906 4460 1189 4518 Fratrum
1237 4460 1526 4534 suffragia
1575 4459 1893 4529 exquiret:
1940 4455 2028 4513 An

455 4559 687 4617 scilicet
716 4557 1153 4622 deveniendum
1181 4559 1260 4614 sit
1301 4560 1384 4614 ad
1429 4557 1747 4613 solemnem
1796 4570 2028 4614 eorum-

462 4660 595 4713 dem
657 4655 979 4714 Beatorum
1028 4655 1567 4712 canonizationem
1596 4672 1612 4708 ε
1664 4653 1742 4710 Et
1795 4654 2030 4726 sinyuli

465 4753 819 4811 cardinales
864 4765 976 4824 per
1020 4753 1265 4809 verbum
1305 4751 1659 4818 PLACET,
1710 4753 1810 4809 cel
1853 4748 2029 4810 NON

468 4848 797 4918 PLAcET,
828 4850 1156 4906 sententias
1187 4851 1508 4920 aperient,
1558 4855 1744 4920 prout
1794 4851 1873 4906 ad
1919 4849 2032 4906 Dei

455 4948 719 5020 ‚gloriam
747 4956 806 5007 et
850 4949 1200 5005 Catholicae
1244 4947 1557 5006 Ecclesiae
1606 4949 1787 5006 decus
1836 4949 2030 5020 ’παρὰ

469 5046 553 5102 eis
580 5048 866 5117 expedire
900 5046 1218 5103 videbitur.

472 5183 873 5246 venundato
903 5179 1276 5245 sanctissimi
1298 5180 1549 5265 ⁵Domini
1585 5180 1780 5245 nostri
1809 5179 2027 5265 Papa‘e.

750 5282 1025 5357 Ignatius
1057 5283 1227 5356 Beati
1258 5282 1465 5356 Apost.
1506 5285 1753 5344 caerem
1786 5284 1985 5361 Praef.

598 5419 772 5486 feria
801 5419 992 5505 igitur
1020 5420 1292 5486 secunda
1320 5428 1458 5504 post
1478 5430 1757 5488 octavam
1780 5420 2034 5488 Pascha·

2120 762 2293 817 sueta
2323 752 2539 817 Palatii
2577 746 2917 830 Apostolici
2951 741 3286 819 Quirinalis
3319 736 3472 806 Aula
3514 750 3689 807 Sum-

2123 870 2265 914 mus
2293 848 2579 913 Pontifex
2602 857 2665 911 et
2687 843 3049 907 cardinales
3071 840 3476 904 deliberaturi
3500 859 3691 920 super

2117 947 2490 1028 gravissimo
2549 940 3041 1008 canonizationis
3098 937 3384 1008 neronio.
3448 936 3688 1001 Omitto

2119 1041 2605 1120 descriptionem
2640 1048 2762 1102 tam
2804 1036 2973 1108 loci,
3026 1055 3210 1117 quam
3257 1032 3679 1097 caeremonia·

2120 1158 2252 1201 rum
2301 1138 2484 1221 hujus
2515 1135 2919 1208 consistorii;
2972 1134 3140 1215 quod
3194 1140 3259 1194 et
3308 1130 3370 1191 in
3424 1129 3689 1209 reliquis

2117 1233 2340 1298 faciam
2365 1278 2385 1306 ,
2416 1235 2494 1297 de
2525 1234 2752 1314 quibus
2783 1231 3005 1312 loquar
3030 1274 3050 1300 ,
3103 1228 3216 1290 nisi
3259 1224 3576 1307 peculiare
3624 1226 3688 1288 in

2119 1331 2196 1394 iis
2228 1330 2461 1412 aliquid
2493 1329 2834 1400 acciderit,
2865 1335 2929 1390 et
2961 1334 3174 1390 notatu
3208 1324 3465 1407 dignum
3493 1370 3510 1394 ‚
3542 1341 3681 1384 cum

2117 1427 2269 1491 satis
2297 1429 2532 1492 diserte
2563 1434 2752 1508 atque
2783 1425 3105 1489 subtiliter
3132 1423 3208 1484 de
3259 1424 3339 1484 iis
3393 1419 3685 1483 omnibus

2114 1525 2591 1604 pertractaverit
2660 1522 3059 1586 Clarissimus
3117 1519 3228 1582 Vir
3297 1517 3686 1582 lastinianus

2119 1620 2511 1701 Chiapponus
2544 1619 2935 1700 Apostolicae
2960 1617 3138 1681 Sedis
3155 1613 3687 1681 caeremoniarius

2117 1715 2181 1778 in
2213 1717 2380 1782 Actis
2409 1716 2902 1780 Canonizationis
2934 1723 3297 1778 Sanctorum
3325 1713 3410 1776 Pii
3434 1721 3507 1772 v.
3535 1719 3689 1775 Pon·

2118 1814 2304 1877 titicis
2346 1815 2633 1887 Maximi,
2663 1815 2964 1877 'Andreae
3016 1810 3322 1882 Avell‘ini‚
3380 1807 3601 1871 Felicis
3652 1829 3688 1871 a

2117 1912 2454 1976 Cantalicio
2478 1957 2497 1984 ,
2531 1925 2596 1977 et
2623 1912 2988 1975 cntharinae
3023 1911 3100 1973 de
3134 1908 3403 1972 Bononia
3470 1926 3504 1968 a
3555 1924 3686 1970 san.

2120 2030 2307 2073 mem.
2339 2010 2660 2074 Clemente
2691 2016 2791 2072 ΧΙ.
2842 2028 3001 2071 anno
3053 2008 3147 2071 sui
3204 2005 3570 2070 Pontificum
3625 2013 3692 2070 et

2119 2108 2312 2171 seculi
2343 2109 2526 2191 hujus
2554 2107 2928 2171 duodecimo
2958 2106 3232 2169 habitae.

2248 2212 2394 2271 Post
2415 2207 2646 2287 privata
2668 2226 2807 2268 cum
2832 2203 3231 2268 sanctissimo
3266 2199 3690 2264 cardinalium

2123 2304 2438 2384 colloquia
2467 2302 2603 2386 (bis
2650 2302 2818 2366 enim
2871 2302 3057 2365 unice
3106 2299 3198 2362 fas
3249 2307 3347 2363 est
3396 2306 3690 2381 temporo

2124 2401 2492 2465 Consistorii
2525 2400 2825 2463 accedere
2858 2399 2933 2461 ad
2983 2397 3429 2479 alloquendum
3485 2395 3691 2460 Ponti·

2126 2496 2354 2580 tieem)
2386 2496 2647 2560 dimisso
2673 2496 2910 2576 Populo
2938 2494 3218 2559 clausum
3251 2494 3374 2559 tuit
3405 2496 3483 2558 de
3519 2513 3692 2557 mora

2126 2592 2587 2658 consistorialis
2630 2592 2821 2656 Aulae
2863 2593 3137 2657 Ostium.
3188 2600 3361 2656 Tunc
3414 2591 3686 2673 primum

2132 2692 2409 2763 omnium
2444 2691 2754 2755 cardinali
2784 2691 3105 2760 Paulatio,
3136 2691 3241 2772 qui
3273 2700 3414 2753 ante
3466 2710 3699 2772 paucos

2134 2789 2269 2853 dies
2300 2791 2498 2853 redux
2529 2792 2589 2851 in
2620 2792 2869 2862 Urbem,
2901 2788 3047 2859 licet
3080 2789 3137 2849 in
3169 2788 3553 2851 consistorio
3589 2809 3698 2867 pu-

2132 2886 2303 2950 blico
2330 2886 2550 2950 fuisset
2581 2896 2880 2967 exceptus
2900 2930 2921 2961 ,
2953 2897 3019 2949 et
3050 2887 3112 2947 in
3142 2907 3219 2950 eo
3250 2883 3475 2950 Galero
3506 2887 3699 2961 rubro

2137 2982 2483 3048 Pontificali
2516 2985 2801 3052 donatus.
2833 2984 2987 3046 nulli
3025 2995 3238 3049 tamen
3269 2984 3465 3048 adbuc
3495 3001 3700 3047 secre-

2132 3089 2199 3144 to
2227 3082 2594 3146 interfuerat
2623 3081 3007 3146 consistorio
3033 3126 3053 3153 ,
3094 3080 3424 3145 interdixit
3474 3082 3705 3145 Sancti-

2133 3188 2231 3243 tas
2262 3187 2421 3252 Sua‚
2456 3200 2532 3243 ne
2575 3183 2948 3244 sententiam
2998 3180 3234 3243 diceret
3284 3181 3350 3241 in
3393 3177 3707 3244 consisto-

2130 3277 2245 3342 riis
2275 3285 2379 3342 aut
2411 3277 2704 3360 Consiliis
2728 3322 2746 3350 ,
2779 3298 2940 3358 quae
2972 3278 3050 3340 ab
3081 3277 3224 3341 aliis
3267 3277 3701 3342 cardinalibus

2131 3375 2547 3447 haberentur,
2579 3396 2905 3458 quousque
2931 3374 3110 3458 juxta
3143 3384 3514 3440 consuetum
3544 3379 3701 3439 Pon·

2133 3470 2293 3535 tifex
2322 3471 2381 3535 ei
2416 3493 2487 3535 os
2514 3472 2827 3551 aperiret.
2863 3479 3051 3542 Porro
3083 3471 3199 3536 hoc
3229 3470 3498 3544 vinculo,
3530 3459 3701 3552 quod

2130 3570 2314 3632 Liber
2369 3569 2860 3635 caeremonialis
2885 3591 2892 3598 ·
2920 3559 3204 3635 claudere
3258 3591 3321 3632 os
3381 3565 3658 3654 appellat
3681 3611 3703 3641 ,

2134 3668 2286 3730 olim
2314 3667 2859 3751 adstringebantar
2887 3670 3027 3732 novi
3082 3666 3439 3732 cardinales
3483 3667 3559 3731 ad
3608 3686 3706 3731 se·

2130 3766 2406 3832 cundum
2435 3787 2631 3848 usque
2663 3766 2759 3830 vel
2786 3766 3035 3829 tertium
3059 3766 3530 3830 consistorium.
3549 3768 3699 3828 Cum

2132 3883 2280 3927 vero
2309 3870 2471 3944 Papa
2498 3864 2591 3926 eis
2639 3885 2712 3928 os
2761 3862 2952 3930 vellet
2997 3862 3294 3943 aporire,
3349 3864 3601 3929 exibant
3640 3861 3703 3926 hi
3763 3933 3771 3942 ,

2133 3963 2213 4022 ab
2244 3960 2402 4025 Aula
2425 4006 2446 4034 ,
2480 3963 2680 4026 donec
2710 3984 2744 4026 a
2776 3949 3069 4025 pontifice
3105 3961 3370 4024 illiorum
3403 3962 3695 4025 cardina·-

2130 4058 2283 4122 linm
2316 4059 2542 4122 auditis
2575 4080 2762 4140 super
2804 4060 3061 4141 praefati
3115 4059 3342 4122 vinculi
3400 4055 3706 4124 solutione

2133 4156 2479 4241 suffragiis,
2508 4156 2712 4238 iisque
2740 4158 3270 4220 consentientibus
3296 4201 3316 4231 ,
3371 4158 3444 4222 ini
3484 4158 3705 4221 Aulam

2136 4265 2578 4318 revocarentur
2602 4301 2616 4315 .
2649 4262 2801 4317 Tum
2837 4253 3122 4318 Pontifex
3152 4276 3262 4318 eos
3304 4266 3542 4320 stantes
3573 4275 3709 4339 gra·

2133 4352 2317 4416 vibus
2346 4353 2560 4416 ver-bis
2590 4354 2986 4425 instruebat,
3019 4374 3139 4434 qua
3188 4353 3517 4433 prudentia
3573 4374 3704 4417 mo-

2138 4450 2336 4514 destia
2366 4459 2429 4514 et
2457 4450 2839 4516 humanitate
2871 4450 2932 4513 in
2976 4451 3267 4516 omnibus
3315 4450 3593 4514 consiliis
3635 4459 3703 4515 et

2130 4548 2391 4630 judiciis
2420 4535 2486 4612 se
2519 4568 2733 4631 gerere
2765 4549 3107 4618 deberent,
3161 4548 3223 4611 in
3275 4548 3501 4630 quibus
3555 4568 3696 4612 sen-

2139 4645 2373 4712 tentiae
2407 4646 2466 4707 in
2513 4655 2831 4727 posterum
2887 4645 3184 4710 dicendae
3241 4655 3518 4727 potestas
3559 4646 3709 4727 ipsis
3821 4659 3832 4670 “

2139 4744 2436 4806 dabatur.
2468 4743 2652 4805 Modo
2682 4762 2829 4805 vero
2881 4738 3329 4824 praetermissa
3383 4742 3708 4825 suffragio-

2137 4860 2276 4902 rum
2311 4840 2609 4921 petitione
2638 4847 2825 4919 atque
2857 4839 3207 4903 hortatione
3239 4838 3518 4902 assolent
3552 4845 3709 4902 Pon-

2141 4936 2342 5006 tifices
2367 4939 2428 4998 in
2449 4937 2676 5000 eodem
2698 4945 2762 4998 ut
2787 4937 3118 5017 plurimum
3142 4936 3708 5002 consistorioclau-

2139 5025 2292 5098 dere
2319 5054 2389 5096 ac
2420 5035 2664 5116 aperire
2710 5055 2781 5097 os
2831 5035 3004 5098 novis
3060 5034 3533 5098 cardinalibus.
3584 5041 3707 5100 Ore

2140 5131 2332 5214 igitur
2361 5130 2668 5194 Cardinali
2696 5132 2780 5194 ita
2811 5132 3059 5205 clauso,
3103 5130 3261 5194 hanc
3306 5130 3527 5194 habuit
3576 5152 3710 5197 ora·

2142 5227 2374 5292 tionem
2406 5228 2704 5291 Sanctitas
2735 5233 2889 5303 Sua;
2921 5236 3255 5309 antequam
3288 5228 3364 5290 ad
3413 5249 3486 5295 ea
3539 5230 3708 5293 veni-

2142 5333 2268 5398 ret,
2300 5344 2458 5407 quae
2488 5326 2567 5389 de
2599 5323 2860 5409 singulis
2890 5322 3466 5390 Carionizandorum
3499 5328 3705 5392 causis

2146 5431 2285 5490 erat
2312 5423 2608 5490 dicturus.
