4442 6300
1497 484 1841 563 eumen·
1879 435 2361 546 ⁴ammonui!
2395 486 2561 540 nu.

3379 485 3487 542 885

448 667 610 731 quos
640 643 1029 741 Caput-,cinos
1058 635 1417 724 appellant,
1449 636 1640 721 plena
1687 635 2008 702 voluntate
2110 630 2334 717 jugum
2362 626 2594 710 loseph
2624 625 2946 709 amplexus
2973 634 3144 693 esset
3162 668 3186 705 ,
3240 625 3429 694 tacite
3484 647 3670 712 appa-

445 753 512 809 et
541 743 848 809 constanti
878 738 1210 806 devotione
1239 735 1599 821 professus,
1627 733 1936 798 desertam
1968 753 2005 796 a
2125 729 2251 792 ruit
2285 749 2363 792 ex
2390 724 2746 791 incredibili
2780 726 3031 800 studio,
3062 746 3188 807 quo
3230 732 3299 791 et
3353 726 3563 790 statim
3592 727 3676 791 ad

447 841 619 908 vitiis
640 885 661 915 ‚
691 841 921 903 inviam
954 835 1343 901 adversariis
1362 834 1778 915 potestatibus
1799 876 1821 905 ,
1851 839 1915 896 et
1945 851 2008 893 a·

2127 825 2569 908 capessendum
2588 820 2894 886 virtutum
2926 821 3203 886 omnium
3232 819 3477 887 culmen
3503 828 3676 887 totus

449 939 651 1003 riclam
682 959 717 1002 a
748 934 1000 1001 deliciis
1031 931 1432 999 secularibus
1462 942 1693 996 terram
1734 928 2006 993 incolere
2121 920 2417 986 incubuit
2444 962 2466 993 9
2495 927 2558 983 ot
2587 939 2897 1001 nunquam
2947 918 3242 999 deinceps
3296 938 3330 981 a
3386 925 3677 1001 suscepto

449 1038 698 1108 statuit,
728 1043 796 1098 ut
827 1033 915 1098 sic
941 1032 1195 1096 taudem
1227 1029 1291 1091 in
1322 1035 1534 1094 sancto
1561 1047 1857 1110 apparere
1881 1034 2008 1091 Deo
2124 1017 2533 1103 perfectionis
2562 1035 2747 1081 cursu
2801 1015 3075 1080 deflexit.
3125 1014 3481 1099 Religiosae
3528 1035 3680 1097 pau·

451 1139 846 1203 mereretur,
879 1138 1068 1213 atque
1119 1126 1200 1190 ad
1255 1125 1429 1189 illius
1481 1124 1892 1190 Beatitndinis
1946 1129 2011 1187 et
2125 1116 2396 1201 pertatis
2428 1124 2494 1179 et
2523 1114 2738 1196 spiritu
2772 1121 2839 1179 et
2865 1112 3066 1196 reipsa
3112 1112 3379 1177 eximius
3432 1112 3681 1187 cultor,
3720 1111 3770 1171 B

454 1228 699 1313 gloriae
729 1228 1112 1299 consortium
1144 1223 1426 1288 feliciter
1452 1222 1798 1306 pervenire.
1817 1227 2011 1295 Quam
2137 1215 2204 1276 in
2236 1232 2477 1278 summa
2508 1230 2720 1274 rerum
2750 1210 2957 1293 inopia
2979 1254 3000 1283 ,
3055 1208 3118 1270 in
3151 1230 3275 1292 qua
3329 1208 3684 1294 hujusmodi

453 1346 604 1390 sane
656 1324 1039 1407 praeclaram
1100 1321 1456 1385 mercedem
1512 1320 1710 1402 ipsius
1765 1325 2015 1383 sanctae

449 1420 950 1487 conversationis
972 1462 993 1492 ‚
1026 1419 1357 1483 diuturnae
1391 1415 1809 1498 poenitentiae
1861 1423 2016 1478 stre·

454 1536 852 1599 nuorumque
880 1516 1172 1580 laborum
1196 1560 1217 1589 ,
1245 1534 1410 1596 quos
1438 1534 1553 1598 pro
1604 1513 1714 1575 Dei
1776 1510 2014 1575 honore

460 1623 523 1679 et
551 1614 988 1679 Proximorum
1021 1611 1227 1675 salute
1256 1611 1335 1675 ad
1370 1616 1637 1674 mortem
1667 1627 1870 1690 usque
1925 1616 2016 1671 to·

2128 1308 2409 1374 instituti
2443 1317 2789 1372 sectatores
2817 1307 3006 1370 vitam
3037 1308 3308 1391 degunt,
3361 1308 3686 1390 complura

2129 1407 2409 1480 invenit,
2438 1425 2598 1488 quae
2627 1406 2759 1470 suis
2798 1404 3019 1468 usibus
3072 1402 3423 1469 voluntarie
3481 1407 3686 1471 detra·

2118 1502 2431 1667 hereLttitis
2460 1599 2677 1665 animo
2708 1606 2774 1664 et
2792 1597 3054 1685 humilis
3078 1600 3269 1664 corde
3289 1643 3312 1672 ,
3365 1621 3435 1665 se
3488 1608 3689 1667 totum
3732 1608 3780 1670 c

458 1709 680 1775 leravit
701 1753 722 1783 ,
754 1709 960 1772 eidem
990 1707 1181 1771 beato
1206 1705 1355 1770 Viro
1384 1705 1450 1766 in
1499 1703 1758 1770 caelesti
1815 1701 2017 1767 Patria
2134 1719 2405 1781 suasque
2432 1699 2715 1763 actiones
2739 1702 2806 1760 et
2836 1695 3187 1761 voluntates
3213 1698 3482 1763 arbitrio
3499 1706 3692 1785 Supe-

464 1827 500 1872 a
531 1814 660 1871 Deo
687 1806 1063 1871 retributam
1093 1802 1294 1868 tuisse
1317 1845 1338 1873 ,
1369 1821 1640 1883 eumque
1684 1807 2015 1885 propterea

458 1904 623 1968 inter
652 1908 898 1966 sanctos
909 1898 1313 1964 confessores
1332 1898 1733 1961 cumchristo
1757 1914 2022 1981 regnan·

461 2009 562 2066 tes
590 2002 672 2064 ab
699 1992 982 2063 Ecclesia
1011 1997 1305 2060 universa
1336 1995 1670 2060 colendum
1719 2003 1785 2058 et
1836 2012 2024 2058 vene-

462 2098 720 2162 randum
754 2114 895 2159 esse
919 2135 941 2167 ,
970 2091 1271 2175 inspectis
1299 2091 1573 2155 heroicis
1595 2090 1794 2171 ipsius
1829 2089 2023 2154 virtu·

462 2195 632 2259 tibus
655 2236 676 2266 ,
706 2211 945 2255 necnon
979 2187 1300 2253 miraculis
1327 2187 1465 2269 ejus
1491 2186 1946 2251 intercessione
1986 2205 2022 2249 a

467 2296 599 2355 Deo
626 2287 814 2354 editis
833 2329 855 2358 ,
886 2286 1050 2368 apud
1076 2289 1204 2349 Nos
1233 2293 1299 2349 et
1331 2282 1750 2365 Apostolicam
1800 2281 2022 2346 Sedem

464 2387 586 2451 rite
616 2383 932 2469 probatis,
967 2400 1108 2446 cum
1141 2380 1404 2445 consilio
1434 2389 1499 2444 et
1527 2398 1787 2444 assensu
1828 2385 2027 2441 Vene-

463 2483 753 2547 rabilium
788 2486 1073 2543 Fratrum
1106 2485 1466 2542 nostrorum
1496 2481 1556 2539 S.
1593 2483 1669 2540 R.
1698 2481 1770 2537 E.
1820 2473 2028 2537 Cardi-

464 2580 702 2645 nalium
724 2620 746 2650 ,
796 2582 861 2642 et
917 2572 1413 2640 Patriarcharum
1440 2615 1461 2645 ‚
1526 2570 2031 2651 Archiepiscopo-

463 2696 607 2742 rum
631 2719 655 2750 ,
686 2685 752 2740 et
780 2674 1230 2757 Episcoporum
1259 2670 1325 2732 in
1355 2678 1628 2734 Romana
1657 2667 1840 2732 Curia
1878 2676 2026 2732 cou-

415 2826 418 2827 γ
468 2779 864 2857 gregatorum
883 2811 906 2840 ,
937 2769 1140 2850 deque
1166 2765 1518 2832 attributae
1544 2764 1744 2830 Nobis
1760 2769 2030 2845 potesta-

463 2869 545 2932 tis
572 2866 964 2949 plenitudine
987 2907 1009 2938 ,
1039 2880 1240 2945 nuper
1266 2861 1628 2927 definiendo
1669 2861 2032 2946 pronuncia-

464 2965 671 3031 vimus
689 3010 709 3036 .
738 2984 810 3028 ac
838 2960 1260 3045 praesentium
1292 2959 1621 3024 literarum
1650 2965 1868 3023 tenore
1896 2957 2031 3022 edi-

468 3062 671 3128 cimus
689 3104 712 3135 ,
741 3060 1076 3124 statuimus
1096 3100 1118 3131 ,
1146 3065 1338 3139 atque
1366 3056 1786 3122 decernimus.

597 3158 930 3222 Leonissae
960 3154 1197 3237 Aprutii
1228 3155 1469 3237 Oppido
1515 3173 1598 3217 ex
1654 3160 1893 3217 Joanne
1948 3150 2029 3216 de

468 3254 808 3318 Desideriis
839 3261 903 3317 et
936 3251 1263 3317 Francisca
1291 3253 1367 3316 de
1401 3249 1672 3320 Paulinis
1698 3250 1766 3311 iu
1816 3247 2034 3332 Spole-

467 3358 612 3416 tana
637 3349 923 3413 Dioecesi
954 3367 1114 3411 anno
1142 3353 1406 3412 untvt.
1436 3354 1619 3411 natus
1648 3353 1748 3410 est
1775 3344 2028 3426 loseph,

470 3447 535 3510 in
562 3447 944 3528 Baptismate
973 3444 1370 3527 Euphronius
1406 3444 1610 3508 dictus
1632 3487 1654 3517 ‚
1705 3449 1770 3506 et
1824 3442 2032 3524 primo

471 3541 730 3627 quidem
749 3541 913 3623 apud
948 3546 1243 3605 Parentes
1274 3541 1378 3622 pie
1399 3562 1471 3604 ac
1495 3537 1856 3603 liberaliter
1883 3538 2033 3600 edu·

467 3648 645 3705 catus
677 3640 833 3714 fuit;
865 3646 1081 3721 postea
1110 3654 1261 3701 vero
1289 3638 1369 3701 iis
1388 3633 1700 3701 defunctis
1720 3678 1739 3709 ‚
1769 3634 2033 3699 viterbii

465 3737 578 3800 ubi
609 3743 869 3801 Patruus
904 3732 1156 3816 publice
1197 3733 1510 3806 docebat,
1567 3730 2033 3797 adolescentiae

472 3841 740 3898 aetatem
770 3838 940 3896 caste
971 3832 1338 3913 integreque
1368 3830 1689 3914 transegit.
1724 3833 1876 3892 Cum
1927 3849 2036 3892 au·

471 3935 603 3993 tem
628 3927 749 3993 soli
769 3935 896 3992 Deo
925 3933 1399 4009 perseveranter
1419 3926 1760 3991 adhaerere
1789 3923 2040 3990 statuis-

472 4031 614 4100 set,
643 4023 893 4090 oblatas
923 4023 1045 4086 sihi
1074 4044 1108 4085 a
1133 4029 1366 4088 Patruo
1399 4023 1869 4088 honestissimas
1922 4040 2036 4085 nu·

468 4123 637 4205 ptias
657 4165 679 4195 ,
707 4129 1016 4205 perpetuo
1041 4119 1424 4203 virginitatis
1455 4118 1777 4203 proposito
1806 4137 1878 4183 se
1925 4118 2035 4180 ob-

475 4220 789 4303 stringens
815 4211 1127 4282 constanti
1155 4217 1372 4282 animo
1420 4216 1781 4291 recusarit3
1840 4234 2041 4296 seque

472 4315 729 4380 tandem
758 4314 840 4377 ab
871 4311 1165 4377 omnihus
1219 4312 1433 4375 Mundi
1485 4310 1831 4395 periculis,
1889 4310 2037 4374 insi·

472 4412 596 4479 diis
619 4456 641 4487 ,
672 4410 977 4484 fallaciis,
1008 4410 1358 4475 terroribus
1377 4454 1399 4483 ,
1433 4409 1497 4472 in
1541 4408 1882 4492 perfectam
1943 4408 2035 4476 Fi·

469 4509 700 4574 liorum
728 4509 841 4572 Dei
866 4507 1225 4571 libertatem
1255 4508 1683 4572 vindicaturus
1729 4505 1807 4568 ad
1872 4505 2037 4570 Reli-

473 4607 653 4691 giosa
685 4599 1179 4688 capuccinorum
1208 4605 1488 4669 Claustra
1519 4602 1682 4684 apud
1727 4602 2031 4667 Assisium

471 4703 777 4789 confugit,
807 4704 916 4767 ubi
948 4703 1178 4767 frustra
1209 4700 1640 4766 obnitentibus
1668 4697 2036 4782 consangui-

471 4800 613 4865 neis
634 4843 656 4873 ,
687 4810 752 4865 et
781 4801 979 4865 minas
1007 4801 1202 4864 etiam
1231 4797 1699 4869 adhibentibus,
1730 4816 1856 4877 quo
1885 4809 2032 4857 eum

472 4918 510 4963 a
540 4904 755 4964 sancto
785 4896 1108 4981 proposito
1136 4901 1516 4967 avocarent,
1544 4893 1869 4959 arctiorem
1892 4912 2030 4958 saa·

473 4995 560 5060 cti
593 4994 896 5059 Francisci
931 4991 1227 5077 Regulam
1256 4991 1579 5074 professus
1607 4997 1724 5056 est.

2139 1796 2379 1862 riorum
2404 1840 2426 1871 ,
2457 1817 2734 1879 quorum
2767 1794 3054 1859 mandata
3108 1803 3326 1877 aperto
3379 1796 3578 1878 capite
3629 1804 3697 1864 et

2142 1892 2327 1957 sscxis
2356 1893 2622 1975 genibus
2648 1893 2942 1975 excipere
2971 1889 3257 1965 solebat,
3278 1893 3529 1976 penitus
3557 1914 3698 1978 per·

2140 1989 2350 2064 misit;
2382 1997 2455 2055 ut
2481 2010 2680 2071 quum
2710 1989 2845 2055 sine
2876 2007 3096 2053 eorum
3118 1988 3296 2072 jussu
3326 1991 3701 2073 cuicumque

2143 2087 2236 2150 rei
2271 2087 2547 2168 ineptum
2586 2104 2657 2149 se
2680 2105 2823 2150 esse
2851 2084 3132 2159 duceret,
3154 2104 3371 2150 eorum
3398 2087 3702 2151 acceden-

2141 2192 2206 2248 te
2233 2191 2387 2247 nutu
2419 2228 2441 2259 ,
2471 2182 2758 2247 difficilia
2788 2203 3075 2266 quaeque
3106 2183 3359 2268 aggredi
3413 2203 3534 2249 non
3589 2183 3702 2248 du·

2156 2280 2432 2345 bitaretz
2462 2286 2664 2355 Quum
2688 2300 2840 2345 vero
2866 2279 3021 2342 nihil
3050 2278 3129 2343 de
3157 2301 3226 2345 se
3254 2279 3507 2364 suisque
3553 2279 3706 2345 viri·

2145 2376 2267 2443 bus
2295 2384 2777 2459 praesumeret,
2814 2385 2881 2441 et
2908 2395 2989 2443 ne
3020 2395 3166 2441 suas
3195 2376 3446 2459 quidem
3485 2395 3705 2459 preces

2143 2475 2317 2557 apud
2349 2479 2547 2539 Deum
2577 2474 2913 2555 quidquam
2943 2473 3154 2539 valere
3212 2480 3498 2556 putaret,
3552 2473 3707 2538 alio·

2142 2590 2287 2635 rum
2321 2568 2707 2636 orationibus
2754 2569 3006 2635 assidue
3062 2592 3133 2635 se
3189 2569 3699 2636 commendabate

2155 2668 2442 2751 Denique
2472 2669 2535 2730 in
2566 2667 2893 2732 vilissimis
2921 2668 3277 2750 quibusque
3336 2666 3708 2734 exercendis

2152 2765 2562 2839 ministeriis,
2603 2764 2666 2826 in
2695 2763 2972 2830 ferendis
2999 2765 3460 2846 contemptibus
3504 2774 3569 2828 et
3611 2764 3705 2828 lu.

2148 2862 2372 2927 dibriis
2400 2862 2569 2926 laetu
2590 2881 2621 2924 s
2649 2870 2716 2928 et
2742 2859 2980 2934 alacer,
3013 2871 3158 2927 tunc
3217 2862 3416 2928 solum
3475 2860 3712 2926 tristari

2143 2960 2481 3025 videbatur
2500 3002 2522 3032 ,
2553 2978 2744 3042 quum
2776 2965 2883 3023 aut
2909 2979 3138 3023 munus
3168 2959 3571 3024 honorificum
3605 2981 3709 3025 su·

2151 3059 2403 3138 scipere
2432 3064 2800 3136 cogeretur,
2831 3065 2940 3121 aut
2967 3058 3228 3124 meritae
3256 3057 3452 3140 ipsius
3495 3056 3711 3121 virtuti

2144 3154 2368 3220 lau-des
2395 3154 2845 3219 tribuerentur.
3702 3199 3713 3204 -

2267 3256 2347 3314 At
2386 3269 2541 3314 vero
2571 3251 2847 3334 seipsum
2881 3268 2993 3332 pro
3021 3249 3290 3335 abjecta,
3319 3271 3504 3334 quam
3533 3251 3612 3315 de
3633 3262 3703 3317 se
3745 3275 3797 3336 1)

2149 3344 2404 3412 fovebat
2424 3391 2447 3421 ,
2473 3345 2764 3428 opinione
2784 3388 2805 3418 ‚
2838 3348 2928 3411 sic
2956 3365 3179 3430 aspere
3209 3346 3567 3431 duriterque
3586 3358 3709 3414 tra·

2146 3445 2383 3516 ctabar,
2414 3451 2480 3506 ut
2510 3441 2776 3507 difficile
2804 3444 2886 3507 sit
2915 3443 3107 3507 alium
3139 3446 3443 3527 reperire;
3472 3446 3581 3528 qui
3601 3466 3708 3509 no-

2153 3541 2427 3607 vissimis
2466 3540 2639 3606 hisce
2669 3539 2897 3606 seculis
2936 3543 3359 3624 poenitentiae
3389 3562 3462 3608 ac
3488 3542 3711 3607 morti·

2142 3638 2425 3705 ficationi
2459 3639 2659 3722 magis
2688 3639 2969 3703 addictus
3010 3637 3216 3704 fuerit.
3245 3646 3442 3714 Quum
3472 3644 3707 3705 etenim

2147 3746 2522 3819 perpetuum
2551 3734 2687 3801 t'ere
2708 3735 3015 3820 jejunium
3050 3737 3172 3801 sihi
3198 3738 3552 3812 indixisset,
3583 3757 3709 3803 non

2149 3833 2279 3899 alio
2306 3832 2684 3917 plerumque
2711 3851 2897 3915 pane,
2927 3851 3114 3915 quam
3145 3834 3302 3899 duro
3331 3856 3402 3901 ac
3430 3836 3706 3911 mucido,

2143 3948 2271 3994 nou
2299 3929 2427 3993 alio
2456 3928 2753 4003 obsonio,
2783 3949 2969 4010 quam
2999 3929 3266 4012 putridis
3291 3952 3363 3996 ac
3390 3932 3708 4000 semiustis
3826 4009 3833 4014 ,

2155 4024 2622 4111 leguminibus,
2664 4032 2772 4090 aut
2811 4027 3020 4093 crudis
3048 4028 3331 4094 oleribus
3354 4073 3375 4105 ,
3417 4050 3541 4096 nou
3581 4031 3707 4097 alio

2141 4131 2295 4206 petu
2334 4143 2522 4206 quam
2553 4124 2862 4204 corruptis
2903 4127 3130 4208 aquis,
3171 4135 3281 4192 aut
3304 4128 3447 4194 vino
3486 4129 3709 4195 cineri·

2145 4221 2266 4284 bus
2293 4218 2575 4287 cont'erto
2603 4220 2791 4283 vitam
2832 4223 3262 4299 sustentabat3
3304 4232 3370 4288 et
3397 4225 3709 4290 nibilomi-

2146 4336 2264 4379 nus
2284 4316 2738 4396 crucifigendae
2758 4316 2956 4382 caruis
2976 4338 3126 4385 suae
3154 4320 3439 4404 cupidior
3460 4322 3524 4385 in
3544 4322 3709 4398 dies,

2144 4411 2460 4478 inusitatis
2511 4412 2909 4499 flagellorum
2953 4418 3292 4499 generibus
3332 4440 3478 4485 suas
3520 4421 3587 4483 in
3638 4429 3715 4486 se·

2142 4507 2346 4590 ipsum
2374 4528 2594 4574 manus
2634 4511 2955 4584 armabat,
2994 4513 3228 4594 quibus
3266 4535 3493 4596 corpus
3520 4527 3719 4581 suum'

2146 4606 2453 4671 acerrime
2482 4604 2852 4683 dilaniaret3
2896 4616 2962 4672 et
3001 4611 3146 4692 quia
3190 4631 3312 4676 non
3340 4632 3595 4694 semper
3633 4613 3703 4678 id

2141 4703 2264 4788 ipsi
2292 4704 2534 4770 licitum
2564 4712 2733 4780 erat,
2778 4706 3031 4771 horrida
3060 4708 3296 4784 cilicia,
3338 4709 3578 4776 ferreas
3602 4730 3704 4776 ca·

2143 4809 2344 4876 tenus,
2374 4801 2619 4867 ferreos
2645 4801 2919 4870 circulos
2938 4846 2961 4877 ,
2988 4803 3259 4871 ferream
3283 4806 3544 4872 loricam
3569 4850 3591 4881 ,
3618 4809 3702 4873 ad

2139 4900 2501 4965 continuum
2545 4901 2638 4965 sui
2679 4901 3024 4967 cruciatum
3067 4903 3445 4969 adhibebatz
3491 4912 3578 4970 Ea
3610 4912 3703 4969 ta·

2141 5016 2286 5063 men
2324 4997 2501 5062 hilari
2545 4996 2751 5063 fronte
2778 5017 2851 5065 ac
2891 4999 3058 5067 laeto
3082 5002 3259 5066 vultu
3303 5002 3698 5086 apostolicae

596 5098 733 5168 Quo
760 5097 968 5158 autem
997 5089 1226 5154 mentis
1272 5089 1498 5154 ardore
1553 5108 1746 5155 suave
1798 5086 2023 5153 Christi
2134 5092 2623 5174 praedicationis
2665 5095 3080 5165 ministerium
3125 5099 3476 5186 adimplens
3523 5110 3698 5168 tanto

580 5293 634 5346 A
673 5273 724 5346 3.
752 5287 995 5365 Joeeplti
1016 5299 1174 5343 onus
1196 5300 1253 5343 ee
1281 5286 1470 5344 initia.

582 5381 626 5436 C
671 5378 831 5435 licis
854 5390 908 5434 ee
934 5376 1178 5433 humitate.

1589 5289 1663 5340 *Β
1701 5288 1921 5360 Ioseph
1942 5300 2175 5361 propter
2190 5293 2412 5368 spiritu.

1330 5380 1379 5432 Ι)
1423 5376 1815 5433 poenitenciae
1841 5374 2075 5434 deditus.
