4442 6300
1615 478 1963 549 QmuQut
2006 480 2476 540 SANCTOBUH
2516 485 2684 539 ETC.
3547 485 3621 541 ⁹0

566 621 1014 728 Sigmaringa
1064 618 1289 699 Vobis
1337 619 1771 716 exhibetur3
1823 642 1901 701 et
1934 629 2323 733 cognitum
2366 631 2531 704 satis
2564 645 2671 705 est
2732 646 3356 735 perspectumque
3405 632 3801 723 universis,

571 768 792 844 quam
830 740 1220 845 diligenter
1256 761 1744 847 accurateque
1781 745 2387 821 Praedecessores
2421 748 2650 821 nostri
2691 745 3061 837 Clemens,
3100 748 3495 839 Fabianus,
3530 764 3608 822 et
3641 748 3803 823 An-

568 859 825 933 therus
858 858 1094 963 colligi
1132 857 1471 961 jusserint
1509 888 1766 935 eorum
1804 865 1984 937 Acta
2013 922 2037 954 ,
2074 866 2205 967 qui
2245 889 2385 965 pro
2419 861 2623 936 Fidei
2660 861 3078 938 Catholicae
3116 862 3539 939 defensione
3580 867 3799 942 vitam

571 976 1153 1081 profundebant.
1212 978 1566 1052 Actorum
1607 977 2018 1055 collectioni
2080 978 2433 1082 judicium
2466 979 2953 1071 succedebat,
3003 979 3211 1083 quod
3264 983 3800 1059 vindicationis

569 1094 1077 1199 appellabatur
1104 1150 1126 1187 ,
1176 1094 1529 1198 quodque
1579 1099 1859 1172 institui
1897 1096 2173 1173 solebat
2210 1098 2303 1173 ab
2338 1096 2651 1171 Ecclesia
2691 1095 2783 1172 ad
2839 1084 3143 1172 fraudes·
3183 1114 3259 1172 et
3301 1099 3802 1202 ambiguitates

571 1212 976 1304 evitandas,
1012 1212 1106 1287 de
1142 1239 1295 1315 quo
1330 1211 1603 1315 judicio
1642 1215 1861 1292 verba
1892 1216 2064 1291 facit
2100 1219 2418 1321 Optatus
2442 1211 2904 1290 Milevitanus
2940 1213 3275 1319 Scriptor
3307 1216 3555 1318 quarti
3589 1240 3801 1290 secu-

568 1327 667 1419 li,
720 1354 886 1402 cum
943 1328 1220 1404 illustre
1274 1329 1553 1405 facinus
1605 1331 1990 1407 Caeciliani
2041 1331 2553 1408 Archidiacoui
2605 1349 3128 1407 commemorat
3155 1387 3179 1424 ,
3228 1335 3360 1438 qui
3411 1331 3801 1435 superbam

573 1446 959 1521 foeminam
1011 1445 1360 1521 Lucillam
1425 1449 1899 1525 vehementer
1950 1447 2415 1555 objurgavit,
2466 1473 2559 1525 eo
2609 1448 2815 1552 quod
2892 1476 3041 1524 ossa
3105 1452 3422 1528 hominis
3474 1458 3748 1526 mor-tui
3772 1507 3797 1541 ,

575 1576 717 1641 etsi
752 1568 1136 1663 Maro-ris
1163 1622 1187 1654 ,
1236 1568 1375 1640 sed
1421 1568 1735 1642 necdum
1778 1570 2200 1658 vindicati,
2246 1564 2551 1641 osculari
2604 1583 3086 1643 consueverat
3115 1623 3137 1655 ,
3192 1566 3620 1671 priusquam
3668 1566 3805 1641 Di-

573 1684 814 1757 vinam
882 1681 1408 1755 Eucharistiam
1481 1685 1906 1787 perciperet
1933 1743 1947 1758 .
2024 1680 2247 1777 Quod
2309 1687 2365 1759 si
2428 1682 2704 1787 aliquid
2773 1681 2996 1788 paulo
3068 1682 3384 1759 alienum
3446 1685 3540 1759 ab
3608 1685 3805 1759 anti-

572 1801 854 1901 quitate
914 1803 1288 1901 reperitur
1349 1803 1428 1873 in
1489 1803 1853 1891 examine,
1920 1800 2122 1905 quod
2181 1803 2496 1877 habetur
2566 1799 2921 1878 hodierna
2982 1801 3102 1876 die
3128 1856 3150 1893 ,
3213 1800 3395 1875 illud
3455 1801 3798 1905 profecto

576 1931 720 2007 est,
754 1912 961 2016 quod
996 1918 1072 1988 in
1109 1917 1309 1989 Actis
1344 1933 1422 1989 et
1456 1918 1998 1993 narrationibus
2024 1945 2278 1993 rerum
2304 1937 2669 2024 gestarum
2707 1948 2745 1992 a
2782 1917 3011 1994 Fideli
3040 1948 3081 1993 a
3107 1918 3579 2023 Sigmaringa,
3613 1944 3805 2022 quae

572 2032 795 2106 Vobis
831 2032 1190 2107 exhibitae
1248 2033 1553 2109 fuerunt
1582 2090 1601 2127 ,
1655 2053 1733 2110 et
1769 2061 1947 2138 quas
1983 2053 2195 2112 antea
2230 2036 2377 2113 Nos
2423 2040 2559 2141 ipsi
2610 2039 3111 2140 perspeximus
3146 2060 3231 2109 ac
3266 2034 3801 2140 diligentissime

574 2149 1101 2254 expendimus,
1153 2153 1228 2224 in
1270 2152 1419 2243 his,
1473 2155 1770 2257 inquam
1803 2212 1823 2241 ‚
1876 2150 2073 2229 Actis
2115 2182 2265 2229 non
2319 2154 2551 2230 solum
2589 2157 2828 2259 agitur
2880 2151 2974 2228 de
3024 2155 3443 2258 Martyrio,
3495 2151 3801 2259 ejusque

574 2268 803 2342 Causa
831 2323 852 2359 ,
887 2268 1008 2342 sed
1051 2272 1264 2342 etiam
1302 2288 1777 2345 recensentur
1812 2273 2009 2375 signa
2045 2298 2127 2347 ac
2164 2270 2551 2362 Miracula,
2587 2299 2777 2374 quae
2812 2271 3029 2347 beato
3066 2269 3296 2346 Fideli
3333 2270 3806 2349 interceden-

576 2401 651 2458 te
688 2389 881 2461 Deus
919 2388 1259 2489 patravit.
1292 2388 1585 2463 Etenim
1630 2405 1936 2466 vestram
1975 2389 2469 2465 eruditionem
2503 2390 2799 2465 minime
2836 2387 3013 2463 latet
3047 2389 3448 2492 gravissima
3482 2388 3812 2493 disputa-

577 2506 720 2593 tio,
757 2530 975 2606 quam
1014 2502 1259 2578 seculo
1301 2531 1502 2580 nono
1566 2505 1927 2582 Ecclesiae
1977 2535 2231 2610 magna
2276 2532 2443 2582 cum
2492 2505 2710 2581 laude
2745 2508 3081 2581 sustinuit
3114 2506 3191 2580 S.
3220 2503 3574 2608 Eulogius
3607 2507 3812 2579 Mar-

580 2638 705 2724 tyr
750 2647 832 2695 ac
862 2616 1110 2695 Toleti
1148 2623 1754 2728 Archiepiscopus
1790 2627 1865 2698 in
1899 2650 2031 2698 suo
2076 2623 2454 2728 praeclaro
2493 2624 2720 2698 Libro
2751 2678 2770 2715 ,
2807 2627 2933 2726 qui
2973 2622 3438 2697 inscribitur:
3472 2622 3809 2697 MEMO-

575 2739 874 2813 RIALE
948 2738 1544 2814 SANCTORUM
1584 2767 1602 2815 ε
1668 2768 1808 2845 pro
1868 2739 2099 2816 Cultu
2164 2740 2754 2816 Cordubensium
2827 2742 3237 2844 Martyrum
3277 2794 3298 2830 ,
3366 2764 3807 2842 magnopere

579 2854 1039 2931 contendens
1092 2855 1224 2930 illis
1277 2856 1768 2931 exhibendum
1823 2884 1970 2932 esse
2006 2860 2423 2962 Martyrum
2477 2856 2774 2932 Cultum
2803 2909 2825 2947 ,
2875 2857 3149 2930 etiamsi
3203 2852 3402 2928 nulla
3454 2853 3809 2929 Miracula

577 2975 678 3050 ol)
711 2999 971 3049 eorum
1012 2976 1600 3049 intercessionem
1635 2976 2076 3079 obtigissent.
2114 2981 2456 3050 Attamen
2493 2970 2565 3048 id
2608 2973 2898 3047 minime
2926 2998 3060 3045 nos
3096 2986 3352 3048 avocat
3386 2972 3477 3045 ab
3516 2973 3810 3045 institu-

579 3109 656 3168 to
691 3091 915 3168 Nobis
963 3093 1358 3194 gratissimo
1411 3092 1842 3171 venerabilis
1892 3094 2389 3197 antiquitatis,
2441 3117 2609 3167 cum
2650 3092 2726 3165 in
2760 3091 3022 3166 nostris
3072 3090 3621 3165 Commentariis
3671 3088 3802 3165 DE

576 3210 1373 3285 CANONIZATIONE
1427 3210 2021 3285 SANCTORUM
2051 3266 2072 3302 ,
2123 3207 2684 3313 qualiacumque
2736 3207 3021 3283 fuerint
3046 3264 3067 3301 ‚
3123 3206 3338 3311 plane
3391 3207 3807 3283 ostenderi—

579 3355 775 3418 mus,
815 3329 1203 3431 propositis
1238 3325 1628 3429 cujuslibet
1655 3326 1873 3403 seculi
1914 3331 2403 3403 monumentis
2438 3345 2513 3402 et
2546 3324 2925 3429 exempli5‚
2960 3353 3362 3428 numquam
3399 3325 3569 3400 Sedi
3597 3327 3807 3430 Apo-

580 3443 867 3520 stolicae
907 3446 980 3516 in
1023 3468 1225 3517 more
1260 3446 1576 3547 positum
1613 3443 1826 3519 fuisse
1854 3501 1875 3537 ,
1908 3462 1996 3518 ut
2032 3445 2333 3520 Cultum
2368 3443 2742 3548 publicum
2782 3445 3128 3547 Martyris
3161 3441 3292 3516 ulli
3324 3440 3804 3535 concederet,

576 3579 708 3636 aut
748 3561 1241 3664 permissivum
1279 3577 1354 3633 et
1391 3589 1532 3665 pro
1584 3561 1946 3665 aliquibus
1997 3579 2285 3638 tantum
2318 3562 2494 3638 locis
2522 3618 2543 3654 ,
2594 3558 2709 3639 vel
2746 3564 3294 3664 praeceptivum
3346 3576 3421 3634 et
3457 3587 3597 3664 pro
3631 3560 3806 3634 uni-

477 3669 488 3676 ’
580 3704 783 3757 versa
819 3674 1135 3751 Ecclesia
1162 3730 1184 3767 ,
1224 3680 1353 3750 nisi
1392 3696 1782 3781 postquam
1816 3682 2260 3784 Martyrium
2296 3679 2600 3783 ejusque
2635 3680 2935 3753 Causam
2973 3677 3473 3782 perpendisset
3506 3703 3588 3752 ac
3623 3703 3808 3781 pro-

578 3796 849 3884 basset,
884 3791 1084 3896 juxta
1125 3812 1333 3870 vetus
1368 3795 1696 3898 adagium
1718 3851 1739 3888 ,
1774 3823 2040 3901 nempe
2075 3798 2636 3874 MARTYREM
2668 3797 2869 3871 NON
2902 3797 3192 3870 FACIT
3231 3797 3583 3884 POENA‚
3618 3796 3801 3871 SED

579 3913 928 4003 CAUSA,
965 3928 1039 3986 et
1075 3931 1461 4015 postquam
1499 3911 1844 3988 Miracula
1877 3917 2092 3989 etiam
2121 3919 2201 3990 in
2239 3941 2539 3991 examen
2574 3913 2983 3989 adduxisset
3017 3939 3102 3987 ac
3128 3914 3520 4018 probasset.
3556 3914 3804 4017 Siqui-

576 4029 742 4106 dem
785 4031 1134 4103 tutiorem
1182 4032 1258 4102 in
1295 4030 1429 4103 hac
1464 4056 1546 4104 re
1583 4034 2016 4106 sententiam
2067 4031 2642 4137 amplectendam
2679 4034 2959 4106 censuit
2986 4088 3010 4121 ,
3062 4056 3200 4106 nec
3231 4030 3448 4106 ullam
3489 4030 3798 4136 diligen-

581 4149 750 4221 tiam
789 4148 1090 4221 omnino
1128 4146 1857 4250 praetermittendam
1887 4201 1908 4240 ‚
1942 4166 2029 4223 ut
2063 4149 2157 4225 de
2187 4152 2598 4255 gravissimo
2630 4150 2777 4232 ¹hoc
2813 4151 3110 4253 negotio
3144 4146 3492 4252 judicium
3531 4147 3801 4242 ferret,

574 4289 742 4339 cum
798 4266 1223 4367 praesertim
1262 4263 1459 4339 nulla
1512 4269 1888 4343 necessitas
1923 4265 2277 4371 ejusmodi
2311 4267 2657 4372 judicium
2702 4265 3135 4370 postularet.
3180 4265 3546 4369 Equidem
3584 4266 3805 4342 Vobis

578 4397 747 4455 ante
785 4377 1036 4455 oculos
1074 4385 1446 4485 proposita
1496 4400 1668 4456 sunt
1703 4386 1945 4459 omnia
1975 4440 1996 4477 ‚
2049 4384 2387 4461 videlicet
2415 4442 2436 4478 ,
2473 4387 2619 4463 vita
2648 4440 2669 4476 ‚
2724 4410 2917 4459 mors
2952 4381 3254 4486 ejusque
3293 4409 3502 4458 causa
3533 4439 3555 4476 ,
3606 4387 3804 4487 signa

578 4527 663 4574 ac
712 4497 1062 4575 Miracula
1098 4499 1292 4573 beati
1345 4499 1607 4575 Fidelis
1642 4530 1679 4575 a
1719 4502 2189 4606 Sigmaringa.
2240 4505 2531 4579 Interea
2568 4520 2838 4581 vestras
2871 4504 3265 4578 sententias
3301 4503 3752 4606 exquirimus
3781 4557 3802 4592 ,

582 4634 835 4691 utrum
871 4616 962 4691 nd
999 4620 1222 4720 ipsius
1258 4618 1892 4695 Canonizationem
1931 4620 2467 4700 deveniendum
2504 4623 2801 4726 putetis.

698 4918 839 4975 Post
870 4932 1052 4994 quam
1080 4919 1197 4974 BD.
1231 4913 1591 4980 cardinales
1615 4918 1866 5001 singuli,
1897 4927 1959 4982 et
1988 4929 2131 5002 post
2274 4919 2781 4983 FRANCISCUS
2814 4922 2927 4981 Tit.
2963 4920 3023 4981 S.
3060 4920 3292 4980 Marias
3332 4919 3781 4995 Transtnborim

572 5029 682 5073 eos
708 5010 886 5091 juxta
915 5009 1152 5092 proprii
1184 5011 1436 5075 Ordinis
1465 5015 1721 5095 gradum
1751 5026 1820 5079 et
1863 5017 2128 5099 dignita·
2604 5018 2813 5078 Presb.
2854 5018 3033 5078 card.
3067 5017 3452 5092 But-questus.

573 5115 699 5169 tem
739 5105 1131 5170 patriarchae
1156 5149 1176 5178 ‚
1206 5108 1671 5192 Archiepiscopi
1692 5152 1714 5184 ‚
1744 5122 1811 5178 et
1840 5114 2128 5197 Episcopi

571 5203 650 5267 de
695 5204 868 5267 Beati
917 5203 1148 5270 Fidelis
1176 5226 1363 5271 causa
1407 5207 1763 5292 suffragium
1811 5209 2131 5288 tulerunt,
2371 5214 2464 5272 An
2509 5227 2629 5272 non
2675 5214 2808 5291 Ego
2843 5216 2937 5273 tot
2980 5207 3273 5291 gravibus
3302 5226 3375 5270 ac
3419 5203 3809 5288 sapientibus

570 5306 753 5383 prout
781 5300 964 5364 infra.
2249 5304 2521 5388 Collegis
2554 5302 2712 5367 meis
2743 5304 3077 5376 assentiar,
3109 5303 3217 5386 qui
3250 5302 3311 5364 in
3343 5301 3455 5365 bac
3489 5300 3810 5385 rogatione

2251 5410 2354 5468 tua
2377 5445 2409 5502 ‚-
2430 5405 2892 5466 Bssarlsstmt
2924 5404 3172 5468 PATER
3196 5442 3217 5473 ‚
3247 5403 3393 5463 ante
3424 5416 3527 5461 me
3561 5407 3811 5461 senten·
