4442 6300
1805 510 2043 565 munt
2083 510 2374 563 nattum.

3448 514 3556 569 399

612 670 940 730 Oblationes
984 668 1044 721 in
1094 665 1265 719 Missa
1315 661 1768 720 canonizationis
1821 659 2060 712 offerunt
2132 670 2196 709 ro
2224 663 2507 709 consutam
2534 652 2716 710 induit
2734 670 2801 709 ex
2828 671 3041 727 nupero
3071 656 3282 712 Summi
3313 660 3435 713 Pon
3465 660 3627 721 tiliois
3650 665 3738 717 ιῃ.

495 766 673 839 Papae
701 757 1018 815 cardinales
1048 755 1238 809 sacrae
1265 754 1494 806 Rituum
1524 748 1950 822 congregationi
1972 746 2063 800 ad·

496 846 686 921 scripti
703 888 723 916 ,
746 864 874 919 pag.
904 844 1027 897 321.
1055 842 1181 895 322.
1207 854 1263 895 et
1286 841 1412 895 323.

2167 743 2321 795 dulto
2343 781 2360 809 ‚
2382 760 2512 813 pag.
2544 743 2668 796 132.
2697 744 2829 796 308.

2274 833 2451 885 Unam
2477 848 2541 883 ex
2566 832 2749 884 Hastis
2778 832 3061 889 Umbellae
3113 851 3275 905 snpra
3329 836 3734 893 Sacramentum

611 939 738 991 Non
766 932 996 989 exclusis
1021 930 1360 985 Diaconibns
1381 927 1625 1000 quisunt
1649 928 1710 980 in
1735 921 2062 979 Assistentia
2162 928 2215 974 et
2242 921 2442 989 Papam
2473 918 2675 973 delatae
2703 921 2759 972 in
2788 921 3199 992 supplicatione
3230 925 3500 995 Corporis
3524 926 3738 981 Christi

493 1028 704 1097 Papae,
727 1040 859 1095 pag.
887 1021 1014 1074 321.

610 1110 938 1169 Oblationes
957 1115 1210 1178 exceptae
1248 1103 1542 1179 aliquando
1592 1110 1741 1158 extra
1790 1100 2017 1153 Missam
2041 1134 2059 1165 ,

484 1202 976 1347 ''aegit-tionum
1001 1280 1394 1355 pot-landarum
1445 1279 1610 1333 Ritus
1664 1286 1720 1332 et
1769 1277 2060 1331 Caci-emo·

484 1380 611 1432 niae
633 1415 651 1444 ,
672 1393 801 1446 pag.
828 1373 954 1426 321.

601 1465 962 1520 Oblationum
992 1474 1208 1512 mensae
1229 1494 1246 1522 ,
1270 1464 1324 1510 et
1349 1471 1452 1526 pro
1479 1468 1664 1507 earum
1684 1448 2059 1504 Portitoribus

487 1556 644 1608 locus
672 1553 729 1604 in
756 1550 993 1603 Tbeatro
1013 1585 1030 1615 ‚
1048 1563 1178 1617 pag.
1203 1545 1333 1598 292.
1359 1543 1507 1597 Vide
1531 1538 1964 1609 Ichnographia.

599 1640 959 1695 Oblationum
995 1637 1198 1690 Custos
1225 1653 1254 1686 a
1278 1649 1392 1703 quo
1413 1631 1714 1685 destinatus
1734 1666 1751 1694 ,
1773 1644 1904 1698 pag.
1932 1626 2059 1679 321.

596 1729 958 1784 oblationum
988 1727 1210 1778 Mensae
1235 1720 1496 1774 'tobaleis
1519 1718 1660 1771 albis
1703 1719 1956 1771 iusta-atae
2007 1722 2061 1768 et

487 1816 734 1887 candidis
754 1815 888 1868 velis
916 1820 1080 1865 lectae
1102 1848 1117 1878 ,
1147 1808 1281 1863 ibid.

600 1908 666 1957 ln
693 1899 1088 1958 oblationibus
1117 1896 1460 1968 reportandis
1488 1894 1555 1947 ad
1595 1909 1807 1947 mensas
1856 1893 2063 1945 votan-

487 2002 589 2059 tes,
615 2000 669 2046 et
694 1990 1115 2044 Abbreviatorea
1128 1985 1384 2057 Acolythi
1418 1984 1712 2055 cappellae
1731 1981 2059 2046 deserviunt,

480 2080 1002 2225 PagbalezldiioniBw
1024 2162 1256 2234 receptis
1279 2162 1430 2233 Papa
1453 2162 1593 2214 lavat
1616 2172 1828 2226 manns,
1853 2164 1909 2212 et
1924 2156 2057 2212 Mis·

487 2274 602 2312 sam
629 2254 982 2326 prosequitur
1002 2290 1019 2319 ‚
1042 2268 1171 2323 pag.
1199 2249 1331 2302 322.

604 2346 880 2400 Occursus
906 2340 1070 2393 trium
1119 2334 1491 2392 Cardia-lium
1542 2334 1864 2389 ultimorum
1915 2332 2059 2385 inter

478 2430 836 2500 presbyteros
866 2431 1043 2497 Papae
1068 2424 1444 2496 progredienti
1473 2443 1502 2477 a
1553 2440 1722 2495 parvo
1777 2422 1936 2475 Solio
1989 2420 2053 2473 ad

480 2521 667 2575 Altare
694 2534 805 2591 pro
835 2517 1150 2580 Sacrificio,
1178 2513 1316 2567 ibid.

603 2608 818 2663 Octava
846 2606 946 2658 ss.
975 2603 1374 2674 Apostolorum
1405 2601 1553 2655 Petri
1579 2608 1634 2654 et
1655 2600 1812 2653 Pauli
1839 2599 2057 2652 sollem-

477 2692 630 2751 niori
659 2710 822 2764 quam
851 2702 1002 2746 antea
1029 2692 1176 2744 cultu
1205 2689 1508 2744 celebratur
1533 2688 1827 2760 quotannis
1855 2705 1921 2741 ex
1959 2687 2054 2740 ss.

473 2784 544 2838 1).
580 2784 653 2837 N.
683 2783 940 2835 Instituto
959 2817 976 2840 .
997 2798 1130 2851 pag.
1156 2779 1284 2832 295.

596 2872 737 2927 Octo
770 2868 1018 2941 primarii
1048 2870 1236 2921 Patres
1262 2866 1383 2937 ejus
1413 2864 1654 2919 instituti
1683 2880 1752 2919 ex
1785 2880 1899 2935 quo
1951 2861 2055 2916 fuit

473 2960 673 3014 Beatus
694 2995 711 3025 ‚
739 2955 1155 3027 superpelliceis
1181 2954 1366 3008 induti
1391 2971 1612 3008 accensa
1658 2952 1913 3008 deferunt
1960 2952 2053 3003 In·

474 3047 687 3101 tortitia
713 3053 834 3099 aute
858 3044 1139 3098 Vexillum
1163 3079 1179 3110 ,
1201 3060 1331 3113 pag.
1357 3042 1488 3095 305.

599 3137 740 3191 Octo
766 3131 1142 3187 Referendarii
1175 3149 1272 3202 per
1291 3131 1435 3185 vices
1458 3128 1702 3184 mutandi
1724 3128 1901 3183 hastas
1920 3128 2053 3183 Um-

473 3223 651 3279 bellae
679 3238 842 3292 supra
871 3221 1198 3273 Pontificem
1227 3221 1512 3286 attollunt,
1535 3237 1665 3290 pag.
1693 3219 1819 3271 308.

594 3308 807 3367 Odeum
838 3326 943 3379 pro
970 3306 1305 3363 cantoribus
1328 3308 1560 3363 Musicis
1589 3304 1936 3378 cappellania
1955 3305 2054 3359 Pa·

476 3416 581 3471 pac
599 3436 617 3466 ,
641 3416 768 3468 pag.
800 3398 925 3451 379.

594 3484 812 3556 Officia
835 3484 1118 3541 Vacabilia
1143 3501 1281 3556 quae
1307 3483 1420 3538 sint
1437 3522 1457 3553 ,
1481 3491 1537 3541 et
1560 3502 1727 3557 quaro
1751 3484 1830 3539 sic
1872 3483 2053 3553 appel·

475 3578 580 3631 lata
601 3575 627 3630 ?
645 3594 776 3647 pag.
806 3575 931 3630 131.

469 3689 478 3698 ,
587 3665 790 3719 officia
814 3659 1098 3716 Vacabilia
1124 3659 1438 3716 obtinentes
1462 3660 1711 3730 quaterni
1748 3657 2050 3731 procedunt

478 3769 604 3806 cnm
635 3747 1356 3821 funalibusquadrilibribus
1384 3747 1623 3802 accensis
1647 3747 1782 3801 sesto
1805 3746 1895 3800 die
1917 3750 2055 3799 (ior-

476 3838 636 3908 poris
666 3838 877 3891 Christi
905 3838 965 3890 in
994 3835 1406 3908 snpplicatione
1429 3871 1447 3903 ,
1477 3832 1613 3889 ibid.
1640 3846 1695 3889 ee
1737 3851 1869 3906 pag.
1926 3832 2047 3886 130.

473 3936 532 3980 et
558 3924 680 3979 137.

587 4013 917 4068 officiorum
942 4010 1287 4067 Vacabilium
1315 4011 1750 4083 praecedentiam
1797 4010 1859 4063 in
1913 4010 2039 4079 ipso

478 4101 800 4158 eorumdem
827 4109 987 4154 coetu
1015 4100 1231 4156 definiit
1256 4099 1556 4172 Gregorius
1582 4103 1744 4153 xtn.
1766 4117 1897 4172 pag.
1923 4099 2049 4151 131.

592 4187 896 4259 officiales
918 4187 986 4241 de
1022 4189 1194 4258 Virga
1220 4188 1392 4242 rubea
1413 4227 1429 4256 ‚
1457 4191 1693 4244 Vacante
1728 4189 2050 4259 Apostolica

479 4278 619 4333 Sede
641 4316 657 4343 ,
686 4278 733 4330 si
763 4276 1039 4346 contingat
1064 4277 1182 4331 fieri
1213 4278 1559 4347 supplicatio
1586 4313 1604 4345 ,
1632 4277 1699 4332 de
1754 4294 1907 4332 more
1959 4276 2050 4329 ba·

470 4364 652 4419 benda
678 4366 736 4417 in
770 4364 908 4418 l'esto
937 4365 1211 4435 Corporis
1240 4364 1446 4418 Christi
1470 4402 1487 4430 ‚
1515 4364 1768 4420 incedere
1795 4365 1995 4420 debent
2021 4384 2047 4416 a

472 4453 731 4508 lateribus
761 4451 1116 4506 Baldaccbini
1168 4470 1292 4506 cum
1341 4452 1635 4508 Intortitiis
1655 4490 1673 4522 ,
1736 4472 1868 4526 pag.
1922 4453 2046 4509 135.

478 4541 604 4596 137.

594 4629 874 4686 Oliverius
895 4630 1063 4684 vide.
1087 4632 1364 4683 Joarmes.

594 4717 816 4789 opitius
843 4718 1181 4772 Pallavicini.
1206 4718 1355 4773 Vide
1385 4717 1755 4774 pallavicini.

595 4805 815 4861 Oratio.
837 4806 982 4862 Vide
1013 4808 1286 4862 collecta.

589 4893 889 4952 Orationes
912 4894 1357 4950 Consistoriales.
1383 4895 1530 4950 vide
1557 4895 1898 4950 Advocatum.
2007 4945 2014 4950 .

589 4982 802 5037 Orator
822 4981 1120 5035 Bononiae
1145 4982 1299 5037 adest
1325 4983 1385 5036 in
1413 4983 1605 5037 Choro
1652 4984 2040 5039 carthusiano·

467 5086 590 5124 rum
613 5103 630 5136 ‚
658 5067 753 5122 ubi
780 5070 932 5138 Papa
956 5071 1244 5123 Decretum
1275 5087 1440 5141 anper
1464 5074 1611 5126 cultu
1638 5072 1780 5127 beati
1821 5073 2038 5129 Nicolai

2161 1016 2344 1077 portat
2362 1045 2379 1073 ,
2398 1024 2531 1078 pag.
2562 1006 2684 1060 132.

2273 1098 2341 1147 In
2369 1095 2875 1166 snpplicationibus
2903 1097 3108 1155 incedit
3151 1117 3273 1153 cum
3329 1102 3741 1156 Conservatori·

2159 1182 2264 1237 bus
2290 1183 2458 1237 Urbis
2484 1184 2550 1237 ad
2577 1184 2852 1237 sinistram
2882 1186 3095 1240 Prioris
3123 1189 3376 1258 Capitum
3402 1191 3739 1261 Regionum,

2156 1291 2286 1344 pag.
2317 1272 2446 1325 308.

2269 1362 2479 1413 Locum
2507 1359 2667 1415 babet
2690 1362 2747 1415 in
2777 1362 3016 1417 Theatro
3074 1365 3541 1421 canonizationis.
3593 1369 3737 1424 Vide

2163 1448 2654 1521 Iclmographiam,
2677 1469 2805 1522 pag.
2831 1451 2961 1506 292.

2283 1540 2495 1594 Orator
2517 1540 2820 1595 Galliarum
3088 1580 3100 1593 .

2284 1629 2496 1683 Orator
2515 1631 2867 1685 venetiarum
2986 1565 3010 1677 Ξ
3034 1580 3174 1635 vulo
3200 1582 3401 1636 locu&

2283 1717 2494 1770 Orator
2516 1727 2659 1771 extra
2686 1719 2957 1773 Ordinem
2995 1720 3062 1773 ad
3118 1718 3570 1790 praesentandum
3622 1724 3731 1776 Ve-

2163 1802 2323 1873 ctigal
2350 1821 2451 1873 pro
2480 1807 2673 1875 Regno
2700 1808 2984 1879 utriusque
3012 1809 3229 1862 Siciliae
3258 1808 3505 1863 debitum
3558 1807 3735 1864 disce·

2165 1890 2249 1943 dit
2271 1911 2299 1944 a
2323 1893 2534 1946 Palatio
2557 1896 2945 1950 Farnesiorum
2965 1935 2982 1962 ‚
3003 1915 3134 1967 pag.
3163 1897 3290 1950 302.

2277 1982 2505 2035 summo
2533 1985 2789 2039 Pontifici
2817 1986 2957 2039 illud
2990 1986 3150 2041 offert
3184 1987 3238 2037 in
3268 1987 3411 2041 Aula
3433 1987 3607 2057 Regia
3631 1987 3736 2043 Va·

2165 2066 2328 2121 ticani
2358 2070 2552 2122 Palatii
2579 2079 2635 2124 et
2658 2091 2824 2142 quare
2848 2072 2874 2126 ἲ
2893 2091 3022 2144 pag.
3050 2073 3179 2126 302.
3206 2074 3351 2128 Vide
3376 2074 3586 2144 Equus.

2281 2157 2609 2211 Oratorium
2640 2160 2911 2229 privatum
2936 2162 2998 2213 in
3040 2161 3265 2231 propria
3311 2163 3498 2214 Domo
3528 2161 3595 2214 ad
3641 2161 3734 2215 sa-

2161 2241 2430 2298 crificium
2458 2245 2841 2301 celebrandum
2869 2246 3069 2301 babent
3115 2248 3383 2302 Advocati
3436 2248 3730 2303 Consiste·

2162 2333 2319 2386 riales
2351 2349 2453 2403 pro
2479 2350 2537 2388 se
2566 2334 2788 2408 suisque
2821 2336 3259 2407 Cousanguineis
3283 2353 3467 2393 secum
3492 2336 3737 2392 babitan-

2165 2417 2312 2472 tibus
2331 2457 2349 2486 ,
2372 2438 2501 2489 pag.
2532 2421 2655 2475 151.

2281 2507 2434 2563 Ordo
2463 2508 2895 2579 supplicationis
2922 2511 3206 2582 utriusque
3236 2512 3386 2566 Cleri
3413 2511 3472 2566 in
3516 2513 3606 2567 die
3634 2514 3735 2569 Ga·

2160 2595 2532 2649 nonizationis
2551 2635 2568 2663 ,
2588 2616 2720 2669 pag.
2748 2599 2877 2656 303.
2902 2599 3032 2655 304.

2280 2685 2432 2741 ordo
2461 2688 2749 2757 Equitatus
2776 2691 2834 2743 iu
2856 2689 3146 2762 pervigilio
3167 2690 3565 2745 sollemnitatis
3594 2693 3732 2746 Cor-

2158 2775 2312 2845 poris
2344 2775 2552 2829 Christi
2576 2815 2592 2843 ,
2615 2795 2745 2847 pag.
2776 2777 2901 2830 131.

2180 2880 2186 2885 ’
2278 2862 2431 2919 Ordo
2458 2866 2747 2935 Equitatus
2767 2867 3021 2921 oratoris
3046 2875 3192 2922 extra
3218 2866 3493 2925 Ordinem
3513 2869 3580 2922 ad
3603 2886 3729 2939 pen·

2157 2949 2400 3005 dendum
2427 2953 2673 3025 Vectigal
2720 2970 2824 3024 pro
2874 2954 3084 3027 Regnis
3138 2958 3418 3028 utriusque
3471 2958 3726 3027 Siciliae,

2150 3057 2280 3109 pag.
2307 3040 2432 3096 302.

2278 3128 2430 3184 Ordo
2458 3147 2570 3201 quo
2616 3149 2647 3186 e
2699 3133 2959 3203 cappella
3001 3132 3294 3188 Pontificia
3347 3132 3627 3190 descendit
3669 3133 3731 3187 iu

2157 3218 2476 3271 vaticanam
2504 3221 2794 3276 Basilicam
2822 3223 2969 3291 Papa
2995 3239 3117 3276 cum
3150 3222 3557 3288 cardinalibus,
3585 3225 3731 3276 aliis·

2155 3323 2264 3376 que
2288 3308 2569 3362 Romanae
2596 3310 2793 3364 Curiae
2819 3309 3069 3366 coetibus
3106 3312 3177 3365 ad
3228 3311 3725 3366 canonizationem

2155 3395 2515 3464 peragendam
2540 3434 2556 3462 ‚
2579 3414 2707 3466 pag.
2738 3398 2865 3450 300.
2896 3408 2951 3452 ee
2971 3416 3084 3467 seq.

2276 3480 2428 3537 Ordo
2457 3484 2513 3536 in
2541 3483 2933 3539 oblationibus
2962 3485 3272 3541 deferendis
3300 3491 3548 3556 tempore
3591 3485 3728 3539 Mis·

2155 3585 2245 3625 sae
2272 3571 2332 3623 in
2360 3569 2450 3626 die
2478 3572 2928 3626 Canoniaationis
2946 3610 2963 3640 ,
2986 3591 3114 3642 pag.
3142 3573 3271 3630 321.

2267 3659 2425 3713 Ordo
2455 3659 2856 3716 subselliorum
2883 3663 2942 3714 in
2969 3662 3206 3717 Theatro
3239 3660 3688 3716 canonizationis
3711 3698 3727 3729 ,

2149 3764 2280 3819 pag.
2310 3749 2436 3802 377.

2277 3839 2617 3894 orientales.
2641 3836 2789 3895 Vide
2814 3838 3104 3910 Episcopi.
3132 3838 3395 3895 Habitus.

2276 3928 2524 3981 Ornatus
2548 3927 2778 3981 Viarum
2803 3965 2819 3993 ‚
2847 3944 2947 3996 per
2975 3943 3107 3998 quas
3136 3927 3227 3981 die
3250 3929 3419 3982 Festo
3449 3926 3728 3997 Corporis

2157 4014 2365 4068 Christi
2394 4014 2600 4069 incedit
2620 4016 2983 4085 supplicatio,
3013 4016 3329 4069 cardinales
3349 4017 3557 4068 Romae
3577 4030 3729 4067 com-

2156 4112 2431 4156 morantes
2459 4119 2611 4156 anam
2637 4105 2870 4174 quisque
2895 4103 3009 4156 viae
3037 4112 3241 4174 partem
3271 4102 3564 4173 aequaliter
3616 4101 3726 4155 sibi

2156 4188 2532 4260 obtingentem
2557 4228 2573 4256 ,
2602 4207 2796 4246 ornare
2821 4190 3074 4257 student,
3095 4208 3226 4261 pag.
3257 4190 3382 4243 131.

2277 4279 2527 4333 Ornatus
2550 4280 2868 4333 porticuum
2898 4279 3142 4332 Vaticani
3164 4318 3184 4345 ,
3212 4286 3265 4332 et
3306 4277 3506 4348 reliqni
3555 4274 3728 4330 ambi·

2153 4372 2238 4418 lus
2265 4372 2579 4435 apparatum
2607 4366 3055 4436 Apostolicarum
3084 4364 3323 4418 Aedium
3372 4362 3597 4419 Aulaeia
3622 4401 3639 4429 ,
3668 4373 3728 4418 ut

2154 4453 2326 4506 moris
2351 4461 2435 4507 ast
2455 4491 2471 4519 ,
2500 4454 2770 4524 reliquum
2798 4463 3048 4507 ornatum
3080 4455 3339 4507 Gamerae
3363 4452 3722 4522 Apostolicae

2151 4541 2463 4611 sumptibus
2490 4541 2607 4595 fieri
2638 4541 2903 4612 praecipit
2927 4541 3254 4596 Benedictus
3272 4542 3423 4594 xlv.
3453 4556 3546 4593 sua
3574 4541 3725 4593 Con·

2150 4631 2435 4685 stitutione
2463 4639 2727 4700 perpetuo
2754 4630 3011 4693 valitura:
3038 4630 3085 4683 si
3112 4630 3254 4683 sorte
3305 4630 3584 4698 contingat
3634 4646 3721 4683 ce·

2150 4716 2351 4772 lebrari
2379 4718 2696 4789 hujusmodi
2723 4719 3015 4773 Processio
3038 4756 3054 4785 ‚
3081 4718 3402 4789 Apostolica
3449 4717 3590 4772 Sede
3612 4716 3720 4772 Va·

2149 4814 2303 4860 cante
2324 4842 2340 4871 ‚
2362 4823 2491 4876 pag.
2523 4805 2649 4860 133.
2678 4817 2733 4859 ee
2751 4822 2867 4875 seq.

2267 4896 2512 4950 Ornatus
2536 4895 2709 4948 Aulae
2735 4894 2804 4947 ad
2832 4892 3177 4948 consistoria
3207 4891 3576 4963 Semipublioa
3626 4892 3718 4947 ba·

2144 4979 2325 5036 benda
2350 4983 2408 5035 in
2435 4982 2647 5036 Palatio
2675 4981 2991 5050 Quirinali,
3011 5000 3141 5054 pag.
3168 4984 3258 5037 98.

2261 5072 2506 5126 Ornatus
2526 5072 2775 5126 Vaticani
2802 5071 3023 5141 Templi
3043 5070 3110 5124 ad
3126 5068 3577 5125 canonizationis
3598 5068 3721 5122 Sol·

451 5155 750 5224 -Albergau
776 5155 929 5210 Civis
968 5163 1025 5212 et
1073 5157 1343 5228 Episcopi
1394 5160 1771 5215 Bononiensis
1821 5160 2036 5230 edidit,
2099 5175 2103 5180 ·
2137 5159 2340 5214 lemnia
2364 5196 2379 5224 ,
2402 5177 2532 5231 pag.
2561 5159 2687 5214 372.

460 5243 784 5403 vemt-‘m
811 5331 1148 5390 Senatoriam
1177 5332 1237 5387 in
1265 5334 1730 5393 sonemnioribm
1751 5337 1925 5396 textili
1947 5356 2039 5395 au-

2211 5271 2220 5280 ·
2261 5250 2339 5304 Os
2360 5248 2601 5320 Aperite
2625 5260 2681 5301 ee
2712 5250 2790 5306 Os
2816 5246 3088 5303 acuam
3113 5246 3273 5303 novis
3317 5243 3705 5303 cardinalibus

2140 5336 2277 5411 quid
2306 5337 2383 5392 ait
2399 5376 2421 5406 ,
2446 5354 2577 5410 pag.
2606 5337 2695 5395 17.
