4442 6300
1452 481 1799 553 Qnmoua
1840 478 2311 541 sanci-oanni
2376 483 2544 538 arc.

3358 475 3464 531 11⁸

392 633 891 717 capuccinorum
932 628 1206 697 inamati
1232 629 1582 719 Almus,
1611 628 1719 711 qui
1749 627 1847 713 (a)
1871 626 1966 693 bi·
2070 633 2200 692 tem
2248 645 2364 709 pro
2409 626 2623 694 divino
2664 623 2834 699 cultu
2879 560 3176 707 reliquit,
3222 622 3338 689 sed
3379 620 3445 685 in
3492 617 3649 687 foris

399 731 495 797 bit
536 751 768 814 aquam
795 729 874 792 de
903 729 1182 794 Cisterna
1213 750 1368 804 sua,
1415 734 1480 794 et
1522 728 1752 792 fluenta
1792 725 1965 809 putei
2065 726 2355 811 gloriae,
2368 727 2447 789 iu
2473 727 2661 791 domo
2704 724 2982 796 divitiis,
3010 720 3406 789 bonoribus
3390 740 3452 782 tn
3484 719 3650 784 aulis

397 828 533 905 sui3
574 827 916 910 fontesque
978 848 1129 892 suos
1183 825 1354 892 foras
1400 824 1749 899 derivavit,
1792 830 1858 891 et
1899 824 1965 887 in

394 926 622 1009 plateis
645 946 844 1008 aquas
872 946 1023 989 suas
1049 924 1281 989 divisit.
1317 925 1786 1011 Observantur,
1804 920 1968 1006 proh

377 1023 619 1089 dolor!
652 1025 737 1088 ob
768 1021 987 1088 oculos
1033 1023 1352 1088 teterrima
1395 1020 1506 1086 illa
1534 1027 1602 1085 et
1630 1028 1971 1104 perpetuae

396 1119 693 1185 oblivioni
757 1118 1105 1183 mandanda
1165 1127 1487 1202 tempora,
1552 1118 1785 1201 quibus
1831 1122 1971 1189 ,Ec-

397 1217 657 1285 clesiam
698 1216 808 1281 Dei
835 1215 942 1301 (b)
969 1216 1430 1281 exterminabat
1459 1222 1627 1299 Aper
1654 1215 1734 1280 de
1766 1214 1992 1290 Silvas

403 1334 672 1398 eamque
714 1313 1173 1395 depascebatur
1212 1312 1549 1395 singularis
1590 1310 1765 1376 ferus
1788 1358 1806 1375 .
1853 1318 1974 1378 Ve-

401 1433 539 1476 rum
569 1411 856 1494 exsurgit
888 1410 1233 1482 Dominus,
1284 1410 1453 1475 videt
1507 1417 1574 1475 et
1618 1409 1830 1475 visitat
1884 1410 1976 1476 vi-

407 1527 591 1573 neam
635 1528 847 1583 suam;
876 1506 1074 1590 fitque
1121 1526 1343 1571 manus
1371 1506 1512 1591 ejus
1538 1526 1734 1591 super
1760 1507 1971 1573 virum

407 1607 705 1670 dexterae
759 1624 951 1677 suae,
1011 1594 1264 1670 beatum
1321 1603 1600 1670 Fidelem
1627 1644 1649 1681 ,
1714 1605 1822 1687 qni
1877 1604 1973 1689 (c)

406 1702 759 1769 succinctus
800 1699 1053 1768 lumbos
1095 1723 1244 1766 suos
1282 1701 1345 1764 in
1387 1702 1654 1768 veritate
1680 1746 1702 1776 ‚
1751 1709 1819 1767 et
1880 1703 1975 1766 in·

406 1801 594 1866 dutus
635 1799 888 1866 loricam
925 1798 1258 1882 justitiae,
1302 1799 1617 1865 calceatus
1676 1800 1871 1883 pedes
1911 1801 1982 1863 in

405 1897 883 1983 praeparatione
917 1896 1235 1981 Evangelii
1283 1899 1491 1980 pacis,
1535 1906 1742 1963 sumto
1792 1897 1970 1963 Fidei

408 2006 648 2071 scuto,·
685 1993 865 2078 galea
928 1993 1168 2058 salutis»
1215 1996 1279 2058 et
1332 1994 1588 2081 gladio,
1647 1995 1817 2077 quod
1877 2002 1978 2060 est

405 2097 684 2160 verbum
718 2093 863 2168 Dei,
893 2091 1210 2174 Rhaetiam
1242 2092 1748 2159 circumlustrans
1777 2093 1839 2159 in
1868 2113 1973 2177 pe·

412 2211 604 2261 reone
666 2190 1012 2273 Religionis
1075 2190 1527 2255 monimentum
1587 2193 1778 2256 vertit
1834 2191 1984 2277 (d);·

410 2289 687 2371 dumque
728 2288 895 2353 zelat
932 2285 1138 2351 zelum
1169 2289 1347 2373 Legis
1372 2288 1510 2374 (e),
1543 2287 1766 2355 stolam
1799 2308 1976 2357 suam

414 2385 717 2451 dealbans
759 2385 823 2446 in
853 2385 1153 2467 sanguine
1217 2385 1372 2468 Agni
1395 2429 1416 2459 ,
1449 2393 1742 2470 receptus
1783 2393 1882 2451 est
1915 2385 1980 2448 in

413 2483 665 2546 Caelum
688 2527 704 2544 .
732 2480 1078 2555 Caelitibus
1106 2481 1320 2565 itaque
1340 2524 1361 2554 ,
1392 2480 1705 2549 fremente
1735 2504 1839 2558 eo,
1871 2484 1977 2567 qui

415 2600 492 2644 ex
534 2581 798 2644 adverso
838 2587 1006 2652 stat,
1052 2577 1390 2661 plaudente
1431 2599 1625 2653 vero,
1681 2601 1804 2663 qua
1852 2579 1981 2646 late

418 2684 628 2759 patet,
668 2674 974 2742 catholica
1016 2676 1392 2761 Religione,
1420 2697 1581 2760 quae
1625 2696 1881 2760 semper
1917 2686 1985 2742 et

417 2775 651 2857 ubique
693 2796 811 2839 una
843 2783 907 2840 et
935 2774 1159 2840 eadem
1191 2774 1311 2839 sibi
1341 2775 1598 2841 easdem
1620 2818 1642 2848 ‚
1675 2783 1830 2857 quas
1855 2776 1982 2858 pri·

421 2873 626 2936 maevi
673 2871 1043 2946 Christiani,
1087 2893 1166 2936 ex
1208 2872 1476 2937 Athletis
1505 2872 1636 2937 suis
1662 2882 1986 2955 congratu-

419 2964 584 3032 latur
623 2969 955 3033 victorias=
1002 2964 1347 3034 Caelitibus
1370 3012 1391 3040 ,
1423 2968 1672 3051 inquam
1694 3009 1717 3041 ,
1747 2976 1985 3035 a-SAN-

423 3073 758 3134 GTITATE
799 3072 1094 3130 VESTRA
1140 3087 1369 3132 censeo
1422 3087 1565 3132 esse
1618 3067 1981 3154 adscriben·
2014 3122 2028 3128 -

422 3168 567 3232 dum
586 3208 609 3239 ,
641 3164 750 3246 qui
777 3162 1160 3228 heroicarum
1193 3166 1496 3230 virtutum
1530 3164 1731 3250 gloria
1772 3173 1839 3230 et
1868 3166 1982 3228 mi·

421 3260 776 3329 raculorum
802 3259 1095 3332 claritate
1137 3261 1508 3343 conspicuus
1555 3269 1779 3329 Sacrae
1829 3267 1985 3328 Con-

423 3357 805 3444 gregationis
848 3356 927 3422 de
968 3358 1368 3440 Propaganda
1396 3358 1546 3423 Fide
1573 3367 1987 3448 protomarty-

425 3459 518 3523 ris
555 3457 833 3528 lauream
863 3454 1227 3539 praeripuit.

467 3629 811 3715 monus
856 3649 1219 3722 ananus
1247 3617 1319 3715 ά.
1353 3654 1569 3716 naboe
1599 3653 1942 3732 spuma·

925 3785 934 3798 ι
1023 3749 1382 3825 Aprutium.

551 3944 1051 4008 SENTENTIAM
1094 3940 1158 4003 in
1203 3907 1316 4006 bac
1359 3962 1427 4007 re
1469 3942 1832 4026 gravissima
1880 3943 1990 4010 do-

424 4041 842 4107 ctissimorum
875 4045 1123 4102 Petrum
1156 4038 1240 4102 ita
1270 4037 1500 4114 laudo,
1528 4045 1987 4108 BEATlssfflE

427 4144 738 4212 PATER,
768 4142 839 4201 ut
879 4155 1004 4200 nou
1048 4134 1264 4201 videar
1302 4135 1456 4200 mibi
1525 4159 1722 4223 posse
1769 4137 1989 4205 melio-

425 4258 562 4304 rem
590 4235 971 4319 adjungere.
1016 4234 1410 4317 Stupiditatis
1451 4243 1622 4324 esset
1647 4278 1667 4310 ‚
1698 4235 1814 4301 boc
1861 4256 1985 4303 non

427 4351 859 4421 cognoscere,
922 4329 1276 4397 ambitionis
1336 4341 1404 4397 et
1457 4331 1793 4416 philautiae
1861 4334 1986 4401 alia

429 4430 850 4516 superdicere·
1361 4459 1375 4468 ·

554 4536 787 4592 Beatus
828 4523 1058 4589 Fidelis
1100 4544 1134 4589 a
1163 4509 1541 4611 Sigmaringa
1572 4527 1732 4593 sexti
1759 4527 1986 4594 decimi

431 4626 628 4693 seculi
656 4629 890 4708 Mat-tyr
914 4622 1244 4733 egregius,
1241 4624 1525 4699 zelum,
1551 4627 1990 4702 constantiam,

432 4725 804 4794 charitalem
853 4715 1250 4801 antiquorum
1293 4730 1357 4788 et
1409 4720 1621 4786 forsan
1663 4724 1995 4805 Apostolo-

433 4842 614 4914 rum,
646 4818 763 4883 etsi
803 4838 927 4881 non
969 4819 1449 4898 exaequaverit,
1479 4819 1703 4886 saltem
1737 4840 1861 4888 non
1883 4824 1998 4888 mi-

435 4918 573 4996 nori
617 4916 812 4982 ferme
856 4915 1049 4998 gloria
1094 4915 1449 5000 dignus'est
1477 4917 1801 5008 appellari.

557 5020 700 5083 Non
735 5015 1026 5100 cymbam
1049 5055 1070 5087 ‚
1115 5032 1240 5090 non
1269 5015 1470 5088 retia,
1514 5035 1638 5081 non
1670 5025 1998 5103 pauperta-

542 5279 646 5351 (a)‘
665 5267 836 5335 Ρωυ.
877 5283 931 5334 s.

542 5356 635 5502 {¹33
667 5355 963 5501 {2227}

2081 826 2343 891 missum
2365 822 2569 897 dedit,
2592 831 2658 887 ut
2685 829 3112 906 paupertatem
3139 817 3648 900 amplecteretur.

2208 921 2645 1005 Pauperrimus
2686 920 3092 1004 capuccium,
3122 918 3265 983 licet
3301 914 3657 981 bumilitate

2089 1018 2446 1093 demissus,
2489 1019 2739 1092 cilicio,
2777 1015 3083 1102 flagellis,
3125 1013 3404 1097 vigiliis,
3440 1012 3657 1078 inedia

2082 1115 2456 1182 confectus:
2508 1114 2726 1182 Gravis
2782 1124 3057 1180 attamen
3115 1122 3178 1176 et
3230 1110 3535 1177 comitate
3589 1118 3659 1176 et

2084 1212 2380 1297 exemplo
2404 1223 2652 1277 ceteros
2672 1213 2751 1277 ad
2781 1210 3044 1277 meliora
3068 1209 3382 1293 perduxit3
3410 1208 3473 1271 in
3504 1209 3656 1273 scri-

2087 1311 2318 1375 bendis
2345 1309 2750 1376 concionibus
2778 1317 2998 1374 noctes
3022 1309 3299 1392 integras
3326 1325 3656 1371 consuma-

2086 1407 2217 1482 vit,
2260 1416 2329 1472 ut
2369 1406 2662 1491 Magister
2690 1407 2767 1472 ad
2797 1406 3096 1470 colendos
3127 1403 3413 1469 homines
3444 1403 3507 1466 iu
3539 1410 3658 1469 Re·

2088 1503 2366 1591 ligione,
2405 1504 2468 1567 in
2511 1504 2789 1590 moribus
2828 1502 3148 1569 institutus
3204 1502 3432 1566 merito
3481 1501 3658 1567 vide·

2095 1611 2293 1697 retur.

2213 1700 2440 1765 Mirum
2484 1698 2654 1765 dictu
2700 1699 2781 1763 de
2823 1698 2962 1781 eius
2993 1656 3336 1769 charitate,
3352 1696 3537 1778 quod
3566 1697 3658 1759 in·

2086 1804 2185 1864 ter
2202 1799 2554 1881 pestilentis
2581 1818 2769 1864 aurae
2799 1795 3077 1881 pericula
3105 1797 3298 1861 vitam
3331 1816 3441 1861 sua
3470 1815 3654 1880 spon·

2084 1902 2152 1961 te
2184 1895 2435 1962 dederit
2460 1896 2687 1961 exitio.

2209 1994 2683 2059 naereticorum
2729 1990 2874 2055 libri
2923 2011 3002 2057 ne
3043 1998 3432 2075 prostrarent
3472 2009 3657 2057 vena·

2085 2090 2184 2157 les
2222 2092 2286 2155 in
2329 2091 2632 2158 Fidelium
2667 2090 3047 2219 perniciem,
3108 2088 3380 2157 maximo
3433 2087 3659 2155 labore

2085 2189 2344 2255 curavit.

2214 2266 2564 2353 videbatur
2604 2283 2941 2367 equidem
2924 2302 3131 2369 ignem
3161 2303 3313 2349 suae
3338 2282 3662 2350 charitatis

2092 2384 2306 2449 omnia
2326 2427 2350 2458 ,
2378 2403 2541 2466 quae
2589 2389 3001 2464 sequerentur
3024 2379 3186 2446 mala
3215 2381 3523 2447 devorare
3548 2402 3660 2446 vo·

2090 2479 2334 2556 luisse3
2380 2479 2534 2555 dum
2580 2478 2812 2543 etenim
2841 2498 2878 2539 e
2911 2478 3206 2562 suggesto
3247 2477 3658 2543 concionaba-

2092 2586 2232 2642 turz
2275 2575 2518 2642 calculo
2567 2574 2767 2658 ignito
2807 2593 3184 2657 percussus,
3230 2572 3492 2638 illaesus
3522 2594 3661 2640 eva·

2094 2675 2215 2740 sit.
2271 2673 2509 2738 Deinde
2558 2692 2701 2737 cum
2767 2690 2913 2752 prae
2967 2669 3211 2734 foribus
3273 2680 3513 2743 staret,
3587 2678 3655 2736 et

2093 2770 2474 2836 haereticam
2507 2767 2846 2843 conficeret
2885 2767 3017 2832 suis
3058 2768 3475 2833 concionibus
3524 2788 3663 2851 pra·

2094 2870 2352 2935 vitatem
2376 2911 2396 2942 ‚
2425 2866 2685 2932 ensibus
2715 2874 2782 2930 et
2823 2865 3097 2931 fustibus
3126 2866 3479 2949 appetitus,
3507 2885 3666 2930 mar-

2098 2970 2326 3057 tyrium
2358 2964 2668 3049 gloriosus
2697 2962 2917 3027 obivit.

2219 3064 2458 3130 Idcirco
2493 3062 2637 3145 jure
2678 3081 2930 3142 quoque
2972 3060 3209 3142 optimo
3236 3059 3403 3124 inter
3430 3066 3663 3146 Marty-

2096 3186 2200 3231 res
2241 3162 2555 3230 accenseri
2579 3203 2601 3234 ,
2640 3164 3160 3226 BEAnssmtm
3203 3166 3550 3235 Parnm,
3593 3168 3662 3225 et

2092 3261 2459 3348 Magistrum
2485 3258 2909 3324 obtestamur.

2141 3446 2739 3550 essamanuws
2762 3413 3294 3532 ,rari-apuam
3336 3458 3618 3519 esocem

2478 3556 2863 3618 castellanae
2906 3563 2966 3616 ot
3012 3555 3275 3617 Harena.
3400 3598 3407 3607 .

2220 3752 2697 3826 BEATISSfflE,
2723 3754 3014 3814 PATER.
3058 3752 3289 3814 Beatus
3343 3747 3581 3813 Fidelis
3622 3768 3661 3813 a

2099 3848 2488 3937 Sigmnringa
2526 3846 2649 3919 etsi
2690 3845 2883 3912 fuerit
2922 3847 3279 3912 omnimoda
3305 3846 3540 3928 pietate
3569 3844 3664 3908 in-

2097 3950 2334 4035 signis,
2389 3966 2462 4012 ac
2512 3943 2785 4028 regulari
2826 3943 3223 4011 strictissima
3266 3944 3665 4010 observantia

2097 4046 2512 4132 praecipuus;
2553 4041 2740 4107 hasce
2783 4048 2992 4106 tamen
3043 4040 3329 4124 aliasque
3387 4044 3658 4107 virtutes

2071 4142 2472 4227 ad‘ssculmen
2517 4140 2807 4204 heroicae
2861 4137 3266 4219 perfectionis
3308 4141 3523 4204 evexit
3564 4158 3664 4204 ar-

2097 4238 2474 4306 dentissimo
2493 4234 2847 4300 catholicae·
2870 4234 3041 4299 Fidei
3071 4236 3505 4319 propagandae
3535 4243 3663 4300 stu·

2099 4342 2246 4415 dio;
2290 4338 2438 4401 dum
2502 4333 2867 4398 Haereticos
2920 4331 3486 4414 praedicationibus
3532 4332 3668 4397 suis

2101 4439 2397 4506 adortus,
2440 4452 2584 4498 cum
2628 4429 2901 4513 plurium
2945 4431 3355 4496 conversione
3383 4430 3667 4495 auxisset

2103 4534 2479 4603 Ecclesiam,
2501 4529 2765 4594 aliorum
2803 4527 2864 4589 in
2894 4548 2963 4592 se
2991 4527 3202 4593 odium
3230 4529 3494 4594 excivit:
3525 4534 3662 4603 Quo

2103 4643 2312 4700 tamen
2356 4629 2608 4693 minime
2651 4628 2944 4697 territus,
2975 4645 3087 4706 pro
3116 4626 3341 4692 eadem
3388 4627 3537 4689 Fide
3581 4646 3661 4690 eo

2104 4731 2245 4815 ipso
2272 4739 2585 4810 tempore,
2611 4744 2736 4806 quo
2763 4721 3056 4785 eamdem
3088 4722 3407 4804 impavido
3437 4723 3661 4788 ardore

2104 4829 2450 4894 conabatur
2490 4822 2868 4893 extendere,
2901 4820 2981 4883 ab
3011 4819 3163 4900 ipsis
3188 4821 3545 4885 Haereticis
3574 4820 3665 4882 in-

2106 4919 2388 4988 numeris
2425 4915 2788 4984 vulneribus
2828 4911 3155 4978 confossus
3200 4912 3664 4998 gloriosissime

2107 5023 2348 5104 ltartyr
2390 5013 2702 5083 occubuit.
2744 5017 2979 5077 Tantus
3018 5008 3204 5095 igitur
3244 5009 3389 5075 fidei
3443 5009 3667 5086 testis,

2224 5279 2320 5352 (a)
2360 5282 2409 5333 1.
2449 5276 2638 5352 Μαριι.
2675 5276 2728 5328 a.

2235 5358 2293 5426 (
2263 5356 2322 5424 )
2360 5357 2536 5422 Apoc.
2574 5353 2632 5404 τ.
