4442 6300
951 531 986 581 0
1582 562 1597 588 ,
1932 524 2141 577 ACTA
2182 523 2852 579 CANoNtzA'rtoxts

764 675 892 757 jam
924 672 1099 752 prius
1127 670 1372 733 fuerant
1396 714 1416 741 ‚
1449 668 1714 753 velaque
1741 667 1979 752 pariter
2035 668 2330 763 demissa.

765 776 1001 834 Cuncta
1029 769 1320 833 lustravit
1353 766 1675 841 Pontiten
1718 766 2081 850 recognovit
2139 765 2333 830 docu-

764 874 975 932 menta
998 909 1019 939 ‚
1050 886 1213 948 quae
1244 867 1321 930 de
1370 866 1695 930 identitate
1754 863 2177 946 Reliquiarum
2241 869 2332 926 te·

761 966 1132 1037 stabantur‚
1162 971 1550 1047 pertractans
1592 963 1738 1027 inde
1794 960 2079 1026 manibus
2137 959 2330 1023 etiam

763 1062 894 1126 suis
917 1106 937 1135 ‚
968 1081 1125 1143 quas
1157 1058 1510 1123 exosculari
1539 1059 1817 1130 volebat,
1845 1056 2325 1141 lipsauotbeeas.

887 1160 984 1221 Ab
1014 1158 1142 1223 alto
1174 1157 1560 1222 descendens
1605 1157 1907 1220 Altarium
1960 1174 2210 1218 mensas
2261 1163 2329 1217 et

762 1265 1017 1321 ornatus
1047 1276 1262 1321 earum
1298 1255 1615 1337 inspexit,
1665 1273 1901 1319 sacram
1961 1252 2327 1336 supelleeti-

754 1354 882 1418 lem
905 1399 926 1428 ‚
958 1355 1335 1440 singulaque
1364 1353 1575 1417 omnia
1607 1352 1686 1416 ad
1704 1351 2000 1416 Divinum
2034 1350 2274 1413 cultum
2300 1394 2321 1423 ‚

758 1452 1319 1536 majestatemque,
1364 1471 1437 1517 ae
1491 1450 1971 1516 ninistrantium
2029 1449 2323 1514 decorem

758 1550 1097 1633 spectantia
1125 1592 1146 1622 ,
1175 1550 1239 1612 in
1269 1548 1533 1614 sacrarit
1565 1547 1811 1613 ambitu
1868 1547 2169 1629 disposita
2231 1567 2327 1610 se·

758 1648 910 1712 dulo
936 1649 1220 1728 aspexitz
1255 1647 1507 1711 taudem
1540 1646 1621 1709 ad
1661 1645 2025 1730 cappellam
2084 1652 2322 1709 Domus

757 1746 1049 1810 Corsinae
1081 1744 1365 1809 divertit.

880 1849 991 1907 Est
1015 1842 1172 1906 baec
1202 1841 1422 1907 ultima
1448 1839 1528 1907 ad
1575 1841 1896 1907 dexteram
1956 1860 1993 1905 e
2049 1838 2320 1904 Basilica

757 1939 1117 2004 exeuntium
1140 1982 1162 2011 ‚
1192 1958 1229 2002 a
1257 1959 1389 2003 san.
1415 1958 1606 2003 mem.
1636 1936 1962 2001 Clemente
1990 1944 2122 2001 ΧΠ.
2167 1943 2322 2000 Lau·

752 2036 957 2126 rentio
985 2037 1243 2102 Cot-sino
1271 2036 1634 2101 sanctitatis
1661 2055 1812 2099 suae
1872 2034 2322 2098 praedecesso·

755 2156 827 2200 re
854 2134 918 2197 in
948 2133 1317 2198 memoriam
1349 2141 1409 2198 S.
1440 2133 1725 2197 Andreae
1753 2130 2037 2196 Fesulani
2073 2130 2322 2212 Episco-

752 2234 816 2316 pi
848 2232 1103 2317 Cognati
1132 2231 1227 2295 sui
1256 2240 1465 2295 erecta
1494 2238 1684 2313 atque
1716 2229 1990 2293 tundata.
2024 2229 2205 2293 Pario
2224 2231 2316 2292 ta·

752 2330 903 2412 pide
934 2339 1154 2395 ornata
1176 2335 1282 2392 est
1302 2327 1689 2402 ,caelaturis
1716 2327 1931 2393 aeneis
1961 2325 2161 2391 mtto
2210 2346 2320 2390 au·

749 2448 823 2492 ro
852 2427 1075 2499 illitis,
1105 2426 1460 2512 anaglyptis
1482 2469 1503 2499 ,
1536 2425 1855 2510 signisque
1903 2424 2271 2489 marmoreis
2294 2458 2314 2495 ς

753 2532 814 2589 et
846 2524 1102 2610 egregia
1130 2525 1270 2588 Divi
1330 2524 1617 2587 Andreae
1664 2522 1935 2606 imagine
1992 2542 2073 2585 ex
2128 2541 2321 2605 opere

753 2623 1000 2686 musivo
1024 2663 1045 2694 ‚
1078 2642 1240 2703 quae
1274 2618 1530 2685 tabulae
1561 2619 1700 2683 loco
1730 2625 1968 2683 saera'm
1989 2622 2170 2680 Aram
2204 2619 2316 2679 rni-

751 2719 926 2783 rifice
954 2718 1269 2784 illustrat:
1302 2725 1627 2791 Praeterea
1654 2716 1842 2780 estin
1871 2737 1946 2780 ea
1977 2716 2209 2780 nobilis
2238 2737 2317 2780 ex

748 2817 1111 2905 porphyrite
1142 2814 1566 2898 sarcophagus
1587 2857 1609 2886 ‚
1642 2832 1828 2897 quem
1858 2814 2075 2877 vivens
2096 2836 2132 2878 e
2166 2821 2317 2878 Pann-

748 2912 972 2987 tbeon‚
1004 2913 1159 2977 olim
1192 2911 1510 2985 Delubro‚
1541 2931 1705 2976 nune
1741 2911 2007 2993 Templo
2063 2916 2133 2974 B.
2192 2917 2317 2976 Ma·

747 3012 877 3075 riae
907 3012 986 3075 ad
1016 3018 1330 3096 Martyees
1351 3052 1372 3083 ‚
1406 3009 1513 3072 uni
1547 3020 1629 3074 ex
1671 3007 2108 3073 cardinalibus
2142 3016 2199 3071 S.
2240 3017 2309 3071 R.

746 3116 818 3174 Ε.
846 3111 911 3172 in
942 3109 1300 3174 Diaeoniam
1342 3108 1686 3180 attributo,
1742 3104 1938 3188 ipsius
1998 3106 2314 3170 Ecclesiae

749 3207 1079 3271 canonicis
1107 3206 1547 3270 exhibentibus
1574 3210 1959 3286 asportatum
2011 3204 2087 3266 ad
2151 3223 2315 3266 mor·

743 3303 893 3369 talis
922 3305 1018 3368 sui
1063 3303 1346 3385 Depositi
1400 3302 1751 3367 custodiam
1809 3300 2130 3364 constituit
2187 3303 2311 3365 sibi

744 3400 1036 3465 Clemens
1056 3440 1077 3472 ‚
1108 3399 1286 3482 eujus
1313 3398 1615 3462 voluntati
1645 3398 2073 3479 obsequentes
2102 3399 2311 3462 Genti³

743 3499 840 3564 les
869 3495 1009 3571 sui,
1039 3515 1182 3562 eum
1211 3497 1318 3561 vix
1346 3497 1428 3560 ab
1458 3495 1637 3559 obitu
1697 3496 2061 3575 praefinitus
2116 3517 2313 3562 annus

744 3594 1092 3661 effluxisset
1115 3635 1136 3667 ‚
1162 3595 1304 3679 eius
1333 3595 1598 3657 cadaver
1621 3614 1658 3658 e
1682 3596 1884 3659 Sancti
1918 3596 2076 3658 Petri
2112 3596 2173 3656 in
2197 3602 2313 3657 va·

741 3691 953 3756 tieano
983 3690 1249 3755 Basilica
1272 3732 1292 3762 ‚
1322 3689 1430 3752 ubi
1463 3690 1819 3771 depositum
1884 3689 2133 3764 fuerat,
2185 3692 2308 3773 pri·

2439 668 2733 734 dentibus
2761 676 2827 734 B.
2860 668 3143 737 Andreae
3174 671 3414 737 meritis
3445 693 3482 738 a
3531 678 3662 739 Deo
3711 684 4003 758 precatus

2442 776 2536 831 est
2567 788 2821 848 pacem3
2853 775 2926 832 Et
2957 770 3245 851 quamvis
3271 791 3397 834 non
3446 770 3764 856 ignoraret
3818 794 3996 858 prae-

2441 871 2539 929 ter
2564 864 2880 930 Ministros
2908 866 2984 928 ad
3018 866 3460 932 Ecclesiastica
3513 870 3804 933 obeunda
3864 892 3997 935 mu·

2440 962 2536 1023 nia
2568 964 2759 1028 certis
2786 965 3141 1029 redditibus
3170 967 3486 1031 attributis
3528 967 3589 1028 in
3620 988 3693 1032 ea
3754 969 3999 1033 institu-

2441 1067 2562 1131 tos,
2593 1061 3220 1145 Sat-rarium'quoque
3249 1064 3529 1129 vestibus
3559 1072 3623 1128 et
3649 1066 3840 1136 vasis,
3867 1074 4002 1128 tum

2440 1159 2644 1222 aureis
2687 1166 2820 1222 tum
2851 1162 3204 1244 argenteis,
3248 1156 3542 1244 omnique
3574 1163 3698 1227 alio
3727 1164 3998 1246 cujusvis

2439 1256 2691 1339 generis
2720 1268 3020 1339 apparatu
3045 1302 3064 1330 ‚
3094 1259 3266 1343 large
3295 1259 3660 1324 instructum
3694 1282 3861 1332 esse,
3896 1260 4008 1324 ho·

2437 1353 2692 1419 notifica
2727 1363 2929 1418 tamen
2951 1354 3178 1436 potius,
3202 1376 3385 1439 quam
3409 1356 3691 1420 censoria
3717 1356 3996 1420 animad-

2435 1449 2749 1521 versione,
2767 1449 2915 1512 nibil
2936 1450 3127 1515 voluit
3150 1451 3616 1516 inobservatum
3633 1452 4002 1533 praeterire.

2563 1554 2879 1611 Postremo
2905 1548 3204 1612 remeavit
3222 1549 3299 1610 ad
3311 1549 3632 1624 Quirinale
3657 1550 3990 1633 egrediens

2432 1663 2547 1724 per
2575 1645 2957 1710 orientalem
2988 1656 3248 1726 portam.
3292 1652 3457 1711 Nova
3516 1648 3619 1709 bic
3674 1647 3950 1729 porticus
3980 1689 4000 1718 ,

2435 1762 2717 1825 novaque
2748 1742 2968 1826 templi
2994 1742 3187 1808 facies
3216 1743 3562 1827 ipsummet
3599 1744 3987 1809 Clementem

2429 1837 2623 1903 babet
2651 1846 3022 1912 Auctorem;
3050 1847 3116 1904 ut
3145 1840 3519 1923 inscriptum
3546 1841 3686 1924 ejus
3717 1860 3947 1905 nomen
3974 1882 3996 1914 ‚

2435 1946 2499 2001 et
2527 1944 2787 2002 stemma
2819 1938 3200 2023 gentilitium
3227 1939 3584 2003 ostendunt.
3620 1945 3694 2002 Et
3725 1939 3993 2021 quidem

2433 2042 2639 2099 tantae
2672 2036 2857 2101 molis
2887 2035 3121 2102 fabrica
3149 2036 3237 2102 ita
3274 2036 3671 2102 admirationi
3709 2036 3994 2100 omnibus

2428 2138 2565 2205 est,
2593 2142 2662 2196 ut
2689 2134 2906 2199 oculos
2935 2134 3126 2198 etiam
3157 2135 3219 2197 in
3250 2156 3322 2199 se
3351 2136 3718 2218 animosque
3747 2135 3989 2199 intuen-

2419 2228 2582 2292 {um
2612 2240 2968 2307 convertat,
2999 2243 3065 2296 et
3094 2232 3459 2298 Triclinium
3489 2234 3714 2297 Leonis
3745 2234 3999 2298 restitu-

2427 2331 2601 2399 tum,
2632 2337 2696 2391 et
2725 2327 2999 2413 oblonga
3025 2330 3127 2394 via
3153 2329 3232 2394 ad
3263 2350 3484 2411 agrum
3551 2331 3990 2394 sessorianum

2429 2432 2642 2504 aperta
2666 2467 2687 2496 ‚
2717 2436 3056 2508 utrumque
3085 2429 3403 2510 regnantis
3431 2426 3751 2491 Pontificis
3782 2426 3997 2490 nobile

2427 2539 2605 2601 opus.
2635 2527 2850 2603 Neque
2882 2544 3034 2586 vero
3062 2525 3122 2585 in
3153 2524 3250 2587 bis
3279 2524 3604 2588 dumtaxat
3663 2544 3733 2589 se
3786 2525 3985 2587 conti·

2429 2618 2556 2681 nuit
2585 2618 3200 2684 munificentissimus
3230 2622 3520 2701 Princeps
3546 2645 3564 2681 ι
3627 2630 3835 2705 Longe
3865 2642 3998 2686 maa

2419 2715 2563 2796 jora
2594 2725 2771 2789 sunt,
2804 2738 2964 2799 quae
2995 2740 3109 2782 suo
3138 2739 3425 2803 quaeque
3455 2719 3618 2791 loce,
3654 2721 3707 2783 si
3737 2709 3993 2803 quidem

2426 2813 2951 2903 scribendi-copia
2984 2814 3210 2888 fuerit,
3242 2818 3721 2880 enarrabuntur.
3782 2825 3992 2883 Unum

2427 2918 2639 2975 tamen
2674 2913 2859 2976 modo
2890 2915 3511 2996 praetermittendum
3544 2934 3668 2978 non
3699 2922 3833 2990 est,
3857 2922 3996 2980 tan·

2428 3020 2493 3074 to
2524 2992 2812 3103 nimirum
2846 3012 3127 3076 Pontifici
3160 3012 3557 3076 tribuendum
3590 3035 3755 3087 esse,
3789 3016 3990 3081 sinon

2425 3108 2697 3193 amplius
2724 3110 2922 3174 flexus
2951 3119 3012 3174 et
3045 3111 3271 3184 invius,
3304 3111 3413 3175 sed
3445 3110 3651 3177 facilis
3679 3124 3742 3177 et
3776 3123 3988 3180 rectus

2424 3226 2714 3270 accessus
2740 3208 2941 3271 estad
2997 3206 3275 3271 Bas‘icam
3325 3208 3730 3272 Helenianam
3757 3254 3777 3281 ‚
3824 3232 3988 3292 quiae

2424 3305 2774 3368 sanctitatis
2803 3312 3001 3376 Suae,
3032 3305 3177 3367 dum
3238 3306 3576 3391 Presbyter
3630 3308 3979 3373 cardinalis

2423 3409 2632 3472 esset,
2662 3398 2904 3464 Titulus
2930 3399 3179 3465 fuitzsi
3235 3407 3428 3482 =lff'rous
3485 3403 3672 3487 hujus
3728 3404 3976 3488 Templi

2426 3497 2748 3561 molimine
2782 3498 2962 3581 ipso,
2995 3506 3061 3562 et
3089 3497 3516 3564 columnarum
3549 3521 3817 3566 numero
3873 3523 3984 3567 uo·

2424 3595 2568 3657 bilis
2595 3595 2867 3676 assurgit
2887 3620 2906 3655 ε
2937 3595 3188 3659 demum
3218 3597 3404 3662 AEdes
3433 3604 3566 3661 tota
3595 3597 3766 3662 velut
3821 3619 3983 3665 nova

2419 3690 2812 3755 Hierusalem
2842 3690 3134 3771 deposito·
3164 3691 3341 3756 senio
3361 3736 3383 3766 ,
3412 3703 3475 3757 et
3506 3694 3683 3776 quasi
3745 3716 3974 3778 sponsa

741 3798 887 3854 vato
917 3787 1138 3851 t'nnere
1166 3788 1400 3851 elatum
1421 3830 1442 3861 ‚
1477 3796 1663 3872 prout
1692 3787 1827 3869 ipse
1884 3788 2308 3870 chirographo
2419 3794 2637 3853 ornata
2669 3787 3005 3852 monilibus
3031 3789 3166 3853 suis
3196 3790 3599 3873 conspicitur.
3635 3797 3805 3867 Quae
3849 3814 3988 3856 om—

743 3887 1178 3960 mandaverat‚
1212 3887 1273 3947 in
1305 3906 1385 3950 eo
1415 3886 1856 3968 deponendum
1888 3895 2205 3948 curarunt.

868 3989 1088 4066 ltaque
1119 3983 1479 4067 cappellam
1507 3983 1829 4069 ingressus
1859 3990 2021 4064 Papa
2079 3986 2311 4045 BENE-

744 4085 1015 4145 merus
1038 4124 1059 4155 ‚
1089 4080 1373 4148 defuncti
1408 4080 1725 4148 pontificis
1753 4081 1999 4147 animae
2042 4080 2308 4142 interce·

2420 3885 2522 3947 nia
2555 3885 2915 3948 summatim
2944 3885 3179 3951 indicat
3236 3886 3390 3969 lapis
3420 3909 3610 3971 super
3651 3893 3882 3955 ostium
3917 3891 3982 3954 in

2417 3982 2699 4047 interiori
2724 3985 2904 4050 aedis
2930 3993 3109 4069 parte
3139 3985 3226 4052 ita
3253 3986 3619 4068 inscriptus.

1969 4265 2303 4340 Bssmrcsn
2334 4281 2766 4340 Sessorium

1586 4380 1632 4436 Α
1681 4378 2132 4437 consum-mo
2176 4379 2438 4438 Hunno
2480 4379 2832 4449 Mnaseus
2875 4382 3137 4440 Ηιιιιςιυ

1930 4477 1975 4533 Α
2020 4489 2459 4536 resumemus
2501 4490 2798 4537 saecun

1568 4577 1784 4642 Arous
1826 4588 1864 4630 Α
1909 4573 2102 4631 Lucio
2147 4575 2220 4629 ΙΙ.
2270 4573 2670 4634 Bonoxtsust
2714 4588 3154 4632 ansa-Auum·

1663 4672 2139 4730 BENEDICTUS
2188 4670 2347 4729 xlv.
2398 4667 2615 4728 PONT.
2663 4670 2832 4729 ΟΡΤ.
2875 4667 3062 4729 ΜΑΧ.

1773 4771 1893 4827 last
1940 4783 2201 4827 nanuum
2248 4782 2312 4825 m
2356 4767 2636 4825 Tiwmn
2681 4778 2956 4823 nunu

1598 4869 1854 4925 Faosru
1896 4869 2173 4925 Poarncu
2224 4867 2460 4924 Assum
2503 4867 2732 4922 Tuom
2777 4873 3118 4919 nrancrts

1960 4968 2205 5031 Vuoun
2250 4977 2332 5020 Au
2375 4963 2754 5019 lausanen

1540 5063 1980 5123 Contu-Munna
2022 5075 2299 5129 uaniora
2342 5059 2652 5118 Maca-ns
2692 5066 3170 5121 auenniensem

1796 5171 2119 5218 exerrans
2164 5169 2426 5214 issem·
2469 5164 2921 5211 usnemun-Ars

1759 5261 2041 5316 Οιιυνιτ
2088 5259 2519 5313 {issue-svn
2552 5252 2952 5315 Umvrrous

1680 5354 1861 5410 Asso
1909 5357 2059 5411 Rei».
2108 5352 2247 5408 8η..
2292 5361 2635 5406 uuccxuu.
2683 5348 2875 5405 Pom.
2930 5345 3033 5402 lv.
