4442 6300
1526 482 1878 551 Quinque
1937 480 2403 535 mucronum
2470 482 2634 534 ιτς.

467 635 566 704 ad·
611 632 892 718 speciem
945 627 1408 697 aemularentur
1443 653 1458 689 ε
1514 632 1640 690 Has
1694 627 2026 709 interjecta

466 733 723 821 grandis
752 730 924 797 Pelta
957 729 1113 792 mire
1134 726 1437 810 jungebat
1467 722 1877 807 Anaglyptico
1907 722 2030 785 Ali-

3399 478 3508 533 87⁹1

2139 633 2349 689 autem
2378 622 2707 688 columnas
2728 622 2895 705 ipsas
2915 621 3255 706 stragulum
3280 619 3696 686 holosericum

2138 722 2394 783 rubrum
2426 760 2447 790 ,
2474 719 2699 782 taeniis
2729 720 2935 783 aureis
2967 739 3122 782 nova
3154 725 3287 783 arte
3318 716 3698 783 discrimina·

467 832 600 918 geri
630 829 833 911 capite
862 844 1090 893 corona
1122 822 1594 907 superextenti),
1627 831 1686 884 et
1721 821 1905 883 unius
1948 840 2025 885 ex
2137 824 2268 882 tum
2300 816 2646 891 vestiebat3
2679 817 2763 880 ita
2806 818 3133 881 incumbas
3166 815 3467 880 Altarium
3501 814 3701 880 serica

468 926 807 1010 Religionis
834 932 1164 988 Beatorum
1195 920 1500 983 Institutis
1544 912 1875 983 stemmate
1919 935 2029 978 no·

468 1024 639 1089 bilis.
670 1021 915 1105 Adjecti
947 1020 1023 1084 ad
1054 1019 1212 1080 haec
1239 1015 1536 1096 eucarpi,
1571 1024 1635 1079 et
1661 1016 1813 1077 rami
1864 1012 2028 1075 l'ron-

471 1122 693 1185 dentes
725 1120 877 1181 item
920 1135 997 1178 ex
1028 1113 1411 1198 Anagliph03
1444 1113 1660 1177 decem
1707 1119 2027 1191 praeterea

474 1215 808 1304 lychnuchi
852 1214 931 1277 ad
981 1232 1201 1278 cereos
1241 1210 1558 1293 utrimque
1603 1207 2027 1271 sustinendos.

466 1321 635 1380 Haec
661 1332 812 1378 auro
842 1310 1110 1375 obducta
1143 1307 1369 1373 omnia.

593 1406 748 1486 Quia
770 1427 919 1472 vero
939 1407 1252 1472 decimum
1277 1411 1516 1479 sextum
1538 1400 2027 1467 loculamentum

465 1529 668 1577 aenea
714 1505 1150 1588 Apostolorum
1195 1501 1503 1585 Principis
1546 1506 1760 1564 Statua
1806 1507 2029 1571 tenet,

468 1627 629 1691 quae
660 1614 784 1668 tam
819 1600 1081 1668 solemni
1109 1601 1212 1665 die
1242 1599 1400 1662 Alba
1428 1645 1447 1673 ‚
1488 1595 1748 1663 Pluviali
1794 1596 1986 1659 rubro
2006 1638 2030 1670 ,

469 1724 717 1795 gemma
749 1698 1052 1785 pectorali
1099 1707 1164 1762 et
1205 1707 1418 1781 Regno
1461 1695 1756 1777 pretiosis
1799 1691 2031 1777 lapillis

470 1800 767 1866 distincto
817 1798 895 1861 ad
945 1796 1292 1880 graviorem
1355 1792 1703 1875 majestatis
1757 1792 2028 1872 speciem

468 1897 672 1963 ornari
698 1894 1053 1967 consuevi13
1079 1892 1204 1955 duo
1235 1912 1350 1974 pro
1381 1889 1685 1954 mensulis
1717 1895 1861 1953 ante
1890 1908 2027 1952 eam

470 1999 762 2078 argentea
788 1999 1014 2055 statuta
1038 1990 1282 2053 fuerant
1302 1985 1676 2053 candelabra
1701 2005 2030 2068 praegran-

469 2091 568 2156 dia
590 2133 611 2162 ,
640 2109 906 2170 quorum
927 2107 1021 2159 ,ex
1051 2094 1322 2167 utroque
1350 2083 1706 2166 poligpnius
1736 2083 2029 2165 deargen-

471 2188 619 2254 tatis
637 2186 859 2269 ligneis
888 2183 1255 2254 brachiolis,
1286 2160 1667 2268 lychnuchus
1697 2182 2033 2243 subnasce-

473 2287 681 2357 batur,
711 2283 817 2366 qui
853 2283 979 2344 duo
1008 2281 1086 2345 de
1119 2280 1333 2365 viginti
1364 2279 1658 2360 bipartito
1685 2276 1902 2341 ordine
1930 2298 2030 2342 ce·

470 2400 618 2445 reos
648 2378 990 2443 attolleret.

599 2476 693 2538 Ad
748 2482 1135 2537 transversae
1178 2477 1501 2553 praeterea
1531 2469 1713 2535 Navis
1742 2478 2026 2532 ornatum

468 2580 727 2656 praeter
753 2571 1054 2636 hactenus
1084 2568 1432 2649 descriptas
1459 2568 1771 2631 Virtutum
1816 2566 2032 2648 imagi-

471 2690 585 2734 nes
604 2713 626 2743 ,
653 2668 812 2733 aliae
844 2687 967 2731 non
998 2665 1355 2734 defuerunt,
1386 2650 1634 2747 adjecto
1663 2663 1831 2725 enim
1868 2672 2025 2746 tym-

470 2786 678 2851 pano,
726 2764 1190 2847 supercilioque
1234 2763 1429 2826 instar
1471 2759 1799 2846 hemicycli
1842 2778 2029 2841 supra

468 2882 760 2933 coronam
795 2861 1120 2943 utriusque
1148 2857 1428 2924 lateralis
1471 2856 1747 2930 absidis,
1791 2861 2033 2920 sancto·

468 2980 610 3025 rum
641 2959 887 3024 scilicet
918 2957 1360 3041 Apostolorum
1392 2956 1658 3020 Simonis
1687 2963 1749 3019 et
1790 2953 2027 3026 Judae,

470 3078 542 3124 ac
564 3066 921 3122 sanctornm
945 3061 1283 3141 Martyrum
1313 3053 1597 3118 Processi
1625 3061 1681 3117 et
1716 3050 2030 3115 Martinia-

467 3157 559 3229 ni,
580 3156 670 3221 ita
685 3164 894 3221 tamen
915 3162 981 3217 ut
1007 3154 1173 3237 quod
1191 3152 1267 3216 ad
1294 3160 1537 3233 tempus
1564 3151 1843 3215 additum
1867 3156 2023 3223 erat,

469 3275 506 3319 a
535 3255 736 3337 prisca
783 3252 1109 3334 solidaque
1152 3249 1395 3332 Templi
1441 3247 1648 3311 forma
1694 3256 2027 3312 structura·

468 3372 595 3433 qne
623 3371 742 3413 non
775 3349 1184 3421 deflecteret3
1212 3347 1275 3408 in
1319 3353 1586 3428 utraque
1627 3343 1823 3426 ipsius
1865 3350 2026 3428 tym-

467 3448 609 3530 pani
634 3466 739 3511 ora
758 3446 834 3509 ad
856 3444 1285 3508 columnarum
1314 3439 1858 3526 perpendiculum,
1886 3458 2034 3520 qua·

466 3552 610 3607 tuor
633 3541 1172 3626 prospiciebantur
1197 3540 1500 3604 virtutum
1535 3544 1787 3601 statuae
1817 3535 2032 3601 colore

467 3661 877 3711 marmoreo;
923 3638 1325 3703 dextrorsum
1371 3634 1629 3718 quidem
1674 3634 2029 3699 Constantia

469 3747 534 3805 et
562 3737 1080 3822 magnanimitas,
1114 3733 1537 3797 sinistrorsum
1569 3751 1717 3794 vero
1747 3731 2030 3794 Affahili-

468 3845 647 3900 taset
670 3836 1040 3905 Clementia,
1064 3832 1230 3894 inter
1259 3851 1416 3914 quas
1446 3829 1525 3891 ad
1557 3847 1775 3893 cereos
1805 3850 2028 3893 novem

473 3931 870 4000 sustinendos
901 3929 1054 3993 rami
1086 3927 1566 3992 succrescebant
1607 3924 1844 4008 aliquot
1885 3946 2029 3991 con-

467 4029 648 4095 cinne
679 4025 943 4092 tortuosi
978 4032 1041 4089 et
1070 4044 1224 4088 auro
1254 4023 1539 4087 interliti.
2021 4011 2028 4020 '

609 4124 733 4188 Alii
783 4145 1032 4205 quoque
1078 4123 1298 4187 eadem
1345 4121 1544 4186 forma
1586 4120 1885 4204 cultuque
1936 4142 2031 4186 ra-

470 4220 786 4292 musculi,
818 4220 1052 4302 quibus
1085 4218 1542 4303 quadripartito
1570 4216 1792 4280 ordine
1824 4217 2029 4301 affige-

466 4329 686 4384 rentur
715 4315 960 4381 funales
989 4318 1157 4382 cerei
1186 4315 1669 4398 duodetriginta,
1703 4335 2029 4396 supremas

473 4417 778 4479 ornabant
822 4413 965 4478 loco
1008 4411 1288 4497 tympani
1334 4411 1721 4494 projecturas
1774 4432 2031 4476 corona·

467 4532 641 4585 rum,
690 4532 850 4600 quae
897 4512 1014 4575 sub
1075 4510 1401 4591 utriusque
1447 4508 1634 4573 Navis
1681 4505 2028 4595 hemicyclo

467 4607 757 4672 lateralia
789 4610 1181 4673 circumeunt
1212 4605 1464 4670 Altaria.

595 4711 787 4788 Supra
831 4724 982 4772 vero
1024 4702 1317 4788 epistylia
1362 4710 1506 4764 octo
1546 4700 2027 4778 columnarum,

464 4821 731 4887 quarum
759 4802 941 4866 binae
964 4800 1226 4885 singulis
1245 4798 1533 4881 adjacent
1561 4798 1893 4881 praedictis
1925 4799 2027 4862 Al-

469 4901 752 4972 taribus,
784 4910 932 4964 octo
956 4899 1106 4962 item
1138 4897 1551 4979 assurgebant
1583 4915 1620 4959 e
1651 4897 1788 4959 basi
1818 4898 2026 4963 aureis

470 4996 692 5064 striata
722 4994 894 5059 foliis
921 4995 1160 5080 Aligeri
1203 5012 1396 5058 aeneo
1441 4992 1693 5065 colore,
1738 5013 1891 5057 auro
1940 5004 2026 5058 ta-

466 5115 611 5159 men
657 5095 1090 5164 subobscure,
1149 5090 1340 5164 illiti,
1381 5088 1486 5170 qui
1529 5095 1793 5171 utraque
1841 5111 2025 5157 manu

463 5192 712 5277 palmas
742 5200 810 5255 et
841 5190 972 5254 lilia
992 5232 1013 5263 ,
1044 5186 1327 5272 flagella,
1372 5185 1777 5268 cilicinasque
1819 5200 2028 5255 vestes

467 5298 788 5378 gestarent
813 5287 1363 5370 assostendendam
1395 5290 1729 5348 Beatorum
1764 5286 1843 5351 de
1877 5309 2028 5369 quo·

471 5411 608 5456 rum
640 5387 837 5475 gloria
867 5390 1169 5474 agebatur
1189 5430 1210 5461 ,
1239 5385 1402 5451 vitae
1434 5383 1924 5451 sanctimoniam.
1957 5395 2033 5454 Ut

2134 914 2276 981 vela
2317 915 2528 980 aureis
2572 914 2885 979 fimbriata
2932 914 3218 984 laciniis,
3254 912 3441 977 modo
3469 912 3701 978 leniter

2137 1012 2498 1096 pendentia,
2524 1011 2715 1076 modo
2733 1011 3022 1095 elegante
3050 1010 3318 1094 crispata
3339 1020 3405 1075 et
3431 1010 3496 1073 in
3524 1030 3699 1076 rosas

2139 1108 2409 1174 collecta
2452 1111 2856 1174 exornabant.

2266 1214 2528 1271 Tantum
2558 1205 3059 1270 holosericarum
3088 1205 3360 1270 vestium
3381 1247 3404 1279 ,
3435 1204 3698 1287 aurique

2139 1312 2201 1368 et
2239 1302 2542 1385 pictarum
2591 1304 2940 1368 tabularum
2984 1312 3349 1385 apparatum
3391 1303 3704 1384 aequabat

2138 1420 2252 1491 par
2276 1399 2576 1464 luminum
2607 1402 2813 1484 copia,
2846 1422 3008 1483 quae
3038 1399 3187 1465 lieet
3215 1401 3442 1484 conjici
3474 1410 3702 1484 quanta

2140 1497 2328 1563 fucrit
2364 1520 2445 1562 ex
2469 1499 2547 1562 iis
2576 1500 2812 1581 possit,
2845 1520 3007 1581 quae
3052 1499 3221 1564 dicta
3263 1507 3449 1574 sunt,
3494 1506 3703 1565 tamen

2139 1594 2387 1660 facilius
2416 1595 2694 1677 patebit,
2742 1596 2794 1658 si
2836 1595 2958 1659 hoc
3000 1593 3145 1660 loco
3191 1604 3597 1659 recenseatur
3637 1595 3703 1659 in

2142 1714 2288 1758 suas
2317 1692 2514 1758 veluti
2545 1692 2786 1758 classes
2813 1700 3002 1774 atque
3032 1693 3312 1758 ordinem
3346 1693 3702 1759 distributa.

2140 1791 2383 1855 Primus
2414 1791 2568 1854 ordo
2598 1792 2924 1855 constabat
2965 1790 3049 1855 iis
3099 1791 3305 1855 cereis
3327 1835 3348 1865 ,
3379 1791 3487 1874 qui
3520 1798 3587 1856 et
3628 1791 3697 1869 in

2142 1888 2575 1968 superioribus
2605 1890 2962 1970 quibusque
2995 1889 3304 1953 Basilicae
3332 1891 3475 1955 Aris
3519 1910 3706 1972 supra

2139 1986 2400 2068 grandia
2431 2006 2510 2048 ex
2542 2006 2687 2049 aere
2732 1982 3109 2050 caudelabra
3152 1985 3591 2061 collucebant,
3635 1992 3702 2052 et

2139 2093 2283 2146 ante
2313 2090 2552 2147 statuas
2583 2083 2645 2144 in
2678 2083 3090 2146 interioribus
3119 2082 3559 2148 loculamentis
3605 2104 3705 2148 su·

2143 2201 2258 2263 per
2286 2180 2691 2265 lychnuchos;
2723 2191 2972 2260 praeter
3003 2201 3115 2244 eos
3144 2181 3248 2263 qui
3278 2182 3528 2245 arabice
3555 2181 3707 2263 picti

2141 2279 2356 2342 Altare
2385 2286 2447 2342 et
2480 2278 2949 2341 confessionem
2978 2278 3144 2342 beati
3178 2278 3340 2341 Petri
3370 2278 3708 2343 circumse-

2142 2375 2414 2456 pit-bant.
2448 2376 2766 2438 Secundus
2799 2386 2863 2436 et
2900 2375 3122 2441 tertius
3151 2375 3531 2460 lychnuchos
3561 2396 3705 2445 con-

2145 2472 2427 2548 tinebat,
2471 2474 2576 2554 qui
2625 2473 2741 2536 sub
2787 2472 3075 2552 quolibet
3117 2492 3259 2537 arcu
3303 2473 3653 2553 pendentes
3682 2516 3704 2547 ,
3820 2502 3839 2522 ·

2146 2570 2419 2635 minores
2467 2569 2727 2651 quidem
2780 2568 3122 2634 demissius
3150 2612 3172 2641 ,
3225 2570 3499 2652 majores
3555 2590 3706 2636 vero

2139 2663 2330 2729 altius
2359 2664 2673 2746 duplicem
2721 2663 3167 2748 diversamque
3210 2665 3436 2730 lineam
3484 2665 3710 2732 efficie-

2142 2763 2312 2824 bant.
2336 2768 2602 2835 Quartus
2618 2771 2752 2825 erat
2783 2781 3003 2826 eorum
3035 2782 3397 2837 cereorum,
3428 2764 3534 2847 qui
3562 2783 3709 2828 con-

2141 2862 2413 2933 tinenter
2444 2860 2817 2924 ambiebant
2848 2879 3150 2923 summam
3197 2880 3487 2925 coronam
3509 2903 3533 2939 ,
3575 2870 3707 2926 tam

2137 2956 2578 3040 primariarum
2611 2957 2899 3020 absidum
2926 2999 2946 3030 ,
2992 2978 3179 3037 quam
3226 2956 3555 3023 fornicum.
3603 2960 3704 3022 oi-

2139 3052 2301 3135 gesti
2331 3054 2585 3116 demum
2618 3073 2806 3134 seper
2835 3052 3038 3136 magni
3067 3053 3533 3137 Bemisphaerii
3563 3075 3704 3136 pro-

2132 3150 2484 3232 jecturam,
2515 3171 2588 3215 ac
2616 3149 3095 3234 quadrigemina
3127 3151 3291 3215 inter
3318 3152 3607 3235 ingentes
3632 3153 3711 3217 il·

2141 3248 2262 3314 lius
2292 3247 2455 3332 pilas
2483 3249 2909 3331 prominentia
2938 3249 3169 3331 podia„
3200 3251 3485 3332 quintum
3517 3260 3582 3315 et
3613 3250 3707 3314 ul-

2139 3347 2358 3410 timum
2383 3344 2787 3410 luminarium
2821 3347 3106 3412 ordinem
3138 3346 3560 3428 complebant.
3593 3354 3710 3413 Ne-

2140 3444 2293 3505 mini
2326 3442 2520 3526 igitur
2565 3443 2793 3506 mirum
2837 3443 3189 3517 videbitur,
3235 3443 3289 3508 si
3334 3453 3426 3508 tot
3469 3445 3707 3510 fuerint

2137 3541 2348 3612 cerei,
2391 3538 2499 3622 qui
2543 3539 2708 3603 intra
2740 3540 3046 3605 Basilicae
3076 3541 3366 3604 arderent
3396 3543 3706 3608 ambitum

2142 3657 2257 3702 sex
2276 3643 2381 3702 aut
2402 3644 2546 3700 octo
2568 3635 2870 3698 librarum
2895 3638 3196 3718 pondere,
3224 3648 3294 3703 ut
3325 3637 3497 3703 mille
3529 3640 3704 3723 quin·

2142 3734 2311 3819 genti
2346 3734 2663 3818 octoginta
2694 3753 2807 3797 sex
2839 3734 3149 3800 numerari
3192 3737 3556 3817 potuerint;
3599 3758 3704 3802 ex·

2141 3833 2343 3915 ceptis
2373 3831 2455 3896 iis
2483 3830 2922 3915 grandioribus
2945 3876 2967 3905 ,
2995 3833 3100 3913 qui
3137 3832 3297 3897 intra
3338 3835 3563 3899 Missae
3605 3856 3702 3900 so·

2139 3930 2375 3994 lemnia
2424 3928 2619 3994 oblati
2668 3929 2947 3993 Pontifici
2994 3939 3190 4005 sunt;
3230 3929 3308 3995 iis
3353 3932 3500 3996 item
3541 3932 3700 3997 varii

2141 4027 2437 4112 ponderis
2468 4035 2535 4092 et
2563 4027 2700 4091 sine
2730 4046 3016 4103 numero,
3046 4027 3154 4110 qui
3185 4028 3445 4113 singulis
3476 4028 3541 4092 in
3576 4039 3701 4094 tam

2139 4124 2454 4208 frequenti
2490 4123 2953 4205 supplicatione
2984 4124 3230 4191 fuerant
3260 4125 3606 4191 distributi.

2266 4223 2605 4305 Reliquum
2642 4230 2779 4295 est,
2810 4230 2878 4285 ut
2906 4221 2986 4286 de
3016 4223 3420 4288 nobilissimo
3450 4223 3701 4288 'theatri

2140 4330 2435 4405 apparatu
2465 4320 2709 4401 aliquid
2740 4318 2983 4384 dicatur
3003 4364 3024 4393 ‚
3054 4340 3194 4385 cum
3224 4344 3350 4406 quo
3395 4322 3448 4387 si
3494 4331 3702 4387 cetera

2141 4418 2382 4499 Templi
2411 4427 2774 4482 ornamenta
2815 4416 3266 4492 conferantur,
3309 4438 3432 4484 non
3478 4440 3700 4501 parum

2137 4517 2342 4581 videri
2373 4524 2668 4598 poterunt
2711 4515 3031 4597 dignitatis
3070 4516 3376 4581 amittere.
3423 4518 3518 4582 Ab
3565 4516 3702 4598 ipso

2142 4613 2446 4678 Basilicae
2501 4611 2639 4676 solo
2684 4619 2827 4675 ante
2870 4616 3060 4674 Aram
3107 4613 3453 4696 principem
3503 4631 3701 4676 aenea

2143 4710 2312 4775 mole
2340 4709 2831 4792 superimposita
2862 4708 3345 4774 celeberrimam
3364 4753 3389 4783 ,
3417 4711 3495 4774 ad
3528 4709 3701 4774 Occi-

2142 4806 2458 4871 dentalem
2487 4805 2733 4888 Templi
2779 4814 3024 4886 partem
3058 4805 3141 4868 ita
3174 4806 3409 4869 sensim
3457 4805 3700 4870 attolle-

2143 4907 2327 4968 batur
2349 4947 2371 4976 ,
2400 4912 2467 4966 ut
2493 4904 2556 4964 in
2587 4902 2981 4966 altitudinem
3026 4901 3373 4984 palmorum
3419 4903 3699 4986 quinque

2141 5004 2485 5072 desineret,
2517 5000 2789 5083 oblonga
2821 5009 3070 5064 centum
3104 5001 3319 5083 viginti
3352 5001 3699 5082 palmorum

2142 5100 2351 5183 lignea
2381 5097 2759 5179 contignatio
2778 5137 2802 5168 ‚
2830 5117 2990 5178 quae
3019 5098 3394 5164 nobiliorem
3440 5104 3505 5162 et
3545 5098 3699 5161 inte-

2141 5218 2320 5283 gram
2341 5196 2595 5268 Theatri
2616 5213 2827 5259 aream
2856 5204 3285 5277 componeret.
3315 5203 3596 5271 Quatuor
3622 5196 3709 5264 ad

2143 5296 2299 5358 hanc
2320 5292 2547 5376 gradus
2563 5292 2902 5364 ducebant,
2929 5291 3163 5376 singuli
3186 5294 3505 5359 unciarum
3536 5300 3702 5368 octo,

2145 5394 2253 5478 qui
2287 5394 2364 5456 ab
2399 5401 2666 5475 utroque
2699 5398 3090 5457 transversae
3119 5392 3305 5460 Navis
3345 5395 3550 5477 spatio
3594 5393 3701 5458 ubi
