4442 6300
933 462 1034 511 ¹02

772 608 842 667 1).
885 603 1420 670 ronrvmrtss
1458 609 1569 667 ru.
1613 609 1671 670 S.
1706 609 2014 677 Marthae(
2040 615 2107 673 {a
2144 613 2272 672 Πο-

824 708 1052 766 ruiana
1082 707 1407 782 Presbyter
1435 709 1779 770 cardinalis
1816 709 2232 772 Tamburt'ues.

864 932 1041 1002 Quae
1068 927 1547 997 christianarum
1582 930 1884 995 virtutum
1941 941 2303 999 ornamenta

740 1034 991 1089 sanctos
1024 1024 1419 1109 Regularium
1446 1026 1744 1091 ordinum
1764 1027 2160 1094 institutores
2178 1029 2305 1095 ola-

738 1120 1030 1187 riseimos
1061 1122 1397 1191 reddidere
1416 1166 1439 1196 ‚
1471 1144 1545 1189 ea
1576 1123 1711 1208 ipsa
1742 1123 2054 1199 efficiunt,
2084 1134 2154 1190 ut
2175 1127 2307 1208 pie·

739 1227 870 1285 tata
903 1218 1183 1302 insignes
1209 1219 1535 1293 homines,
1563 1222 1669 1304 qui
1714 1221 2058 1289 eorundem
2122 1222 2305 1289 Ordi-

739 1334 887 1379 num
918 1314 1261 1397 collapsam
1293 1316 1688 1400 disciplinam
1722 1319 2172 1394 restituerunt,
2203 1340 2308 1385 ce·

735 1410 1065 1477 lebrentur
1087 1413 1455 1496 justissimis
1486 1412 1798 1480 laudibus.
1829 1422 1959 1481 Hos
1979 1417 2145 1480 iuter
2173 1436 2302 1480 ma·

734 1510 906 1575 xime
934 1509 1143 1576 elucet
1169 1518 1391 1576 Petrus
1420 1511 1698 1596 Regalati
1722 1513 2029 1577 Sacerdos
2057 1512 2301 1579 Profes-

736 1628 845 1672 sus
872 1608 1124 1673 Ordinis
1140 1610 1470 1693 misorum,
1502 1629 1699 1673 novus
1729 1609 2055 1692 augularis
2084 1610 2301 1677 obser·

736 1704 987 1768 vantiae
1014 1682 1175 1786 apud
1207 1703 1513 1787 Hispanos
1540 1706 1929 1780 aestuatur,
1986 1705 2094 1788 qui
2153 1706 2297 1790 ejus

731 1801 1009 1863 nominis
1040 1800 1303 1913 gloriam
1333 1821 1477 1865 cum
1539 1798 1936 1869 heroicarum
1990 1802 2297 1867 virtutum

688 2068 695 2075 ,
733 2002 866 2057 tate
897 2014 1111 2057 amore
1142 1993 1251 2057 Dei
1286 2015 1486 2076 usque
1514 1995 1592 2060 ad
1616 2003 2041 2079 contemptum
2075 1995 2299 2060 suifla·

736 2092 926 2175 graus
952 2089 1150 2174 elegit
1176 2091 1462 2175 abjectus
1493 2113 1636 2157 esse
1667 2092 1841 2156 inter
1875 2099 1936 2158 S.
1990 2094 2304 2161 trane-‚iaci

730 2187 922 2251 Filios
942 2233 963 2259 ‚
993 2200 1060 2251 ut
1091 2188 1286 2253 saneti
1318 2189 1599 2255 Parentis
1618 2190 1956 2255 demissam
1987 2189 2298 2254 humilita-

729 2296 862 2350 tem
892 2289 963 2349 ac
992 2287 1424 2367 pauperrimae
1469 2288 1638 2353 vitae
1669 2289 1972 2352 rationem
2026 2288 2302 2353 imitare·

726 2392 837 2445 tur
860 2425 880 2455 ,
910 2392 973 2444 et
1002 2383 1395 2447 sanctissime
1426 2385 1746 2450 retineret.
1778 2390 2047 2459 Quarum
2108 2385 2303 2448 virtu-

728 2489 864 2544 tum
898 2474 1216 2562 praesidio
1246 2481 1531 2547 munitus
1559 2481 1638 2546 ad
1697 2501 1839 2546 eam
1894 2482 2302 2548 sanctitatem

730 2577 1054 2660 pervenit,
1083 2596 1275 2658 quem
1306 2584 1471 2664 Deus
1496 2598 1730 2642 corona
1754 2578 2073 2662 iustitias„
2104 2580 2299 2644 dona·

729 2682 830 2738 ret
857 2674 917 2737 in
948 2675 1152 2739 Caelis
1178 2699 1199 2749 3
1230 2684 1298 2739 et
1324 2695 1514 2757 quam
1567 2675 1764 2761 signis
1820 2696 1894 2744 ac
1948 2675 2254 2759 prodigiis
2277 2720 2300 2751 ,

731 2773 961 2854 quibus
992 2779 1255 2836 Servum
1283 2792 1467 2837 suem
1501 2783 1565 2841 et
1593 2774 1803 2838 vivum
1852 2783 1920 2840 et
1980 2780 2314 2839 mortuum.

729 2869 1103 2942 iilustravit‚
1134 2869 1326 2934 terris
1359 2869 1621 2937 illucere
1646 2870 1864 2938 voluit.
1919 2868 2088 2938 Nihil
2143 2893 2299 2955 ergo

726 2966 854 3051 jam
885 2976 1081 3033 restat
1109 2967 1278 3031 aliud
1301 3010 1321 3041 ‚
1352 2967 1474 3051 nisi
1503 2976 1574 3032 ut
1631 2976 1723 3036 Tu
1744 3018 1767 3048 ‚
1823 2976 2296 3037 mulssmss

728 3071 983 3131 PATER
1005 3108 1026 3139 ,
1059 3065 1215 3130 tanti
1244 3065 1379 3131 Viri
1408 3086 1639 3131 nomen
1669 3067 1736 3131 in
1772 3074 2137 3135 Sanctorum
2190 3073 2299 3133 Ca·

731 3165 940 3249 talogo
967 3162 1243 3228 describi
1272 3162 1542 3247 jubeas,
1571 3185 1696 3248 quo
1750 3173 2047 3250 tanquam
2104 3185 2297 3232 verae

732 3261 1089 3329 sanctitatis
1118 3260 1454 3345 imaginem
1508 3262 1713 3344 ipsum
1773 3263 2168 3340 intueamur,
2228 3271 2297 3328 et

728 3360 840 3443 pio
866 3380 938 3426 ac
970 3359 1188 3425 debito
1216 3359 1391 3425 cultu
1421 3367 1610 3444 atque
1661 3359 1897 3427 honore
1952 3379 2298 3445 prosequa-

733 3477 895 3524 mur.

771 3685 847 3744 D.
876 3677 1263 3743 somam
1297 3680 1414 3741 Tit.
1447 3679 1510 3740 S.
1543 3679 1755 3741 crusis
1800 3681 1869 3738 ὄπ
1911 3680 2258 3742 Jerusalem

991 3779 1319 3852 trusum
1342 3778 1687 3839 casinatis
1728 3769 2041 3846 lecerius.

855 4016 1011 4077 Cum
1040 4009 1250 4076 facere
1280 4016 1344 4076 et
1372 4013 1498 4095 pati
1528 4011 1719 4079 fortia
1750 4019 2114 4080 Sanctorum
2175 4015 2297 4094 sit3

728 4112 919 4193 idque
951 4110 1338 4193 praestiterit
1363 4116 1432 4175 B.
1494 4117 1718 4178 Petrus
1775 4112 2112 4198 Regalatus
2169 4132 2295 4178 uon

731 4207 937 4275 solum
964 4208 1031 4270 in
1061 4208 1410 4274 exercenda
1434 4253 1454 4283 ,
1482 4229 1696 4274 verum
1744 4210 1938 4275 etiam
1989 4210 2052 4273 ie
2113 4230 2297 4276 reno·

727 4306 930 4372 venda
957 4307 1154 4369 veteri
1188 4306 1293 4369 illa
1323 4307 1794 4390 asperrimaque
1842 4307 2094 4372 vivendi
2152 4328 2296 4374 nor·

734 4424 837 4468 ma
858 4446 881 4476 ‚
912 4423 1099 4485 quam
1133 4404 1264 4468 suis
1294 4410 1353 4468 S.
1388 4404 1751 4469 Franciscus
1781 4403 1863 4469 de
1912 4405 2150 4469 Assisio
2207 4405 2300 4467 in-

733 4501 1022 4574 dixera13
1053 4498 1357 4583 illamque
1391 4500 1466 4563 ad
1527 4501 1953 4587 integritatem
2010 4500 2297 4582 splendo-

728 4616 995 4679 remque
1025 4598 1351 4679 pristinum
1415 4598 1761 4665 innumeris
1818 4597 2297 4674 difficultatibus

730 4694 1083 4778 superatis,
1113 4715 1223 4759 seu
1259 4693 1487 4758 melius
1517 4693 1783 4760 dixerim
1827 4695 2168 4769 devoratis,
2197 4717 2297 4761 re-

728 4792 1081 4857 vocaveritz
1114 4797 1392 4873 Cumque
1424 4791 1609 4876 hujus
1636 4791 1810 4857 Beati
1843 4791 2127 4857 heroicas
2176 4793 2301 4856 vir·

733 4896 900 4953 tutes
930 4887 1186 4952 Caelum
1231 4889 1432 4970 ipsum
1496 4889 1818 4954 miraculis
1874 4899 2293 4956 contestatum

727 4982 923 5049 fuerit
944 5027 965 5057 ‚
999 5005 1119 5067 ego
1176 4983 1395 5048 volens
1457 4984 1793 5066 libensque
1849 4985 2125 5050 caeleste
2186 5007 2300 5070 per

730 5082 1012 5164 prodigia
1037 5079 1347 5163 judicium
1383 5081 1486 5164 pie
1517 5079 1905 5163 complector
1926 5125 1947 5155 ‚
2008 5083 2296 5165 illudque

732 5184 1232 5243 SANCTITATlS
1288 5185 1607 5243 VESTRAE
1640 5179 1807 5260 quod
1869 5180 2134 5243 Mundus
2192 5202 2298 5246 ex·

731 5282 936 5360 pectat
962 5318 982 5347 ,
1014 5275 1493 5341 venerabundus
1523 5274 1897 5357 expostulo,
1928 5283 2118 5362 atque
2164 5299 2314 5352 sus·‚

733 5369 990 5459 cipiem.

1862 461 2065 517 ACTA
2110 462 2766 527 ‹:An01uzA·t·tonts

2431 611 2816 681 CAROLUS
2841 614 2900 677 S
2937 616 3184 681 nanae
3210 620 3279 678 in
3319 618 3427 677 Vsu
3461 620 3571 681 Lu
3569 637 3612 681 a
3645 622 3956 682 viscosus

2850 716 3197 779 Can-assoles
3229 717 3537 777 Maris-e.
4010 742 4020 749 ·

2544 904 3072 976 Quemadmodum
3104 905 3582 987 arMpsimae
3638 906 3786 970 illae
3844 927 3985 973 ree·

2415 995 2669 1065 lestium
2703 1000 3161 1065 desideriorum
3194 1000 3482 1077 flammae
3512 1004 3574 1066 in
3609 1004 3775 1069 beati
3814 1003 4004 1077 Petri·

2417 1093 2699 1177 Regalati
2728 1096 2918 1162 corde
2949 1116 3289 1165 succensae
3345 1100 3411 1161 in
3469 1100 3627 1164 adeo
3688 1120 3982 1184 magnum

2415 1189 2741 1256 charitatis
2766 1192 3127 1257 incendium
3156 1204 3612 1269 excreverunt,
3648 1206 3721 1259 ut
3777 1195 3983 1279 perfe-

2416 1287 2612 1352 ctiora
2646 1309 2900 1373 semper
2927 1290 2989 1353 in
3023 1299 3234 1359 mente
3265 1290 3549 1366 babens,
3600 1294 3874 1375 indeque
3915 1317 3987 1361 u·

2414 1384 2659 1448 sitatam
2689 1385 2839 1449 licet
2855 1386 3200 1468 piissimam
3222 1390 3661 1456 Franciscanae
3680 1378 3983 1456 Familiae

2410 1481 2660 1546 vivendi
2695 1483 3059 1550 methodum
3105 1485 3526 1568 parvifaeiens
3547 1530 3567 1557 ‚
3624 1507 3854 1552 novum
3913 1476 3996 1568 ἰὴ,

2414 1578 2667 1645 deserto
2691 1580 2834 1645 loco
2862 1582 3245 1648 Coenobium
3277 1604 3311 1646 a
3345 1605 3414 1650 se
3445 1593 3797 1651 extumum·
3819 1630 3841 1657 2
3891 1586 3980 1653 ita

2413 1677 2669 1742 initialis
2696 1679 3025 1761 asperrimi
3059 1682 3407 1745 beatissimi
3441 1684 3744 1749 Francisci
3795 1685 3976 1749 lusti·

2414 1776 2526 1838 tuti
2558 1775 2961 1859 rigidissimis
2979 1777 3213 1860 regulis
3234 1798 3347 1858 pro
3366 1800 3435 1844 se
3452 1788 3515 1844 et
3535 1780 3796 1857 asseclis
3815 1802 3982 1846 com·
3993 1808 4000 1813 ·

585 1874 599 1897 ’
730 1896 917 1960 laude
947 1898 1227 1979 apprime
1256 1897 1603 1980 conjunxit.
1636 1903 1788 1963 Nam
1811 1900 1890 1962 ab
1910 1899 2164 1964 ineunte
2198 1920 2301 1965 ae·
2399 1873 2709 1953 lm'mm
2742 1882 2809 1936 ¹¹²
2844 1894 2977 1956 ¹9⁸0
3005 1874 3094 1937 ¹¹³¹
3126 1895 3273 1957 Ρηθ
3300 1878 3528 1941 ΰθῑθῐῑδ
3557 1879 3813 1943 18810118
3868 1879 3979 1944 he·

2411 1968 2723 2034 roicarum
2753 1970 3028 2034 omnium
3058 1972 3359 2035 virtutum
3393 1956 3981 2041 exercitationem!-

2410 2082 2693 2148 premum
2727 2067 3174 2133 sanctimoniae
3206 2067 3455 2134 culmen
3486 2071 3783 2155 attigerit.

2541 2171 2807 2230 Dextera
2837 2166 3128 2230 Domini'
3112 2187 3174 2229 m
3205 2167 3616 2235 retribuendo
3659 2188 3784 2236 non
3838 2190 3976 2263 per-

2411 2260 2547 2324 cier
2577 2269 2823 2343 praesto
2851 2262 3014 2337 fuit,
3048 2263 3278 2327 nedum
3312 2265 3477 2330 enim
3537 2264 3982 2351 insignissimis

2413 2355 2538 2421 illis
2569 2358 2871 2443 prodigiis
2898 2359 3332 2427 florescentiae
3366 2363 3542 2441 panis
3589 2362 3978 2447 fragmentu-

2413 2475 2547 2519 rnm
2580 2458 2643 2519 in
2688 2478 2902 2531 rosas,
2962 2457 3280 2543 interjecti
3334 2460 3611 2524 fluminis
3665 2462 3980 2544 (extenso

2412 2553 2607 2617 Pallio
2633 2556 2928 2639 cymbam
2972 2554 3348 2641 supplente)
3406 2556 3931 2621 transvadationis
3949 2600 3974 2632 ,

2413 2650 2844 2734 exanimisque
2874 2651 3016 2736 ejus
3072 2652 3308 2719 brachii
3364 2654 3442 2718 ad
3495 2654 3975 2735 impartienda-

2412 2767 2610 2831 egeno
2640 2748 2863 2830 stipem
2885 2792 2906 2821 ‚
2939 2769 3063 2813 non
3094 2747 3292 2815 fracto
3322 2749 3635 2831 sepulchri
3663 2768 3973 2815 marmore

2412 2844 2724 2910 mirabilis
2751 2846 3182 2922 extensionisg
3215 2854 3351 2913 tuto
3378 2847 3687 2914 altaribus
3735 2847 3927 2912 inseri
3954 2892 3977 2924 ‚

2411 2949 2476 3008 et
2506 2943 2824 3023 praeclaro
2851 2944 3024 3009 Beati
3051 2943 3306 3013 nomine
3336 2945 3618 3031 insigniri
3647 2965 3838 3028 posse
3879 2944 3996 3035 in·-
4034 2985 4038 2989 -

2412 3038 2666 3104 dicavit.

2540 3137 2660 3202 Sed
2692 3135 2854 3204 binis
2883 3136 3074 3204 etiam
3107 3136 3250 3204 aliis
3293 3158 3495 3222 aeque
3554 3137 3976 3221 obstrepenti·

2410 3234 2530 3297 bus
2562 3242 2704 3316 post
2730 3234 2891 3300 hunc
2910 3234 3149 3301 cultum
3175 3235 3489 3301 miraculis
3509 3257 3546 3302 a
3571 3242 3975 3324 samma,-

2408 3339 2509 3396 ΤΕ
2543 3339 2835 3399 VESTRA
2866 3331 3114 3418 (aeque
3171 3334 3448 3399 maximo
3501 3335 3567 3396 in
3626 3333 3724 3399 his
3782 3337 3977 3402 rebus

2412 3434 2679 3494 Doctore
2704 3450 2776 3494 ac
2805 3428 3082 3513 Iudice)
3112 3428 3239 3493 late
3267 3430 3625 3512 approbatis
3647 3473 3669 3503 ‚
3698 3431 4010 3515 gratissi-‚

2412 3544 2587 3588 mum
2614 3523 2741 3588 sibi
2765 3523 2904 3590 fore
2946 3525 3391 3592 solemniorem
3448 3523 3622 3590 illius
3679 3527 3922 3592 cultum
3950 3569 4007 3600 ,,

2414 3627 2583 3687 Deus
2612 3622 2750 3704 ipse
2779 3622 3004 3688 unicus
3033 3621 3482 3687 miraculorum
3510 3630 3727 3689 auctor
3743 3623 3857 3708 hac
3883 3624 3986 3692 ul-

2408 3718 2564 3784 tima
2593 3719 2911 3804 signorum
2939 3739 3092 3784 voce
3120 3719 3480 3803 explicavit.

2536 3822 2707 3884 Haec
2728 3825 2939 3882 autem
2968 3816 3108 3902 ipss
3138 3817 3389 3900 superni
3419 3817 3595 3882 illius
3623 3813 3981 3900 beneplaci-

2411 3914 2460 3979 ti
2485 3913 2799 3979 certitudo
2821 3956 2842 3987 ,
2864 3914 3043 3999 juxta
3070 3913 3506 3982 inconcussam
3566 3915 3749 3999 hujus
3808 3920 3975 3998 Apo·

2414 4011 2680 4078 stolicae
2708 4010 2889 4077 Sedis
2920 4013 3192 4095 praxim,
3212 4012 3441 4078 merito
3468 4012 3547 4076 de
3578 4011 3814 4077 sesola
3831 4031 3978 4077 cau«-

2410 4129 2548 4175 sare
2581 4109 2819 4183 debet,
2847 4116 2917 4174 ut
2946 4110 3165 4173 eadem
3199 4115 3623 4174 SANCTrrAS
3669 4114 3973 4178 VESTRA

2409 4203 2525 4270 illo
2555 4206 2780 4274 eodem
2814 4205 3192 4286 obsequenti
3223 4214 3286 4270 et
3315 4204 3538 4269 libenti
3563 4204 3818 4279 animo,
3847 4226 3974 4286 quo

2410 4323 2664 4384 semper
2687 4302 2859 4367 illius
2886 4302 3115 4385 placita
3169 4302 3548 4386 exequitur,
3604 4302 3725 4368 boc
3768 4302 3966 4369 etiam

2411 4401 2600 4464 modo
2628 4410 2997 4483 exequatur.

2408 4599 2895 4659 ALEXANDER
2923 4597 2985 4659 S.
3014 4598 3257 4658 uariae
3302 4601 3383 4657 ad
3425 4596 3972 4672 Martyrumaco-

2780 4712 2900 4756 uus
2936 4696 3284 4758 cardinatis
3311 4695 3596 4756 Albanus.

2539 4897 2707 4954 luter
2735 4887 3235 4972 quamplurimos
3258 4934 3280 4962 ‚
3332 4871 3491 4969 quos
3547 4885 3735 4951 Caelo
3793 4884 3969 4966 dedit

2410 4987 2706 5070 Hispania
2739 4986 3634 5052 celeberrimossanctimonia
3681 4986 3902 5070 Viros,
3933 5004 3971 5048 e

2410 5085 2947 5150 Francisoanorum
2981 5083 3235 5147 Familia
3268 5081 3570 5146 foer-unda
3601 5075 3972 5144 Sanctorum

2408 5186 2611 5247 Matre
2639 5181 2868 5264 prodiit
2902 5182 3120 5244 beatus
3152 5188 3374 5244 Petrus
3408 5178 3742 5266 {legale-tus
3772 5178 3976 5260 adnuo

2411 5279 2706 5359 impuber
2733 5279 3126 5362 ,religiosum
3185 5277 3507 5359 professus
3562 5276 3919 5342 institutum
3947 5318 3970 5350 ‚

2409 5375 2794 5463 paupertatis
2822 5375 3327 5449 amantissimus,
3383 5381 3452 5439 et
3489 5372 3821 5446 severioris
3863 5369 3970 5454 „di-
