4442 6300
1998 509 2248 568 utut!
2286 512 2579 567 RERUM.

1423 664 1473 716 V

772 840 1051 893 Vacsbilis
1083 839 1288 895 Officia
1314 857 1454 910 quae
1480 838 1594 891 sint
1611 874 1628 902 ,
1654 843 1709 890 et
1733 852 1898 906 quare
1922 834 1995 887 ita
2032 849 2237 886 nuncu·

657 927 882 999 pentur?
898 946 1026 1001 pag.
1064 928 1186 981 131.
1213 958 1278 969 -
1299 927 1579 982 Vacabilia
1597 925 1797 980 Officia
1824 923 2130 976 obtinentes
2152 922 2235 972 in-

656 1027 866 1071 tersunt
884 1017 1228 1072 processioni
1258 1015 1402 1087 apud
1419 1016 1737 1068 Vaticanum
1766 1013 1823 1063 in
1853 1012 1942 1065 die
1962 1011 2231 1079 Corporis

655 1105 861 1159 Christi
890 1122 1010 1158 cum
1036 1104 1328 1158 lotortitiis
1345 1143 1365 1170 ,
1394 1101 1528 1155 ibid.
1554 1131 1618 1142 —
1639 1101 1868 1154 Etiamsi
1901 1097 2233 1168 contingerit

654 1194 880 1246 vacatio
921 1194 1269 1262 Apostolicae
1298 1190 1454 1244 sedis
1479 1229 1493 1254 ,
1516 1207 1644 1260 pag.
1680 1188 1800 1241 135.
1834 1187 1958 1240 137.
2191 1180 2196 1185 ’

767 1280 850 1332 De
887 1279 1056 1348 Virga
1083 1279 1255 1331 rubea
1288 1279 1380 1348 qui
1412 1284 1793 1345 nuncupantur
1815 1312 1831 1340 ,
1874 1273 2095 1344 quando
2148 1272 2229 1324 in·

656 1368 893 1421 serviant
916 1377 1062 1421 extra
1090 1368 1408 1436 cappellam
1436 1364 1782 1418 Pontificiam
1812 1401 1827 1427 ,
1850 1380 1978 1432 pag.
2007 1362 2137 1415 287.

769 1455 1117 1508 processioni
1145 1463 1198 1507 et
1224 1453 1331 1523 ipsi
1363 1469 1486 1507 cum
1517 1452 1803 1505 intortitiis
1831 1452 2092 1504 interesse
2139 1449 2232 1503 de-

653 1541 805 1610 bent,
830 1550 884 1597 et
907 1561 937 1596 s
962 1542 1217 1596 lateribus
1245 1541 1559 1594 Baldachini
1590 1539 1839 1593 incedere
1862 1577 1878 1604 ,
1908 1539 1954 1591 si
1982 1547 2231 1592 occurrat

657 1632 1007 1686 Sollemnitas
1036 1631 1305 1701 corporis
1335 1630 1541 1683 Christi
1567 1630 1804 1681 Vacante
1827 1627 1986 1695 sede,
2009 1645 2066 1697 p.
2096 1626 2228 1680 137.

777 1719 1134 1777 Vacabiliam
1161 1718 1498 1774 Officiornm
1524 1718 1672 1771 inter
1705 1734 1764 1770 se
1817 1715 2192 1788 praecedentis
2212 1752 2231 1781 ,

653 1828 785 1882 pag.
815 1810 949 1864 131.

778 1901 958 1953 Vacat
982 1896 1149 1951 sedes
1175 1892 1500 1966 Apostolics
1525 1892 1592 1948 sd
1620 1910 1714 1948 sex
1735 1909 1946 1948 menses
1970 1930 1987 1960 ,
2032 1909 2091 1965 p.
2140 1893 2229 1946 11.

654 1986 800 2039 Vide
831 1985 1182 2039 Conscientia.

780 2077 960 2129 Vacat
985 2074 1179 2126 iterum
1211 2074 1522 2124 Romanum
1552 2070 1857 2141 Imperium
1895 2069 2046 2124 brevi
2099 2078 2235 2124 tem·

651 2164 806 2234 poris
838 2162 1125 2215 intervallo
1151 2199 1167 2227 ,
1190 2177 1317 2230 pag.
1350 2162 1438 2212 11.

779 2249 1092 2306 Vacatione
1117 2249 1418 2302 cathedrae
1444 2248 1503 2299 in
1529 2248 1787 2299 Romano
1841 2245 2234 2316 Archigymns·

655 2340 741 2393 sio
770 2347 1116 2392 oecurrente.
1143 2337 1288 2390 Vide
1314 2337 1598 2389 Examen.

774 2430 1021 2482 Vacante
1047 2427 1170 2477 loco
1201 2426 1257 2477 in
1285 2423 1694 2477 Advocatornm
1735 2423 2222 2477 consistorialium

655 2515 908 2585 collegio
931 2513 1113 2584 {quid
1142 2513 1249 2582 ipsi
1278 2513 1535 2583 collegio
1566 2510 1879 2566 tribuatur?
1918 2529 2049 2583 pag.
2104 2512 2231 2565 1⁴1.

653 2603 799 2657 vide
826 2601 1165 2655 Advocatus.

775 2693 923 2745 Vasa
952 2691 1144 2743 Sacra.
1173 2687 1318 2742 Vide
1348 2688 1592 2742 Abacus.
1621 2689 1795 2741 Sacra
1834 2690 2000 2743 Vasa.

777 2780 920 2831 Vas-e
947 2776 1386 2832 Pietramclara.
1411 2776 1558 2830 Vide
1593 2774 1864 2846 Pyrrhus.
1902 2773 2238 2845 Praq‘ectus

655 2864 871 2933 Equiti.
1915 2874 1926 2881 ·

776 2952 1053 3008 Vaticana
1082 2950 1342 3006 Basilica
1368 2949 1628 3004 omnibus
1664 2951 1965 3022 praefertur
2016 2949 2192 3022 gloria
2215 2986 2232 3015 ,

654 3048 710 3093 et
735 3034 1039 3110 nignitate,
1063 3058 1193 3110 pag.
1225 3039 1313 3091 12.

765 3131 834 3181 In
873 3129 1134 3182 Vaticana
1183 3128 1415 3181 Basilica
1469 3127 1725 3181 formales
1780 3127 2072 3181 servorum
2127 3125 2232 3181 Dei

654 3218 1092 3272 Beatilicationes
1132 3216 1407 3269 habendas
1457 3233 1577 3270 esse
1615 3215 1869 3270 decrevit
1917 3215 2231 3270 Alexander

655 3307 768 3359 PP.
798 3309 930 3360 Vn.
960 3305 1092 3359 ibid.
1124 3317 1176 3358 et
1197 3323 1313 3375 seq.

772 3394 1228 3448 canonizationes
1255 3401 1403 3446 extra
1432 3393 1582 3445 illam
1613 3392 1669 3443 in
1697 3399 1976 3461 posterum
2006 3386 2122 3444 non
2150 3410 2235 3447 ce·

659 3480 943 3537 lebrandas
967 3519 981 3547 ,
1008 3481 1151 3534 edita
1199 3480 1613 3534 Constitutione
1664 3480 1853 3533 statuit
1903 3480 2234 3534 Benedictus

659 3570 813 3624 xlv.
836 3589 965 3642 pag.
996 3570 1082 3623 12.
1112 3580 1167 3622 et
1186 3587 1302 3638 seq.

771 3659 944 3713 Unica
971 3657 1112 3727 spnd
1145 3658 1295 3709 illam
1317 3663 1377 3709 nt
1403 3655 1661 3726 deinceps
1689 3653 1992 3708 celebretur
2008 3655 2234 3709 Proces-

661 3747 746 3800 sio
772 3785 786 3810 ,
815 3746 914 3797 alia
944 3744 1358 3798 Constitutione
1387 3743 1632 3798 decernit
1661 3742 1759 3795 88.
1789 3740 1860 3795 Ι).
1888 3742 1958 3795 N.
1983 3779 1998 3807 ,
2028 3741 2072 3794 si
2096 3743 2236 3796 cor-

591 3852 608 3872 ·
662 3836 815 3905 poris
847 3833 1050 3887 christi
1081 3834 1300 3887 Festum
1332 3831 1630 3897 inciderit,
1658 3838 1877 3884 vacante
1912 3830 2236 3899 Apostolics

666 3921 804 3976 sede
829 3960 844 3987 ,
868 3939 996 3989 pag.
1029 3920 1152 3972 133.
1179 3931 1235 3972 et
1252 3938 1368 3989 seq.

772 4011 1030 4061 Vaticana
1069 4009 1302 4061 Basilica
1356 4006 1606 4077 publicae
1657 4006 1992 4060 venerationi
2051 4005 2235 4059 sacra·

665 4106 903 4152 mentum
934 4095 1118 4149 triduo
1145 4097 1415 4165 proponit
1441 4096 1512 4148 ob
1561 4097 1793 4148 suturam
1850 4095 2237 4149 canonizatio-

663 4203 786 4240 nem
806 4224 821 4250 ,
844 4201 972 4254 pag.
1004 4183 1126 4235 121.
1154 4183 1282 4236 287.
1310 4183 1442 4234 288.
1505 4177 1506 4180 '

776 4275 877 4325 Est
901 4273 1147 4323 omnium
1178 4269 1542 4323 Ecclesiarum
1597 4278 1793 4339 caput,
1846 4270 2126 4339 speculum
2180 4278 2238 4325 et

664 4361 939 4429 exemplar
957 4398 972 4424 ,
995 4377 1125 4427 pag.
1159 4359 1285 4410 372.

773 4448 903 4504 Fuit
930 4467 957 4500 a
982 4450 1183 4517 Magno
1215 4446 1580 4500 constantino
1612 4443 1883 4499 aedificata
1907 4483 1921 4508 ,
1954 4443 2089 4498 ibid.

773 4536 930 4591 Nihil
957 4555 1017 4589 ea
1044 4534 1471 4604 magnificentius
1489 4575 1507 4601 ,
1536 4533 1676 4586 nihil
1705 4533 2000 4604 elegantius
2027 4541 2117 4586 aut
2151 4532 2234 4585 in-

663 4625 836 4679 veniri
866 4633 950 4676 aut
979 4623 1267 4693 excogitari
1300 4631 1514 4693 potest,
1543 4622 1677 4676 ibid.

784 4712 1043 4781 Vectigal
1063 4728 1164 4781 pro
1192 4711 1398 4780 Regnis
1428 4711 1707 4780 utriusque
1736 4709 1952 4763 siciliae
1989 4708 2234 4763 debitum

545 4865 551 4871 .
665 4800 924 4870 penditur
948 4802 1002 4851 in
1033 4800 1322 4868 pervigilio
1353 4799 1451 4851 ss.
1482 4800 1880 4868 Apostolorum
1906 4834 1921 4862 ,
1945 4814 2076 4866 pag.
2106 4798 2234 4852 301.

773 4889 877 4940 Vel
904 4887 1376 4958 quandocumque,
1402 4896 1456 4942 et
1482 4887 1811 4957 ubicumque
1835 4886 2063 4939 summo
2086 4886 2233 4939 pon·

665 4977 794 5031 tilici
826 4975 1115 5045 placuerit,
1146 4974 1281 5028 ibid.

789 5062 1156 5131 Vectigalium
1184 5064 1448 5116 solutioni
1477 5041 1702 5116 obnoxii
1734 5062 1968 5116 citantur
1994 5079 2022 5114 a
2075 5063 2238 5115 Prae·
2310 5123 2323 5128 ,

667 5168 806 5205 cone
833 5167 1014 5204 coram
1045 5151 1189 5221 papa
1208 5191 1227 5219 ‚
1257 5150 1392 5204 ibid.

783 5240 988 5291 contra
1014 5254 1126 5290 non
1156 5241 1427 5292 solventes
1480 5246 1807 5307 protestatur
1854 5237 2084 5291 piscalis
2137 5239 2237 5291 Ca-

671 5344 846 5380 merae
868 5365 884 5392 ,
914 5324 1045 5378 ibid.

2457 662 2728 731 Vesper-ae
2752 662 2811 716 in
2838 661 3130 733 pervigilio
3166 661 3317 717 Festi
3370 658 3640 732 Corporis
3692 657 3901 715 christi

2335 748 2630 803 celebratae
2658 750 2716 803 in
2745 751 2956 805 sacello
2977 750 3174 804 palatii
3202 748 3507 818 Quirinalis
3536 787 3553 815 ,
3574 767 3705 820 pag.
3732 747 3864 803 130.

2456 840 2726 908 Vesper-ae
2749 838 2805 890 in
2833 838 3125 910 pervigilio
3154 838 3250 891 88.
3281 839 3682 908 Apostolorum
3710 853 3823 889 non
3848 836 3910 891 in

2333 923 2592 977 Vaticana
2617 927 2851 980 Basilica
2872 964 2887 992 ,
2917 927 3010 981 sed
3040 928 3096 979 in
3129 927 3338 980 sacello
3370 925 3586 980 Sixtino
3614 926 3807 980 palatii
3825 943 3912 981 oo·

2332 1011 2612 1066 lebrsntur
2633 1053 2648 1081 ,
2678 1025 2732 1069 et
2755 1034 2921 1086 qnare
2942 1015 2967 1069 ἲ
2990 1032 3120 1085 pag.
3143 1016 3269 1068 301.

2454 1104 2637 1157 Vestes
2662 1106 2872 1157 Sacrae
2898 1104 2955 1156 in
2988 1103 3441 1158 canonizationis
3469 1103 3789 1157 sollemniis
3812 1101 3909 1156 ad·

2329 1188 2598 1246 bibendae
2649 1193 3075 1245 postulantium*
3121 1193 3613 1246 Canonizationem
3680 1192 3914 1262 pecnnia

2329 1290 2715 1349 comparantur
2741 1319 2756 1345 ,
2781 1300 2910 1350 pag.
2940 1282 3068 1334 300.

2450 1368 2677 1423 Vexilla
2716 1369 3207 1423 adscribendorutn
3261 1371 3524 1441 catalogo
3583 1370 3911 1424 Sanctorum

2328 1458 2563 1527 supplici
2593 1458 2698 1510 ritu
2725 1457 2899 1511 delata
2927 1459 2984 1510 in
3013 1459 3301 1511 Basilicam
3323 1459 3664 1525 Vaticanam,
3689 1479 3747 1529 p.
3775 1459 3904 1513 3⁰⁸.

2442 1546 2700 1616 Appensa
2719 1546 2777 1598 in
2801 1547 3128 1600 procestriis
3148 1545 3249 1600 sub
3269 1547 3456 1601 Thulo
3474 1547 3723 1603 Vaticani
3745 1549 3911 1602 Tem·

2330 1634 2408 1705 pli
2433 1672 2449 1700 ,
2470 1652 2604 1704 pag.
2632 1635 2758 1688 379.

2344 1738 2347 1747 ’
2432 1723 2737 1778 ΔῙῙεειῚἸΙιιηι
2762 1726 2911 1778 Beati
2940 1724 3151 1779 Fidelis
3177 1726 3416 1779 elevatur
3468 1725 3606 1778 ultrs
3658 1722 3906 1795 superci-

2332 1811 2466 1864 lium
2497 1812 2632 1864 solii
2661 1812 2941 1867 pontificii
2973 1814 3116 1868 inter
3143 1814 3351 1867 lucidas
3381 1814 3553 1868 nubes
3574 1851 3591 1879 ,
3610 1831 3739 1884 pag.
3770 1813 3901 1869 m.

2455 1900 2807 1955 Veni-illorum
2834 1901 3012 1956 hastae
3040 1920 3068 1955 a
3095 1901 3296 1973 quibus
3329 1902 3551 1957 delatae.
3580 1901 3728 1956 Vide
3771 1901 3911 1956 Con·

2308 1984 2675 2055 stater-nitas.
2708 1991 2915 2044 Hasta.

2454 2078 2805 2130 Vexillornm
2831 2080 3032 2130 Funes.
3058 2076 3204 2130 Vide
3232 2078 3436 2132 Ennea.

2454 2167 2595 2224 Viae
2621 2185 2718 2237 per
2742 2183 2876 2238 quas
2923 2166 3309 2236 circumagitur
3358 2166 3649 2220 processio
3702 2165 3760 2219 in
3813 2166 3905 2223 die

2332 2256 2602 2327 corpqris
2631 2254 2835 2309 Christi
2860 2291 2876 2320 ,
2904 2253 3107 2309 aulaeis
3133 2262 3187 2308 et
3216 2254 3580 2307 stromatibus
3608 2262 3900 2323 ornantur,

2325 2362 2458 2415 pag.
2487 2346 2610 2397 131Δ
2637 2374 2702 2387 -
2719 2343 3058 2398 Apraefecto
3085 2343 3279 2395 palatii
3302 2342 3617 2412 Apostolici
3646 2359 3750 2395 una
3776 2361 3901 2398 cum

2332 2437 2453 2488 aliis
2479 2435 2751 2505 equitante
2792 2434 3087 2486 lustrantur
3129 2430 3526 2503 pomeridianis
3549 2428 3704 2484 horis
3755 2447 3913 2502 prse-

2332 2522 2570 2576 cedentis
2599 2522 2713 2576 diei
2733 2561 2748 2588 ,
2778 2520 2911 2575 ibid.

2446 2611 2821 2665 cardinalium
2867 2612 3080 2665 Romae
3131 2608 3591 2663 commorantium
3644 2606 3896 2680 expensis

2332 2709 2630 2767 ornantur,
2662 2698 2795 2752 ibid.
3496 2694 3499 2697 ’

2401 2791 2637 2843 Vacante
2654 2788 2977 2860 Apostolica
2996 2785 3156 2855 Sede,
3174 2788 3430 2840 Camerse
3448 2793 3688 2855 sumptu,
3706 2803 3764 2855 p.
3779 2784 3903 2841 18⁸.

2454 2877 2590 2932 Vias
2613 2877 2827 2930 easdem
2856 2875 2979 2946 quis
3007 2875 3249 2945 primum
3277 2872 3530 2944 expansis
3555 2871 3710 2927 Velis
3733 2873 3903 2943 jusse-

2335 2964 2407 3018 rit
2435 2963 2733 3016 inumbrari
2759 2961 2786 3016 ἲ
2806 2979 2935 3033 pag.
2968 2961 3092 3014 133.

2454 3053 2590 3108 Via-s
2615 3052 2795 3105 Solito
2825 3050 3105 3120 longiores
3129 3064 3231 3119 per
3257 3064 3389 3119 quas
3426 3045 3769 3116 supplicatio
3822 3042 3909 3098 (1ίὲ

2333 3138 2560 3211 rigenda
2587 3147 2695 3193 erat
2727 3140 2782 3190 in
2811 3136 2903 3190 die'
2956 3136 3405 3190 canonizationis
3429 3173 3445 3201 ,
3497 3133 3603 3207 tegi
3654 3140 3912 3189 curarunt

2335 3231 2707 3282 postulatores
2734 3226 2868 3280 velis
2897 3243 2962 3279 ex
2991 3224 3251 3279 cannabe
3275 3224 3510 3278 estensis
3537 3262 3553 3290 ,
3590 3240 3662 3277 ne
3713 3222 3907 3276 solari·

2334 3319 2435 3371 bus
2464 3317 2631 3374 radiis
2659 3323 2839 3369 essent
2864 3314 3087 3385 perviae
3109 3350 3125 3379 ,
3148 3330 3265 3383 pag
3308 3313 3434 3365 303.

2444 3407 2577 3458 Vias
2603 3403 2820 3457 easdem
2850 3402 3070 3472 sepiunt
3101 3401 3306 3454 milites
3332 3400 3464 3454 hinc
3490 3399 3619 3455 inde
3663 3399 3723 3453 in
3773 3396 3909 3454 duas

2334 3495 2602 3562 oblongas
2631 3493 2801 3545 lineas
2832 3489 3034 3558 divisi,
3055 3507 3183 3559 pag.
3215 3489 3342 3542 304.

2452 3577 3018 3638 Viae-Cancetlarius.
3047 3577 3192 3633 Vide
3227 3577 3585 3632 Gubernator
3612 3574 3793 3630 Urbis.

2455 3672 2806 3741 Vicesgerene
2828 3666 2996 3722 Urbis
3019 3706 3035 3735 ,
3062 3686 3175 3739 quo
3204 3668 3329 3720 loco
3357 3674 3413 3721 et
3436 3664 3698 3720 comitatu
3726 3662 3910 3719 sedeat

2336 3778 2437 3831 pro
2467 3758 2752 3830 dirigenda
2780 3757 3062 3828 utriusque
3093 3754 3239 3808 cleri
3273 3753 3686 3824 supplicatione
3707 3790 3723 3819 ,
3769 3768 3900 3825 μσς.

2335 3853 2462 3905 305.
2488 3848 2633 3902 Vide
2661 3842 3056 3901 Ferdinandas
3082 3842 3272 3897 Uaria
3299 3840 3368 3895 de
3396 3839 3621 3895 Rubcis.

2457 3934 2780 3991 Vincentius
2803 3930 3084 3987 Halvczsi
3122 3930 3637 3982 protonotariorum
3690 3926 3910 3997 partici-

2337 4025 2581 4096 pantium
2612 4021 2866 4092 collegio
2894 4015 3176 4090 adjunctus
3201 4055 3216 4082 ,
3246 4016 3573 4088 Apostolico
3632 4014 3907 4070 cubiculo

2336 4114 2667 4176 praefectus,
2695 4105 3131 4174 commendatur,
3154 4122 3285 4177 pag.
3311 4105 3403 4158 98.

2443 4205 2651 4255 Locum
2683 4199 2893 4251 obtinet
2919 4197 2977 4248 in
3007 4193 3373 4250 consistoriis
3402 4187 3814 4261 semipublicis,
3838 4206 3907 4245 ex

2336 4287 2553 4361 s'peciali
2586 4286 2794 4340 summi
2826 4283 3111 4337 pontilicis
3139 4282 3304 4352 gratia
3327 4318 3342 4344 ,
3373 4278 3507 4333 ibid.

2455 4378 2624 4445 Virga
2637 4372 3005 4428 Rubea.Vide
3025 4369 3336 4441 Officiales.
3361 4366 3656 4423 Vacabilia
3676 4363 3907 4438 Officia.

2455 4463 2718 4522 Visitatio
2774 4463 2933 4515 Sacra
2984 4460 3247 4513 Basilicae
3299 4459 3697 4512 Lateranensis.
3762 4456 3909 4510 Vide

2337 4547 2672 4612 Benedictus
2693 4554 2752 4606 Χ
2756 4553 2787 4605 1
2793 4553 2853 4604 V.
2876 4547 3154 4604 Basilica.
3175 4545 3457 4601 Custodia.
3472 4548 3907 4600 Sacramentum.

2353 4648 2485 4705 Vita
2503 4684 2519 4711 ,
2585 4641 2830 4698 Virtutes
2843 4677 2862 4705 ,
2914 4645 2967 4690 et
3019 4638 3331 4691 Beatomm
3382 4632 3909 4688 canonizandamm

2337 4733 2642 4791 Hiracala.
2672 4727 2815 4782 Vide
2848 4723 3262 4795 compendium.
3291 4721 3598 4778 Hit-acula.

2456 4819 2733 4879 Umbella.
2756 4814 2903 4870 Vide
2930 4811 3372 4869 Baldacltinum.
3406 4812 3606 4866 Hasta.

3091 4931 3134 4982 Ζ

2453 5058 2585 5110 zani
2613 5052 2768 5107 pauli
2796 5052 3096 5105 Pincernse
3129 5048 3340 5102 Summi
3370 5045 3657 5101 pontificis
3712 5061 3911 5100 munus

2344 5148 2398 5200 in
2429 5146 2518 5199 die
2550 5140 2997 5197 canonizationis
3020 5177 3036 5203 ,
3057 5154 3186 5208 pag.
3216 5135 3342 5189 300.

2452 5231 2706 5306 ΖορΙιονί
2730 5232 2874 5284 inter
2899 5237 3150 5297 utrasque
3177 5224 3386 5279 Thi-oni
3418 5224 3693 5278 pontificii
3736 5225 3915 5276 coro·

2345 5341 2437 5377 nas
2467 5322 2848 5394 procurrentis
2875 5317 3184 5392 Epigraphe
3209 5356 3225 5386 ,
3252 5328 3305 5373 et
3329 5320 3568 5373 Ornatus
3590 5356 3606 5385 ,
3626 5337 3754 5390 pag.
3783 5320 3914 5377 378.

2128 5416 2466 5475 FtNts.
