4442 6300
1576 511 1943 578 QUJNQUE'
1965 509 2431 562 SANC‘rouUM
2475 511 2640 560 E'rC.
3458 514 3526 565 88

483 673 632 721 aare
658 652 989 739 Regalatus
1030 652 1454 719 constituisset
1487 656 1753 723 invisere
1782 700 1803 729 ,
1849 676 2044 738 seque

480 749 628 814 bora
685 751 954 832 septima
995 768 1113 812 una
1163 772 1305 813 cum
1347 752 1525 816 Socio
1571 754 1942 818 contulisset
1981 754 2044 814 in

481 850 672 921 viam,
703 848 999 912 divinitus
1024 848 1256 913 factum
1290 858 1411 921 est,
1444 861 1513 915 ut
1545 851 1694 916 bora
1723 862 1939 916 octava
1982 852 2043 914 in

480 946 816 1009 'tribulano
845 951 1162 1009 Conventa
1194 948 1605 1027 reperiretur,
1637 950 2044 1034 quadraginta

481 1064 770 1125 passuum
808 1042 1094 1105 millibus
1127 1045 1306 1109 nudis
1348 1047 1617 1127 pedibus
1646 1048 1826 1112 unius
1855 1048 2044 1112 borae

480 1142 677 1222 spatio
705 1140 1031 1205 confectis.
1066 1148 1198 1215 Quo
1215 1151 1390 1206 certe
1419 1144 1714 1226 agilitatis
1747 1145 2044 1209 miraculo

481 1258 780 1301 summam
815 1237 1025 1302 fidelis
1069 1247 1256 1320 atque
1285 1242 1614 1322 prudentis
1646 1244 1916 1306 ministri
1952 1244 2045 1305 sui

480 1334 901 1417 diligentiam,
937 1338 1042 1417 qui
1077 1338 1280 1417 ipsum
1313 1341 1719 1404 constituerat
1750 1361 1936 1424 super
1963 1340 2047 1404 fa-

477 1432 687 1495 milias
729 1452 915 1504 suas,
962 1433 1262 1496 Dominus
1306 1433 1805 1500 luculentissimo
1849 1437 2040 1501 veluti

477 1530 839 1593 testimonio
867 1530 1315 1609 comprobavit.
1369 1558 1392 1584 ι

608 1655 633 1678 ι
673 1632 745 1690 At
780 1626 931 1688 illud
960 1626 1226 1691 fortasse
1252 1628 1600 1692 mirandum
1631 1631 1851 1714 magis,
1874 1633 2042 1712 quod

479 1720 854 1805 singularem
904 1721 1182 1805 Regalati
1237 1744 1387 1806 erga
1441 1746 1740 1807 pauperes
1786 1727 2043 1792 charita·

479 1828 602 1881 tem
650 1840 683 1881 a
715 1819 981 1882 morosis
1012 1818 1391 1899 quibusdam
1437 1821 1793 1887 hominibus
1837 1844 2045 1906 repre-

476 1915 767 1986 hensam,
812 1936 970 1977 novo
1013 1916 1438 1999 inusitatoque
1484 1920 1757 1998 portenti
1806 1940 2038 2003 genere

472 2011 782 2076 vindicare
829 2019 992 2076 Deus
1033 2012 1271 2086 voluit,
1315 2023 1378 2076 et
1423 2015 1756 2079 honestare
1784 2063 1797 2077 .
1851 2023 2042 2080 Erant

477 2108 638 2171 inter
670 2108 950 2192 Regalati
981 2116 1231 2174 Fratres
1254 2155 1275 2183 ,
1317 2133 1351 2175 a
1390 2114 1620 2193 quibus
1651 2114 1785 2196 ipse
1808 2158 1829 2185 ,
1875 2115 2042 2196 quod

472 2205 712 2268 nullum
773 2206 836 2266 in
887 2206 1262 2290 elargiendis
1307 2210 1744 2295 eleemosynis
1796 2219 2043 2277 teneret

474 2304 725 2367 modum
750 2346 772 2375 ,
816 2310 1058 2367 temere
1084 2305 1502 2370 incusaretur.
1549 2310 1821 2388 Contigit
1852 2309 2044 2392 igitur

468 2399 838 2482 aliquando,
894 2405 964 2463 ut
984 2444 1006 2473 ,
1067 2401 1216 2463 dum
1268 2402 1534 2468 collecta
1586 2425 1666 2468 ex
1722 2408 2037 2470 communi

474 2515 686 2560 mensa
714 2496 893 2576 panis
924 2504 986 2560 et
1015 2497 1217 2560 carnis
1249 2496 1446 2563 frusta
1477 2499 1754 2565 deferret
1785 2504 1860 2564 ad
1894 2524 2042 2585 pau-

475 2612 656 2673 peres
678 2636 697 2665 ,
731 2593 851 2674 ipsi
881 2594 1100 2656 obvius
1127 2595 1410 2659 vicarius
1438 2608 1787 2662 occurreret
1813 2643 1833 2671 ‚
1863 2609 1929 2662 et
1957 2601 2037 2662 ab

476 2709 554 2752 eo
571 2690 721 2771 quid
749 2690 1012 2755 baberet
1031 2692 1095 2754 in
1120 2692 1461 2774 sacciperio
1483 2695 1880 2777 importunus
1899 2718 2039 2777 per-

472 2794 903 2852 cunctaretur:
953 2788 1174 2852 Divino
1220 2796 1370 2855 tunc
1411 2793 1747 2874 Regalatus
1790 2795 2038 2860 afflatus

476 2886 698 2967 spiritu
730 2886 1180 2967 omnipotentis
1223 2889 1334 2950 Dei
1355 2932 1374 2958 ,
1406 2891 1511 2969 qui
1559 2911 1632 2952 ea
1656 2934 1678 2963 ,
1708 2911 1869 2971 quae
1913 2912 2036 2957 non

476 2994 662 3052 sunt,
692 2991 1009 3064 tamquam
1040 3005 1113 3047 ea
1135 3029 1154 3057 ,
1185 3006 1342 3065 quae
1373 2994 1536 3057 sunt,
1566 2988 1810 3065 pariter
1837 2996 2036 3053 vocatz

476 3080 681 3143 Floras
718 3101 787 3144 se
829 3080 1061 3144 habere
1086 3127 1105 3155 ‚
1148 3072 1492 3163 respondit.
1538 3087 1838 3158 Quoniam
1884 3107 2036 3152 vero

474 3198 544 3241 ea
571 3188 708 3242 erat
736 3180 876 3242 anni
905 3188 1266 3260 tempestas,
1298 3201 1419 3262 qua
1449 3182 1601 3243 nulli
1626 3189 1798 3245 certe
1825 3185 2036 3258 flores,

475 3275 588 3340 nisi
634 3275 932 3340 divinitus
960 3297 1223 3341 vernare
1263 3285 1596 3359 poterant,
1641 3280 1913 3362 ideoque
1959 3284 2037 3345 ad

471 3369 624 3435 banc
651 3373 816 3435 Petri
845 3391 1068 3435 vocem
1096 3372 1414 3436 videretur
1444 3374 1702 3440 haerere
1729 3377 2035 3452 vicarius,

474 3468 785 3533 sacculum
830 3470 1126 3533 continuo
1165 3477 1387 3533 Petrus
1431 3471 1779 3553 explicuit,
1824 3494 2031 3556 neque

468 3562 620 3645 jam,
649 3585 807 3648 quas
833 3586 984 3630 vere
1016 3565 1349 3637 detulerat,
1375 3568 1550 3649 panis
1583 3571 1908 3650 carnisque
1939 3590 2038 3631 re·

470 3660 694 3745 liquias
713 3706 732 3734 ,
766 3663 877 3726 sed
909 3664 1368 3727 recentissimas
1388 3665 1447 3725 iu
1475 3685 1553 3728 eo
1576 3665 1869 3729 candidas
1889 3687 2034 3748 pur·

468 3778 818 3841 parcesque
839 3780 1012 3823 rosas
1041 3761 1339 3823 ostendit.
1363 3762 1549 3844 Cujus
1577 3762 1667 3823 rei
1699 3761 1859 3826 fama
1883 3785 2027 3827 cum

472 3856 657 3939 longe
690 3856 939 3937 lateque
969 3856 1233 3921 finitima
1265 3858 1401 3921 loca
1424 3859 1629 3923 omnia
1659 3860 2031 3941 pervasisset

469 3973 670 4034 usque
720 3953 1148 4017 vallisolctum
1171 3997 1191 4027 ‚
1242 3955 1612 4021 incredibile
1671 3956 1838 4019 dictu
1887 3963 1984 4021 est
2007 4001 2028 4031 ,

469 4057 760 4130 quantam
793 4069 938 4131 erga
984 4051 1345 4132 Regalatum
1380 4053 1753 4117 excitaverit
1789 4055 2034 4117 univer·

470 4165 677 4210 sarum
710 4147 985 4228 gentium
1018 4148 1551 4212 existimationem
1578 4196 1594 4211 .
1647 4179 1670 4203 υ

603 4271 628 4296 ι·
679 4243 798 4306 Sed
828 4243 926 4306 bis
956 4245 1143 4306 etiam
1175 4245 1363 4328 longe
1395 4247 1628 4328 majora
1663 4252 1840 4319 sunt,
1871 4267 2031 4329 quae

463 4339 526 4400 in
557 4347 817 4403 extento
848 4341 1017 4404 Servi
1043 4343 1136 4404 sui
1164 4342 1420 4406 brachio
1448 4364 1479 4404 a
1502 4349 1632 4407 Deo
1651 4343 1814 4407 facta
1839 4342 2033 4409 fuisse

466 4438 639 4519 signa
668 4437 986 4501 dicuntur.
1010 4439 1184 4511 Quod
1211 4439 1379 4502 enim
1414 4439 1492 4503 de
1514 4440 1817 4520 Apostolo
1848 4450 2031 4506 Petro

465 4533 716 4598 tradunt
751 4532 1134 4616 Evangelias
1164 4543 1235 4598 ut
1267 4556 1458 4617 super
1507 4537 1698 4600 maris
1725 4537 1923 4600 undas
1951 4540 2031 4601 ad

466 4628 787 4692 Dominum
822 4629 1212 4706 ambularet,
1258 4632 1322 4694 id
1353 4634 1648 4696 usitatum
1690 4634 1872 4716 plane
1915 4633 2034 4698 fuit

467 4726 766 4808 Regalato
810 4736 874 4790 et
916 4725 1260 4801 familiare,
1305 4739 1373 4792 ut
1417 4730 1586 4792 Durii
1629 4750 1822 4811 aquas
1868 4731 2031 4796 sicco

463 4824 626 4902 pede
671 4823 1020 4906 trajiceret3
1063 4826 1319 4898 Quoties
1348 4827 1516 4890 enim
1562 4828 1918 4900 accideret,
1963 4838 2034 4893 ut

461 4917 690 4980 flumen
719 4918 876 4981 illud
905 4930 1274 5000 superaturo
1317 4922 1598 4986 navicula
1634 4924 1695 4983 in
1739 4917 2070 5007 promptu=

2155 653 2443 735 pulcrum
2473 653 2710 736 opinio,
2742 659 2811 717 ut
2842 653 2904 715 in
2932 652 3140 736 ipsum
3172 663 3492 739 tamquam
3525 658 3589 720 iu
3620 658 3730 723 ab·

2158 751 2610 815 solutissimum
2667 752 3007 833 Apostolici
3066 755 3341 818 instituti
3396 755 3719 821 hominem

2155 849 2563 917 intuerentur.
2618 879 2640 903 ι

2294 973 2317 999 ι
2369 946 2480 1009 Rei
2514 953 2719 1010 autem
2754 948 3029 1012 novitate
3052 968 3123 1013 ac
3151 950 3576 1031 magnitudine
3597 972 3728 1015 om·

2155 1043 2322 1105 nium
2356 1041 2957 1107 excellentissimum
3004 1044 3159 1109 illud
3199 1046 3396 1111 fuisse
3426 1048 3675 1112 videtur
3698 1092 3720 1122 ,

2157 1141 2323 1222 quod
2372 1150 2512 1222 post
2541 1141 2678 1224 ejus
2710 1142 2959 1205 obitum
2989 1151 3298 1225 patratum
3333 1156 3450 1209 est.
3489 1147 3727 1209 Mendi-

2158 1259 2269 1300 cus
2300 1239 2554 1319 quidam
2590 1240 2891 1302 coenobii
2928 1241 3273 1306 Janitorem
3305 1243 3584 1316 adierat,
3632 1266 3729 1308 re-

2154 1332 2385 1415 liquias
2417 1355 2665 1398 mensae
2685 1379 2704 1406 ,
2738 1336 2825 1397 uti
2856 1337 3112 1408 assolet,
3145 1348 3538 1419 accepturus:
3566 1347 3725 1404 Cum

2156 1450 2308 1494 vero
2338 1450 2450 1492 eae
2480 1431 2777 1494 omnesin
2799 1432 3112 1513 egentium
3145 1436 3386 1497 turbam
3418 1436 3546 1519 jam
3581 1436 3730 1501 fuis-

2158 1535 2300 1591 sent
2340 1549 2375 1592 a
2428 1529 2704 1591 Janitore
2735 1538 2913 1593 antea
2947 1531 3354 1602 distributae,
3387 1535 3579 1596 miser
3613 1533 3725 1598 illc

2153 1645 2385 1688 vacuus
2413 1633 2599 1705 atque
2631 1623 2804 1686 bians
2826 1625 3127 1689 dimissus
3157 1637 3273 1690 est.
3310 1635 3367 1691 ts
3400 1650 3547 1691 vero
3579 1651 3724 1694 cum

2153 1731 2218 1785 et
2246 1722 2655 1785 vehementer
2697 1722 3009 1794 esuriret,
3053 1731 3117 1785 et
3147 1723 3301 1788 alias
3344 1747 3377 1788 a
3424 1726 3724 1808 Regalato

2156 1817 2620 1901 eleemosynam
2646 1817 2930 1897 quotidie
2958 1826 3193 1882 certam
3218 1820 3452 1884 soleret
3479 1822 3725 1904 accipe-

2154 1935 2221 1976 re
2245 1957 2269 1986 ,
2298 1913 2629 1995 Templum
2676 1916 3108 1996 gemebundus
3143 1917 3462 2000 ingressus
3486 1962 3513 1989 ,=
3552 1929 3615 1981 et
3645 1922 3727 1983 ad

2154 2010 2434 2093 Regalati
2482 2011 2838 2092 sepulcrum
2871 2013 2932 2073 in
2966 2033 3169 2094 genua
3214 2017 3619 2095 provolutus:
3654 2023 3726 2081 St·

2153 2120 2218 2170 tu
2246 2114 2480 2170 viveres
2522 2106 2827 2191 (inquit)
2879 2114 3165 2186 Regalate
3194 2155 3213 2182 ,
3259 2132 3383 2173 non
3424 2134 3529 2191 eqo
3572 2135 3725 2178 sanc

2155 2211 2392 2267 duriter
2416 2213 2573 2268 adeo
2601 2212 2893 2281 viverem,
2920 2227 3031 2270 nec
3064 2214 3236 2280 mihi,
3268 2231 3385 2288 quo
3413 2231 3725 2288 pascerer,

2150 2323 2308 2365 nunc
2355 2311 2599 2366 deesset.
2647 2304 2764 2366 Vix
2804 2304 2958 2367 baec
3002 2306 3365 2370 Mendicus:
3415 2310 3727 2375 Continuo
3771 2307 3779 2315 ’

2151 2400 2500 2481 sepulcrum
2525 2443 2545 2471 ,
2576 2400 2935 2463 mortalium
2968 2400 3144 2465 nullo
3176 2402 3512 2475 moliente,
3545 2426 3727 2486 aper·

2150 2504 2285 2559 tum
2316 2505 2457 2571 est;
2486 2517 2732 2560 manum
2768 2496 3102 2580 Regalatus
3131 2501 3428 2575 exeruit,
3461 2509 3524 2564 et
3557 2523 3714 2584 pane

2151 2593 2423 2675 Supplici
2458 2594 2628 2662 dato,
2660 2594 2986 2658 confestim
3023 2597 3300 2658 retraxit.
3336 2604 3525 2660 Porro
3557 2601 3721 2664 tanti

2148 2689 2430 2754 miraculi
2467 2692 2893 2774 magnitudine
2926 2692 3152 2756 mirum
3196 2692 3259 2754 in
3292 2694 3546 2757 modum
3578 2718 3717 2778 pcr-

2150 2784 2307 2850 culsi
2330 2797 2460 2849 tum
2487 2789 2835 2859 Mendicus,
2858 2796 2990 2849 tum
3017 2789 3267 2870 reliqui,
3300 2793 3405 2870 qui
3432 2792 3716 2869 aderant,

2152 2894 2540 2966 spectatores
2569 2886 2771 2966 primo
2795 2885 3052 2967 quidem
3084 2888 3561 2969 obstupescere,
3585 2896 3723 2956 tum

2151 2981 2215 3042 in
2236 2982 2573 3046 altissimas
2596 2983 2869 3047 laetitiae
2896 3002 3081 3046 voces
3105 3004 3457 3065 erumpere,
3478 2997 3724 3067 postre-

2148 3098 2252 3142 mo
2284 3100 2395 3161 per
2421 3079 2775 3143 universam
2810 3079 3166 3161 Hispaniam
3207 3101 3340 3143 rem
3375 3080 3673 3165 evulgare
3698 3129 3720 3161 ‚

2151 3196 2419 3258 eamque
2452 3177 2801 3240 incredibili
2833 3177 3248 3239 admiratione
3280 3179 3615 3258 complere.
3669 3212 3691 3236 0

2289 3300 2311 3326 ·
2365 3274 2726 3354 Sepulcrum
2770 3275 2961 3356 igitur
2992 3275 3269 3357 Regalati
3297 3276 3425 3358 Jam
3463 3277 3610 3342 inde
3640 3282 3722 3343 ab

2149 3369 2293 3453 ejus
2322 3371 2496 3434 obitu
2533 3392 2748 3453 magna
2783 3371 3154 3451 populorum
3191 3371 3545 3452 frequentia
3580 3396 3723 3440 coe·

2147 3476 2322 3547 ptum
2356 3475 2453 3530 est
2481 3467 2813 3538 celebrari,
2845 3467 3111 3550 ejusque
3144 3467 3465 3548 Reliquiae
3496 3491 3723 3554 magno

2149 3585 2401 3646 semper
2426 3564 2487 3625 in
2529 3565 2765 3628 bonore
2795 3564 3049 3627 habitae
3083 3573 3244 3626 suut.
3278 3564 3431 3628 Hinc
3475 3568 3719 3649 trigesi-

2147 3681 2253 3721 mo
2293 3668 2470 3723 sexto
2512 3671 2653 3741 post
2696 3661 2831 3743 ejus
2863 3661 3109 3724 obitum
3153 3680 3313 3723 auno
3358 3661 3725 3730 Elisabetba

2147 3757 2454 3821 Castellae
2487 3758 2727 3841 Regina
2760 3757 3141 3839 Aquileriam
3175 3757 3452 3838 proserta
3486 3759 3720 3824 locula-

2145 3864 2427 3917 mentum
2471 3856 2718 3935 corpori
2753 3875 2900 3917 sane
2935 3855 3189 3937 elegans
3233 3876 3309 3917 ex
3355 3854 3721 3922 alabastrite

2146 3971 2455 4014 marmore
2484 3952 2882 4016 excitandum
2916 3953 3176 4023 curavit,
3209 3954 3312 4013 ubi
3348 3959 3617 4033 quatuor
3645 3977 3721 4022 ea

2142 4048 2444 4112 miracula
2465 4094 2486 4124 ‚
2515 4069 2778 4130 quorum
2808 4058 2950 4113 ante
2989 4050 3388 4114 meminimus
3413 4094 3431 4120 ,
3464 4054 3714 4134 anagly-

2141 4145 2308 4226 ptico
2337 4164 2529 4227 opere
2551 4146 2789 4208 affabre
2814 4145 3098 4208 visuntur
3118 4165 3433 4227 expressa.
3467 4155 3603 4219 Quo
3625 4149 3714 4211 fa-

2142 4252 2309 4306 ctum
2341 4249 2461 4315 est,
2482 4248 2550 4303 ut
2580 4241 2721 4326 ejus
2742 4240 2948 4306 cultus
2978 4261 3089 4322 per
3112 4243 3522 4323 insequentes
3547 4256 3720 4307 aeta-

2144 4344 2242 4403 tes
2269 4339 2494 4401 mirum
2525 4338 2588 4400 in
2617 4338 2870 4402 modum
2894 4340 3086 4402 fuerit
3115 4337 3555 4420 amplificatus.
3578 4348 3712 4407 Hoc

2144 4443 2356 4499 autem
2392 4437 2517 4500 rite
2547 4437 2923 4518 approbato,
2952 4436 3351 4499 Innocentius
3376 4443 3478 4500 XI.
3510 4441 3714 4501 Ponti·

2143 4535 2249 4598 fex
2281 4536 2570 4617 Optimus
2610 4533 2911 4598 Maximus
2951 4533 3229 4598 Officium
3275 4541 3337 4594 et
3369 4534 3618 4597 Missam
3649 4536 3713 4597 iu

2147 4631 2343 4713 ipsius
2392 4631 2696 4695 honorem
2743 4631 3078 4711 quotannis
3123 4629 3429 4693 celebrari
3485 4635 3713 4711 permi-

2146 4729 2259 4801 sit,
2291 4749 2451 4791 auno
2479 4727 2811 4792 millesimo
2840 4728 3296 4791 sexcentesimo
3326 4727 3713 4809 octogesimo

2144 4834 2370 4908 quarto
2426 4825 2733 4889 Kalendis
2773 4825 3026 4888 Martii:
3073 4831 3223 4887 Cum
3273 4826 3335 4885 in
3379 4844 3515 4887 eam
3572 4845 3703 4887 rem

2144 4924 2381 4987 orando
2425 4921 2837 5003 instandoque
2882 4922 3142 4985 Carolus
3193 4942 3271 4985 co
3317 4922 3562 4983 nomine
3610 4942 3705 4983 se·

463 5032 584 5077 non
635 5023 852 5084 esset,
899 5019 1108 5098 posito
1153 5018 1488 5101 Regalatus
1531 5019 1768 5101 pallio,
1825 5041 2029 5103 eoque
2140 5020 2381 5084 enudus
2406 5018 2841 5099 Hispaniarum
2883 5026 3003 5081 Rex
3034 5017 3425 5086 catholicus,
3469 5019 3705 5098 Regina

461 5131 646 5192 super
690 5113 882 5175 undas
939 5123 1240 5186 extenso,
1288 5136 1475 5197 supra
1518 5117 1674 5179 illud
1733 5118 2029 5182 insistens
2137 5122 2347 5185 Uxor,
2379 5115 2643 5196 ejusque
2671 5119 2902 5185 Mater,
2937 5114 3280 5196 Ludovicus
3314 5120 3706 5176 Portocarrc-

458 5213 624 5270 trans
646 5208 909 5278 fluvium,
925 5209 1344 5293 gradiebatur.
1379 5218 1470 5274 Ex
1488 5213 1743 5293 quibus,
1762 5213 2026 5295 aliisque
2142 5232 2249 5276 rus
2292 5210 2632 5274 cardinalis
2670 5209 3137 5290 amplissimus,
3181 5209 3516 5292 pluresque
3561 5210 3706 5272 insi-

464 5303 777 5369 miraculis
801 5348 821 5376 ,
853 5326 1015 5386 quae
1047 5307 1156 5368 Dei
1183 5307 1417 5370 virtute
1448 5309 1778 5389 Regalatus
1808 5330 2027 5391 opera-

463 5398 682 5474 batur,
717 5408 884 5464 tanta
928 5403 1005 5464 de
1042 5423 1119 5464 co
1151 5412 1479 5470 consecuta
1520 5406 1649 5486 jam
1682 5403 1888 5470 fuerat
1918 5425 2024 5488 po·

2137 5328 2289 5389 gaes
2317 5307 2610 5389 Episcopi
2643 5305 3045 5370 vehementer
3078 5307 3533 5368 incubuissent.
3568 5307 3704 5367 Tri-

2138 5405 2321 5467 ennio
2347 5410 2528 5485 post,
2574 5422 2715 5465 cum
2750 5403 2813 5464 in
2847 5402 3104 5483 Templo
3150 5402 3561 5485 Aquilcriensi
3593 5410 3695 5466 Sa-
