4442 6300
1552 486 1899 555 eumont
1939 487 2410 543 saumonem
2450 488 2614 541 nc.

565 635 788 695 Statim
820 654 892 696 ac
916 639 1076 713 Papa
1110 633 1441 699 institutae
1483 631 1759 696 Orationi
1809 630 1996 693 tinem

445 730 791 812 imposuit3
837 730 1183 794 Cardinalis
1231 720 1536 795 Diaconus
1583 728 1899 811 Evangelii
1940 730 2002 790 in

445 830 594 893 Solii
634 826 889 908 planitie
911 869 931 897 ‚
964 848 1089 907 quo
1118 834 1479 907 perrexerat
1507 847 1585 888 ex
1616 825 1812 888 Altari
1834 870 1851 892 .
1880 830 2007 888 Ma·

444 929 639 1009 g‘stro
670 927 1211 988 caeremoniarum
1240 930 1402 987 Dure
1424 967 1446 993 ,
1479 925 1701 987 eodem
1727 944 1797 986 ac
1829 929 2006 984 antra

448 1025 634 1085 modo
657 1025 730 1083 arl
759 1022 1151 1085 excitandam
1183 1023 1727 1101 compunctionem
1757 1019 2003 1085 cecinit:

444 1126 737 1197 Confiteor
764 1164 785 1193 ‚
813 1142 939 1200 quo
968 1120 1302 1183 recedente
1330 1119 1678 1201 Episcopus
1720 1118 2007 1183 cardina·

446 1215 527 1278 lis
578 1216 895 1279 Assistens
944 1235 981 1278 a
1029 1216 1364 1279 Sanctitate
1414 1221 1529 1278 Sua
1588 1212 2005 1297 indulgentias

446 1313 625 1395 petiit
647 1313 743 1374 bis
768 1313 1012 1375 verbis:
1051 1316 1474 1391 tnantqenaeias
1505 1317 1854 1374 Beatissimo
1894 1315 2024 1374 Pu-⁴

441 1423 577 1480 tcr,
624 1419 1005 1492 acceptoque
1054 1430 1390 1490 responso:
1445 1415 1780 1473 Cumanas
1826 1412 2007 1491 hujus

446 1511 761 1578 Action2‘33
809 1506 985 1570 illico
1030 1527 1370 1570 conversus
1412 1508 1490 1567 ad
1543 1505 1844 1585 Populum
1898 1525 2006 1566 eas

445 1603 855 1685 promulgavit
909 1603 1033 1666 alta
1090 1623 1244 1668 vore
1305 1600 1575 1688 legendo
1632 1610 2001 1686 sequentem

440 1699 795 1779 formulam.
1152 1694 1165 1717 '⁹

486 1882 491 1887 ’
574 1897 1009 1956 sanctissimus
1035 1899 1103 1955 in
1137 1898 1375 1956 Christo
1417 1897 1601 1957 Pater
1624 1906 1682 1955 ct
1715 1899 2003 1955 Dominus

442 1996 684 2065 Noster,
722 1998 1011 2053 Dominus
1040 1997 1517 2054 BENEotcTth
1552 1998 1768 2053 Divina
1798 1997 2004 2053 Provi-

444 2096 647 2153 dentia
678 2094 849 2164 Papa
880 2095 1414 2167 Dccimusquurtus
1446 2094 1553 2148 dae
1575 2130 1596 2159 ‚
1627 2102 1684 2149 ce
1727 2090 2003 2149 concedit

441 2195 717 2250 omnibus
739 2192 832 2248 hic
849 2191 1272 2264 praesentibus
1303 2190 1750 2262 Indulgentiae·
1788 2190 2005 2248 Plana·

439 2293 612 2348 riamz
655 2287 1047 2347 Visituntibus
1076 2296 1281 2346 autom
1312 2289 1640 2360 quotannis
1665 2286 2004 2356 Sepulchra

441 2385 798 2461 scaccorum
832 2374 1122 2442 sinsus
1146 2425 1165 2451 ,
1193 2364 1538 2448 cautam,
1575 2385 1845 2451 verat,
1881 2384 1997 2441 Jo-

444 2482 663 2558 septu
683 2519 703 2547 ‚
726 2489 784 2538 ct
811 2479 1275 2539 CATuAmNAE
1301 2516 1323 2544 ‚
1354 2482 1449 2536 dic
1481 2493 1681 2538 corum
1709 2479 1997 2536 natalitio

440 2588 668 2659 {eptem
689 2593 1016 2640 annorum,
1048 2584 1106 2633 ct
1134 2577 1376 2633 totidem
1397 2580 1913 2649 quadruycnurum
1937 2578 2002 2633 in

441 2677 641 2751 [urum
666 2662 969 2732 Ecclesiae
992 2680 1285 2732 consucta
1303 2696 1319 2729 z
1347 2673 1568 2746 Royan
1595 2673 1786 2746 ἱρέων
1814 2673 1997 2729 Deum

433 2789 545 2847 pro
587 2773 755 2848 [clici
794 2780 959 2829 statu
1010 2771 1368 2831 sanctitatis
1422 2770 1580 2830 Suus
1638 2779 1696 2829 ct
1749 2779 1998 2829 sanctae

439 2869 661 2951 Hatris
704 2870 1035 2929 Ecclesiae.

494 3082 499 3087 ·
532 3066 683 3123 Post
701 3054 1585 3143 Indulgentiarum'promulga
1596 3059 1830 3121 tionem
1854 3061 2001 3120 San·

438 3142 758 3222 ctissimus
803 3157 1107 3220 Dominus
1158 3155 1561 3221 Noster-sine
1608 3155 1789 3219 Mitra
1831 3163 1999 3218 stans

437 3256 677 3336 Populo
720 3253 1088 3318 solemniter
1134 3253 1471 3316 benedixit
1489 3253 1874 3334 pronuntiata
1920 3271 2000 3315 ex

444 3352 654 3428 libro,
697 3372 883 3433 quem
930 3349 1053 3413 sibi
1097 3349 1464 3413 obtulerunt
1514 3348 1797 3413 consueti
1829 3347 1995 3411 Assi-

440 3458 673 3512 stentes
713 3446 1023 3518 ministri,
1067 3445 1345 3529 generali
1373 3444 1811 3509 absolutione:
1844 3452 1999 3507 Tum

439 3547 804 3631 Symbolum
851 3544 1232 3626 praecinuit,
1279 3543 1561 3623 illudque
1592 3562 1734 3606 cum
1784 3543 2001 3607 Diaco-

436 3645 622 3708 nibus
665 3644 783 3706 sibi
830 3641 973 3703 binc
1004 3641 1149 3704 inde
1183 3640 1637 3703 Assistentibus
1669 3657 1821 3703 voce
1857 3639 2002 3701 sub-

434 3742 623 3804 missa
654 3740 979 3812 recitavit,
1030 3736 1199 3820 quod
1248 3757 1390 3800 cum
1446 3736 1688 3799 Psaltae
1735 3734 1992 3800 Palatini

435 3826 1007 3922 prosequerentur,
1053 3836 1260 3905 sedit,
1304 3853 1507 3916 eoque
1553 3833 1811 3915 expleto
1863 3852 1995 3894 sur·

432 3936 599 3998 rexit
624 3936 852 3998 iterum
882 3932 1089 4013 capite
1118 3932 1374 3995 detecto
1400 3974 1421 4000 ,
1471 3939 1541 3993 ut
1591 3947 1650 3991 v,
1699 3933 1993 3991 Dominus

447 4034 786 4095 Vobiscumz
830 4036 1122 4102 caneret,
1167 4048 1240 4091 ac
1283 4026 1680 4094 offertorium
1726 4025 2005 4106 legeret..

433 4134 655 4192 Postea
684 4128 964 4192 consedit
996 4128 1202 4190 denuo
1237 4119 1709 4206 pretiosa-Mitra
1746 4122 1998 4186 redimi-

434 4233 536 4288 tus
579 4233 952 4304 excepturus
990 4222 1445 4286 Postulantium
1493 4220 1867 4285 oblationes.

567 4329 835 4385 Fuerant
877 4320 992 4383 bae
1035 4341 1069 4383 a
1115 4319 1426 4402 magistris
1454 4317 1993 4390 caeremoniarum

438 4420 602 4482 inter
640 4419 918 4503 symboli
962 4425 1207 4482 cantum
1239 4416 1356 4481 boc
1385 4416 1598 4478 ordine
1629 4413 1992 4494 dispositae.

437 4523 591 4581 Tres
607 4518 683 4580 ad
717 4518 993 4599 singulas
1012 4514 1362 4578 oblationes
1391 4520 1716 4576 Sacrorum
1744 4512 1991 4573 Rituum

436 4614 951 4698 Congregationis
984 4611 1359 4676 'cardinales
1409 4607 1673 4671 adhibiti
1725 4617 1870 4670 sunt
1913 4627 1993 4672 ex

435 4729 814 4792 unoquoque
844 4709 1059 4773 ordine
1088 4706 1441 4791 incipiendo
1492 4706 1572 4767 ab
1622 4703 1996 4784 Antiqmuri-

436 4805 593 4876 bus,
635 4807 818 4871 neiis
849 4806 1097 4887 quidem
1130 4803 1447 4884 exceptis5
1479 4801 1585 4882 qui
1615 4801 1993 4865 assistebant

436 4903 748 4968 Pontifici:
796 4904 1028 4981 idcirco
1059 4901 1429 4983 tempestive
1462 4898 1701 4963 evocati
1731 4900 1996 4962 novissi·

435 5002 518 5060 mi
564 5000 689 5064 duo
717 5000 1071 5068 Diaconiin'
1094 4998 1313 5063 eadem
1342 4996 1838 5078 congregatione
1871 5014 1993 5058 non

437 5100 757 5178 adscripti,
778 5097 995 5182 primis
1022 5097 1086 5158 in
1112 5095 1524 5159 Assistentiae
1552 5112 1817 5157 munere
1851 5093 1997 5156 snb·

439 5198 795 5260 stituuntur.
1092 5271 1102 5279 .

565 5291 805 5373 Singuli
834 5286 1194 5376 cardinales
1216 5286 1394 5371 juxta
1424 5285 1727 5348 monitum
1748 5283 1994 5348 eisdem

3389 486 3497 541 ⁸21

2116 631 2482 695 Fannliares
2538 629 2716 695 talari
2777 631 3028 719 indutos
3075 639 3252 703 veste
3321 651 3433 713 pro
3479 632 3685 699 cereis

2119 726 2631 811 praegrandibus,
2649 736 2757 792 aut
2788 731 3073 809 panibus.
3095 729 3192 794 vel
3227 728 3488 793 doliolis
3513 750 3683 792 com·

2120 827 2476 906 portandis3
2499 825 2560 887 bi
2594 848 2707 915 suo
2736 829 2970 908 quique
2993 829 3145 890 bero
3177 827 3539 907 praeibant;
3570 847 3683 889 eos

2117 943 2267 985 vero
2294 925 2745 988 antecedebant
2774 934 3036 1005 quatuor
3079 924 3434 987 servientes
3478 944 3683 987 armo·

2116 1041 2254 1082 rum
2299 1020 2616 1102 argenteis
2659 1021 2852 1085 clavis
2899 1021 3203 1085 instructi.
3247 1028 3676 1102 Unumquem-

2115 1138 2239 1198 que
2297 1117 2692 1181 cardinalem
2757 1119 3308 1198 subsequebantur
3373 1118 3682 1198 primores

2115 1215 2243 1277 duo
2283 1221 2496 1279 Patres
2538 1234 2616 1277 ex
2648 1214 2946 1298 Regulari
2991 1214 3096 1277 illa
3152 1214 3407 1278 Familia
3432 1257 3454 1285 ‚
3497 1215 3679 1296 cujus

2114 1311 2211 1377 vel
2262 1313 2562 1377 Alnmnus
2604 1312 2812 1377 fuerat
2835 1320 3095 1377 Sanctus
3122 1355 3142 1381 ,
3173 1311 3272 1373 vel
3305 1314 3665 1376 Institutor.

2116 1410 2388 1490 Uterque
2446 1430 2705 1490 parvum
2765 1431 3018 1475 cereum
3089 1411 3375 1493 gestabat
3420 1410 3674 1474 canistri

2114 1505 2298 1577 loco,
2343 1494 2530 1588 quem
2563 1508 2721 1572 alter
2748 1494 2962 1571 eorum
2995 1507 3154 1570 alias
3187 1516 3494 1588 portasset
3528 1526 3669 1571 cum

2119 1604 2285 1667 binis
2328 1606 2425 1668 vel
2469 1607 2862 1676 turturibus,
2903 1603 3005 1668 vel
3039 1604 3348 1668 columbis
3370 1649 3390 1678 ‚
3419 1603 3522 1667 vel
3549 1605 3674 1669 aei-

2115 1700 2278 1765 culis
2316 1702 2848 1775 versicoloribus}
2895 1703 2974 1766 ab
3019 1701 3131 1765 hac
3173 1701 3343 1765 enim
3379 1699 3678 1767 solemni-

2114 1805 2244 1885 tate
2285 1797 2401 1862 boc
2443 1820 2638 1881 genus
2665 1797 3006 1862 oblationis
3045 1798 3302 1862 omnino
3345 1796 3484 1863 tolli
3534 1806 3677 1865 San·

2110 1894 2424 1958 ctissimus
2469 1904 2646 1959 Pater
2691 1897 3128 1975 imperaverat.
3173 1901 3365 1969 Quam
3413 1896 3497 1960 ob
3524 1917 3668 1960 cau·

2112 2011 2242 2054 sam
2291 1991 2351 2052 id
2395 1992 2707 2065 vetuerit,
2748 1992 3161 2071 investigator
3187 1990 3452 2072 cupidus
3491 1992 3673 2057 facile

2111 2100 2482 2168 assequetur
2520 2089 2791 2153 lectione
2833 2089 3247 2151 laudatissimi
3274 2088 3413 2170 ejus
3459 2090 3674 2169 operis

2110 2186 2191 2249 de
2222 2194 2548 2249 Servorum
2580 2188 2689 2252 Dei
2723 2187 3210 2255 Beatiticatione.
3240 2195 3305 2251 et
3337 2188 3672 2251 Beatorum

2111 2284 2594 2348 Canonizatione
2615 2331 2630 2346 .
2664 2284 2954 2367 Singulae
2986 2284 3338 2348 oblationes
3370 2285 3434 2345 in
3465 2285 3676 2365 singu·

2111 2378 2190 2442 lis
2220 2382 2526 2462 separatis
2565 2383 2800 2444 mensis
2832 2382 2965 2445 sive
3013 2380 3240 2445 Abacis
3288 2380 3679 2460 compositae

2110 2487 2311 2547 erant,
2328 2477 2610 2540 candidis
2627 2476 2936 2540 obductae
2953 2475 3138 2549 velis,
3149 2496 3230 2540 ex
3250 2477 3475 2559 quibus
3496 2477 3680 2543 tolle·

2112 2572 2337 2636 bantur
2376 2573 2719 2638 ministerio
2747 2573 3038 2637 Custodia
3081 2573 3446 2638 earumdem
3471 2594 3507 2637 a
3539 2579 3671 2640 Mo·

2107 2668 2398 2735 deratore
2431 2669 2984 2735 coeremoniarum
3014 2669 3096 2732 de
3132 2690 3307 2735 more
3350 2669 3671 2736 destinati.

2106 2769 2223 2841 Qui
2251 2768 2551 2847 portaturi
2593 2788 2702 2831 eas
2745 2775 2961 2840 erant,
3005 2766 3328 2849 supposita
3375 2768 3671 2852 mappula

2109 2863 2275 2928 linea
2303 2866 2470 2946 ipsas
2518 2865 2926 2940 deserentes,
2967 2864 3354 2929 transeundo
3404 2885 3517 2946 per
3546 2887 3676 2931 me·

2108 2963 2272 3025 diam
2292 2962 2543 3027 Theatri
2564 2982 2815 3026 caveam
2848 2970 2989 3027 ante
3010 2959 3483 3027 confessionem
3505 2970 3678 3029 recta

2106 3079 2310 3141 usque
2338 3060 2414 3123 ad
2449 3067 2671 3141 Papam
2702 3059 3199 3129 contendebant,
3228 3057 3328 3122 cui
3358 3058 3676 3127 exhibitae

2111 3177 2247 3220 cum
2292 3144 2592 3226 fuissent.
2637 3178 2745 3222 eas
2771 3158 2850 3221 ad
2882 3177 3156 3221 mensam
3189 3156 3418 3219 iterum
3455 3177 3669 3240 repor-

2108 3255 2323 3317 tabant
2356 3253 2641 3339 Acolytbi
2669 3254 3030 3336 signaturae
3061 3252 3350 3317 Iustitiae
3375 3259 3677 3320 vetantes

2108 3369 2248 3413 cum
2269 3350 2840 3413 Abbreviatoribus.
2859 3356 3230 3413 Procurator
3245 3350 3672 3417 canonizatio-

2107 3447 2203 3510 nis
2229 3447 2572 3511 Cardinalis
2595 3454 3051 3519 Por-uocauere,
3082 3445 3189 3528 qui
3214 3446 3375 3511 inter
3399 3448 3670 3514 eundem

2109 3544 2453 3607 incesserat
2492 3542 2570 3607 ad
2618 3544 2932 3607 sinistram
2984 3542 3330 3608 cardinalis
3383 3544 3672 3626 Episcopi

2106 3642 2345 3725 primae
2378 3642 2677 3704 oblationi
2701 3640 3026 3724 assignati,
3056 3641 3409 3705 consistens
3440 3641 3503 3702 in
3537 3640 3676 3721 pla·

2110 3739 2267 3802 nitie
2293 3738 2443 3801 Solii
2472 3740 2868 3800 dextrorsum
2903 3756 3014 3800 sex
3043 3757 3260 3801 cereos
3287 3758 3511 3818 parvos
3538 3758 3674 3802 ara-

2110 3837 2246 3899 bice
2273 3837 2474 3918 pictos
2503 3836 2562 3899 in
2585 3854 2956 3916 unaquaque
2989 3834 3308 3898 oblatione
3337 3855 3372 3899 a
3400 3834 3669 3917 Religio·

2109 3934 2197 3997 sis
2222 3934 2510 3998 Patribus
2536 3933 2780 3996 delatos
2811 3931 3129 3994 sanctitati
3161 3938 3319 3996 Suae
3338 3933 3667 3997 offerebat:

2107 4030 2387 4103 Quilibet
2416 4050 2563 4092 vero
2591 4028 2932 4091 Cardinalis
2961 4027 3304 4109 Episcopus
3336 4028 3496 4091 duos
3537 4036 3671 4091 tan·

2106 4135 2235 4189 tum
2266 4127 2681 4209 praegrandes
2709 4127 2963 4189 arabice
2991 4124 3142 4187 item
3176 4125 3374 4204 pictos
3402 4135 3468 4190 et
3495 4145 3669 4207 prae·

2107 4231 2277 4286 terea
2300 4222 2499 4305 effigie
2524 4221 2755 4291 Sancti,
2779 4219 3110 4304 gentilitiis
3129 4220 3478 4304 insignibus
3498 4223 3670 4285 smn-

2103 4319 2188 4380 mi
2222 4317 2571 4389 Pontificis‚
2603 4338 2674 4381 ac
2716 4324 3050 4381 stemmate
3099 4316 3437 4400 Religionis
3487 4337 3668 4381 orna·

2107 4425 2240 4490 tos;
2269 4416 2626 4500 Presbyteri
2654 4424 2864 4479 autem
2896 4412 3255 4477 cardinales
3288 4434 3542 4495 magnos
3565 4436 3668 4497 pa·

2106 4531 2218 4574 nes
2247 4512 2437 4583 duos,
2465 4531 2657 4573 unum
2691 4530 2842 4574 auro
2865 4552 2885 4580 ‚
2919 4508 3188 4575 alterum
3234 4520 3492 4593 argento
3542 4510 3668 4572 illi·

2104 4616 2205 4672 tos
2233 4651 2253 4679 ‚
2319 4615 2385 4672 et
2442 4607 2930 4689 supereminenti
2988 4606 3301 4674 cantatura
3361 4606 3668 4671 Pontificii

2104 4705 2391 4788 ejusdem
2417 4705 2768 4768 stemmatis
2811 4714 3066 4767 ornatos
3090 4729 3112 4776 ς
3143 4703 3505 4767 Cardinales
3531 4712 3662 4767 tan-

2109 4803 2252 4863 dem
2285 4801 2536 4865 Diaconi
2567 4800 2802 4865 doliola
2831 4800 2960 4864 duo
2986 4800 3225 4862 affabre
3258 4799 3501 4879 sculpta
3532 4801 3664 4880 pari

2107 4904 2323 4961 ornatu
2351 4941 2370 4971 ,
2401 4919 2552 4962 auro
2581 4905 2964 4982 argentoque
2997 4895 3341 4977 splendida.
3384 4896 3665 4971 Quilibet

2106 4993 2766 5072 cardinales·accepta
2817 4993 2896 5054 de
2945 4991 3363 5056 Familiarium
3406 5011 3664 5056 suorum

2104 5091 2396 5155 manibus
2438 5091 2598 5154 dona
2641 5088 3453 5162 sanctissimoeexhibebat‚
3486 5089 3671 5154 deos-

2107 5186 2378 5251 culando
2420 5192 2667 5268 peracta
2709 5175 3031 5251 oblatione
3073 5184 3211 5267 ejus
3243 5205 3404 5268 genu
3443 5191 3508 5249 et
3540 5206 3670 5249 ma·

2110 5305 2297 5359 num3
2337 5301 2477 5347 cum
2525 5283 2706 5365 pedis
2760 5290 3001 5349 tantum
3057 5280 3344 5347 osculum
3406 5282 3670 5365 reliquis

441 5390 874 5454 transmissum
915 5387 1072 5448 duos
1114 5401 1325 5448 secum
1382 5384 1697 5446 habebant
1747 5381 1997 5445 nobiles
2109 5382 2600 5467 permitteretur.
