4442 6300
1795 798 2122 908 Ac

2258 796 2601 905 TA

1196 1102 1897 1219 SOLEMNIS
1970 1064 3168 1218 CANONIZATIONI'S

1398 1332 2039 1437 BEATORUM
2081 1365 2697 1471 SERVORUM
2749 1364 2962 1434 DEI

961 1613 1228 1662 rme-Lis
1283 1616 1322 1663 Α
1377 1617 1810 1665 emanaturum
1846 1649 1864 1677 ,
1918 1618 2197 1667 camut
2250 1617 2343 1666 DE
2399 1617 2633 1671 umus
2664 1646 2685 1679 ,
2738 1615 2937 1664 ΡΒΤΒΙ
2995 1615 3388 1678 numium,

1233 1747 1507 1797 Josssrut
1566 1751 1601 1796 Α
1662 1749 1985 1798 ιΒΟΝΙΒδΑ
2016 1780 2034 1813 ‚
2071 1751 2161 1799 ΒΤ
2215 1748 2632 1798 GATHARUNAE
2684 1748 2775 1796 ΠΕ
2830 1747 3110 1795 Btcctts.

547 1987 822 2102 Civitas
852 2042 1067 2100 Sancta
1103 2036 1453 2100 Jerusalem
1486 2080 1506 2109 ,
1541 2058 1699 2118 quae
1730 2038 1830 2123 (ιι)
1861 2058 2110 2102 sursum
2233 2046 2335 2102 tur
2356 2064 2373 2099 ι
2406 2039 2525 2102 etsi
2559 2045 2799 2101 auctam
2833 2034 3235 2117 adultamque
3269 2037 3645 2100 contendant
3676 2034 3788 2098 ali·

548 2145 692 2207 est,
725 2143 926 2198 mater
957 2144 1172 2199 nostra
1201 2134 1280 2197 de
1313 2134 1544 2216 triplici
1577 2137 1904 2218 profligato
1934 2136 2113 2199 hoste
2228 2139 2376 2221 qui,
2409 2135 2614 2200 solum
2647 2157 2725 2199 ex
2758 2157 2835 2200 eo
2870 2144 3195 2216 tempore,
3229 2155 3369 2198 cum
3424 2134 3789 2197 Alexander

546 2226 874 2293 victoriam
910 2229 1263 2295 referentes
1311 2230 1677 2314 excipiens,
1736 2253 1855 2295 nou
1914 2234 2112 2296 omni-

2222 2242 2384 2318 Papa
2413 2241 2515 2297 ΙΙΙ.
2545 2235 2712 2297 edita
2746 2232 3052 2296 Decretali
3092 2232 3495 2301 primatibus,
3533 2231 3784 2313 Episco-

546 2329 669 2391 bus
699 2326 998 2392 eumdem
1030 2327 1309 2411 assignat
1363 2328 1612 2403 locum3
1672 2330 1780 2393 sed
1839 2351 1982 2394 cum
2046 2332 2108 2392 iu
2222 2335 2319 2415 pis
2343 2376 2363 2404 ‚
2392 2332 2663 2414 aliisque
2692 2331 2986 2395 omnibus
3007 2331 3349 2400 interdixit,
3381 2350 3459 2394 ne
3490 2330 3779 2410 cuiquam

542 2443 618 2486 ea
647 2425 746 2505 (b)
776 2425 1134 2487 mansiones
1162 2424 1402 2489 multae
1437 2427 1557 2489 sint
1582 2470 1602 2498 ‚
1632 2429 1974 2490 secundum
2008 2448 2109 2490 va·

543 2523 839 2585 rietatem
870 2522 962 2607 (e)
994 2524 1361 2586 meritorum
1395 2544 1575 2586 suum
1611 2525 1945 2605 uuicuique
1978 2523 2107 2605 glo·

542 2606 678 2681 riae
731 2639 980 2702 quoque
1037 2619 1295 2702 gradum
1347 2621 1630 2684 attribuit
1656 2647 1670 2683 ε
1734 2626 1881 2685 Nam
1936 2626 2065 2685 alia
2087 2668 2107 2696 ‚

541 2715 745 2795 inquit
774 2717 1114 2795 Apostolus
1141 2763 1158 2790 ,
1191 2724 1446 2782 claritas
1471 2725 1616 2781 solis
1637 2763 1657 2793 ‚
1689 2723 1821 2783 alia
1850 2726 2109 2782 claritas

539 2820 751 2887 lunae,
783 2821 914 2876 alia
944 2822 1199 2877 claritas
1225 2821 1542 2878 stellarum
1565 2840 1590 2889 ‚-
1642 2823 1820 2880 stella
1878 2824 2034 2881 caim
2066 2838 2104 2880 a

538 2918 716 2973 stella
747 2916 942 2989 differt
970 2920 1034 2973 in
1068 2919 1345 2976 claritate
1377 2914 1514 2997 ((1).

663 3009 816 3089 Hinc
848 3010 1167 3073 terrestris
1198 3010 1316 3072 ista
1342 3052 1361 3077 ,
1397 3032 1564 3090 quae
1596 3009 1797 3074 adhuc
1827 3010 2099 3084 militat,

538 3104 820 3186 perfecta
869 3105 1042 3171 illius
1104 3106 1480 3172 aemulatrix
1540 3108 1666 3192 (e),
1724 3107 2103 3174 decedentes

536 3204 761 3266 Christi
796 3205 1091 3268 Famulus
1115 3249 1136 3277 ,
1168 3208 1274 3286 qui
1310 3226 1453 3270 cum
1490 3207 1720 3270 Mundo
1742 3250 1762 3278 ‚
1793 3227 1867 3270 ac
1900 3208 2101 3270 veteri

540 3310 833 3384 serpente
862 3323 1111 3367 carnem
1148 3325 1394 3385 quoque
1426 3304 1748 3374 vicerunt,
1778 3325 1903 3368 uon
1936 3306 2100 3385 pari·

534 3400 657 3462 hus
687 3398 923 3462 attollit
951 3400 1341 3473 honoribus3
1403 3400 1514 3464 sed
1573 3410 1757 3483 prout
1819 3402 2105 3498 animad-v

530 3497 721 3560 vertit
753 3498 1109 3560 Sanctitatis
1140 3518 1358 3560 eorum
1420 3496 1647 3561 famam
1707 3501 2100 3580 percrebres-

530 3611 674 3655 cere
702 3638 720 3664 ‚
759 3594 1335 3675 miraculorumque
1368 3605 1432 3657 et
1465 3596 1797 3677 gratiarnm
1844 3594 2097 3678 fulgore

531 3710 866 3772 coruscare
889 3734 910 3763 ‚
941 3693 1411 3755 venerationem
1444 3694 1721 3773 ipsorum
1753 3701 1813 3756 et
1857 3693 2096 3756 cultum

531 3787 900 3851 multimoda
920 3832 942 3863 ‚
971 3810 1043 3852 ac
1076 3790 1243 3852 varia
1277 3791 1518 3854 ratione
1545 3791 1876 3870 permittit,
1909 3791 2095 3856 adau-

527 3897 679 3967 get,
714 3899 774 3948 et
812 3887 1154 3968 praecipit3
1189 3888 1354 3968 quod
1391 3888 1449 3949 in
1510 3888 1942 3953 beatificandis
1997 3912 2099 3954 ca·

523 3983 1021 4064 nonizandisque
1081 3984 1303 4048 iisdem
1368 3985 1477 4049 Dei
1546 3985 1751 4048 Servis
1824 3988 2093 4050 maxime

528 4079 774 4144 elucet:
812 4081 991 4143 Plura
1022 4082 1191 4143 enim
1224 4081 1288 4143 iu
1319 4082 1530 4145 album
1586 4089 1946 4146 Sanctorum
2006 4083 2091 4147 al-

524 4177 710 4243 lectis
743 4181 1146 4251 tribuuntur‚
1179 4181 1430 4261 quaein
1474 4187 1811 4243 Beatorum
1874 4202 2093 4246 nurne-

529 4295 666 4337 rum
702 4277 1022 4339 dumtaxat
1054 4277 1385 4359 adscriptis
1400 4278 1652 4342 decerni
1679 4297 1802 4340 non
1832 4299 2090 4342 consue·

519 4384 770 4437 verunt.

658 4479 822 4537 Hanc
855 4494 1004 4536 vero
1035 4474 1097 4534 iu
1129 4472 1313 4537 terris
1342 4494 1553 4537 curam
1588 4475 1663 4537 ad
1696 4472 1945 4537 visibile
1976 4481 2088 4539 Ec-

466 4591 479 4600 *
523 4567 764 4632 clesiae
799 4573 1032 4651 Caput,
1066 4577 1415 4633 Romanum
1454 4570 1692 4633 scilicet
1723 4571 2080 4634 Antistitem

531 4676 825 4747 spectare
848 4711 867 4740 ‚
900 4669 998 4730 cui
1034 4667 1314 4730 Christus
1344 4667 1574 4750 ligandi
1607 4659 1798 4748 atque
1846 4667 2090 4732 solven-

533 4765 596 4826 di
632 4775 1007 4846 potestatem
1041 4764 1232 4836 fecit,
1262 4767 1565 4828 constanti
1599 4774 1664 4829 et
1711 4785 1830 4828 nou
1893 4766 2085 4826 inter·

528 4863 714 4925 missa
747 4861 1023 4944 plurium
1057 4862 1454 4926 saeculorum
1489 4863 1664 4944 praxi
1716 4863 2084 4944 comproba-

625 5075 712 5145 (a)
740 5077 838 5130 Ad
863 5078 1035 5130 Galat
1080 5095 1202 5143 cap,
1232 5078 1282 5129 4.
1311 5096 1365 5128 υ.
1393 5078 1482 5130 26.

625 5166 711 5235 (b)
736 5170 912 5220 Joan.
944 5168 1029 5218 1⁴.
1059 5185 1115 5218 v.
1140 5169 1192 5220 2.

630 5255 707 5323 (c)
741 5257 875 5323 Cap.
910 5256 1199 5309 Gloriosus
1223 5254 1290 5307 de
1321 5255 1499 5324 Reliq.
1527 5268 1581 5307 ee
1605 5272 1792 5308 vener.
1824 5258 1913 5308 SS.
1944 5257 2001 5306 in
2029 5257 2082 5308 θ.

623 5345 713 5414 (d)
739 5348 783 5398 1.
820 5345 1066 5397 Corinth.
1097 5361 1220 5413 cap.
1246 5346 1335 5397 15.
1364 5363 1418 5396 υ.
1450 5346 1538 5397 41.

629 5433 711 5501 (e)
745 5433 920 5485 Gloss.
952 5433 1007 5482 in
1037 5434 1300 5491 Clemente.
1341 5433 1427 5483 Ad
1480 5442 1718 5484 nostram
1770 5430 1922 5483 verb.
1980 5434 2081 5483 Ec·

554 5521 727 5573 clesia.

2223 2430 2611 2511 inposterum
2645 2427 2818 2491 Beati
2849 2448 3077 2491 nomen
3121 2437 3183 2489 et
3241 2428 3475 2492 cultum
3545 2428 3779 2490 tribue·

2217 2536 2397 2597 rent,
2429 2527 2803 2609 privativum
2855 2525 2972 2589 boc
3023 2525 3129 2608 jus
3186 2524 3584 2605 Apostolicae
3634 2523 3781 2588 Sedi

2219 2643 2549 2686 reservans
2583 2622 2711 2686 sive
2743 2631 3040 2703 tauquam
3073 2622 3152 2684 de
3184 2641 3344 2684 novo
3404 2621 3725 2684 inductum
3756 2666 3777 2693 .,

2220 2721 2354 2782 sive
2387 2721 2776 2800 postliminio
2807 2721 3187 2782 restitutum.
3223 2725 3512 2782 Ceterum
3547 2719 3639 2803 (r)
3667 2725 3776 2783 hoc

2218 2824 2472 2880 sublime
2497 2823 2795 2896 jndictum
2826 2825 2907 2880 αα
2936 2837 3068 2878 eum
3124 2829 3363 2879 tuntum
3419 2823 3731 2891 pertinere
3753 2861 3773 2889 ‚

2216 2923 2325 2992 qui
2356 2929 2442 2979 est
2477 2923 2641 2977 beati
2672 2920 2840 2977 Petri
2870 2918 3225 2985 Successor,
3258 2926 3316 2975 et
3355 2917 3628 2975 Vicat-ius
3663 2920 3777 2977 ΙΕ-

2214 3018 2302 3073 stJ
2336 3017 2671 3081 cflnts‘n,
2704 3033 2781 3075 ex
2811 3033 2890 3075 eo
2942 3011 3129 3074 facile
3190 3011 3540 3083 evincitur,
3597 3010 3769 3091 quod

2216 3109 2373 3171 sicut
2405 3118 2797 3173 aeternarum
2847 3109 3100 3173 Sedinm
3164 3107 3550 3192 designatio,
3610 3127 3770 3190 quae

2215 3225 2338 3268 non
2373 3206 2653 3285 personis
2685 3213 3012 3286 parantur,
3043 3206 3260 3266 harum
3296 3206 3461 3268 euim
3492 3225 3613 3268 non
3669 3214 3766 3270 est

2210 3313 2507 3382 acceptor
2539 3309 2738 3370 Petis,
2775 3303 2883 3364 sed
2917 3301 3162 3365 meritis
3185 3346 3204 3371 ‚
3237 3322 3395 3385 quae
3441 3301 3641 3366 solum
3676 3323 3771 3367 se-

2211 3408 2490 3478 quuntur
2516 3419 2590 3461 ex
2625 3400 2738 3462 bac
2769 3400 2892 3462 vita
2927 3400 3309 3463 dec-edentes
3334 3443 3354 3469 ‚
3399 3419 3432 3461 a
3494 3400 3771 3482 supremi

2210 3497 2411 3558 Patris
2440 3497 2701 3557 arbitrio
2732 3497 2957 3577 pendet
2985 3542 3002 3564 ,
3039 3508 3096 3558 et
3131 3498 3446 3560 voluntate
3477 3541 3497 3569 ‚
3549 3505 3617 3558 ut
3671 3499 3774 3562 Pi·

2210 3593 2343 3655 sina
2375 3612 2488 3654 nos
2517 3592 2725 3654 docuit
2755 3595 3067 3675 Sapientia
3094 3638 3111 3660 ,
3143 3615 3286 3657 cum
3325 3594 3633 3657 Zebedaei
3690 3593 3764 3656 fi-

2209 3688 2310 3752 liis
2339 3710 2453 3769 per
2483 3700 2744 3752 matrem
2779 3692 2897 3753 sibi
2928 3692 3258 3774 primatum
3304 3690 3769 3771 postulantibus

2210 3788 2536 3868 respondit
2566 3787 2664 3871 (9)
2693 3792 2900 3851 Sedere
2931 3798 3012 3851 ud
3039 3798 3354 3852 dexteram
3383 3808 3569 3852 meam
3590 3835 3610 3863 ‚
3662 3795 3764 3851 vel

2201 3889 2507 3947 annerum
2541 3905 2664 3947 aon
2698 3899 2785 3947 cst
2815 3906 3008 3947 meum
3040 3894 3179 3949 dare
3209 3892 3421 3960 vobis,
3475 3894 3577 3949 scd
3635 3892 3768 3965 qui·

2207 3989 2314 4044 bus
2343 3997 2636 4057 paratum
2667 3996 2751 4044 est
2781 4005 2820 4046 a
2857 3988 3034 4046 Patre
3066 4006 3218 4046 nico.
3284 3991 3372 4047 lta
3431 3994 3761 4047 consenta-

2204 4101 2388 4140 ueum
2417 4080 2558 4150 fuit,
2590 4089 2653 4141 ut
2688 4081 3069 4160 dispensatio
3096 4103 3312 4144 carum
3337 4101 3579 4152 rerum,
3598 4102 3760 4162 quae

2201 4177 2278 4238 ad
2309 4179 2500 4240 decus
2544 4178 3047 4257 praesidiumque
3104 4176 3337 4241 faciunt
3395 4177 3766 4249 Ecclesiae,

2202 4283 2263 4338 et
2295 4276 2370 4338 ad
2410 4275 2515 4340 Dei
2548 4281 2881 4338 Servorum
2914 4277 2974 4335 iu
3009 4276 3190 4337 terris
3210 4273 3757 4357 glorificationem,

2202 4374 2262 4433 iu
2298 4393 2590 4453 supremo
2650 4372 2821 4436 illius
2854 4372 3229 4444 Hier-archa,
3291 4373 3397 4453 qui
3460 4373 3753 4437 unctione

2200 4469 2524 4540 Christus,
2562 4469 2961 4534 successione
2993 4475 3212 4532 Petrus
3243 4477 3380 4539 est,
3414 4468 3617 4531 solum
3665 4489 3758 4532 re-

2201 4569 2461 4631 sideret.
2497 4574 2714 4630 Petrus
2746 4567 2980 4648 quippe
3013 4587 3046 4627 a
3078 4575 3253 4646 petra
3316 4565 3421 4629 illa
3483 4567 3716 4631 dicitur
3742 4611 3762 4639 ‚

2199 4686 2357 4745 quae
2390 4664 2489 4749 (Ιι)
2520 4667 2677 4741 lapis
2710 4677 2796 4727 est
2823 4670 3175 4742 angularis,
3209 4665 3288 4749 (i)
3319 4669 3553 4743 faciens
3599 4677 3768 4727 utra·

2202 4786 2311 4840 que
2347 4784 2530 4824 anum
2551 4787 2569 4821 ε
2604 4783 2889 4844 quaeque
2948 4759 3132 4826 illum
3195 4773 3336 4845 post
3396 4785 3463 4825 se
3521 4764 3764 4841 praeci·

2200 4883 2390 4943 puum
2429 4861 2757 4924 militantis
2787 4861 3114 4925 Ecclesiae
3150 4860 3622 4923 fundamentum
3647 4904 3667 4932 ‚
3699 4868 3765 4922 et

2297 5079 2382 5147 (l)
2414 5080 2600 5129 lnnoc.
2629 5078 2734 5129 ΙΙΙ.
2761 5075 2817 5125 in
2838 5075 2947 5127 lit.
2975 5033 3298 5127 Cataoniam.
3323 5077 3369 5127 S.
3394 5073 3767 5142 Kunegundis.

2249 5215 2270 5222 -
2297 5167 2384 5235 (g)
2415 5164 2613 5216 Mutela.
2643 5164 2732 5214 20.
2761 5182 2818 5214 v.
2849 5164 2938 5213 23.

2297 5251 2390 5319 (h)
2420 5251 2515 5304 Ad
2539 5252 2742 5320 Eplaees.
2770 5253 2822 5301 2.
2859 5270 2907 5302 ιι.
2939 5253 3027 5300 21).

2298 5341 2378 5410 (ι’)
2411 5340 2550 5392 lbid.
2577 5359 2637 5391 v.
2670 5341 2751 5391 Η.
