4442 6300
1841 511 2080 569 monx
2121 513 2406 566 RERUM.

553 668 736 739 Ligna
751 668 928 722 &m
939 661 1242 736 quaeipng.
1254 661 1379 717 303.
1391 659 1534 715 Vide
1545 664 1653 718 Es
1666 662 2004 731 Campanum
2012 698 2026 713 .

554 757 801 827 ligneae
820 755 1272 824 contignationes
1301 752 1360 803 in
1381 750 1616 805 'l'beatro
1645 750 2028 804 canonizatio·

444 848 535 901 nis
562 845 677 912 abi,
706 853 760 897 et
782 841 1069 915 quomodo
1098 841 1420 895 distributae
1445 840 1518 895 de
1538 840 1798 893 Mandato
1831 842 2022 909 Papae,

438 954 567 1008 pag.
598 933 727 987 292.
754 943 808 984 et
831 931 957 985 379.

552 1022 766 1092 Lignea
790 1019 1121 1090 receptacula
1147 1025 1294 1072 extra
1332 1018 1541 1088 gradus
1569 1018 1707 1071 Solii
1738 1016 2021 1070 Pontificii

439 1129 543 1183 pro
571 1110 928 1180 temporariis-
945 1106 1318 1161 cardinalium
1350 1105 1854 1177 opportunitatibus
1892 1122 2022 1158 con·

437 1206 664 1262 ιιι-αφ,
685 1214 815 1267 pag.
847 1194 978 1247 377.

544 1287 814 1356 Ligneum
842 1284 990 1337 aliud
1020 1282 1350 1336 Cubiculum
1378 1282 1448 1336 ad
1474 1289 1847 1353 opportunum
1877 1281 2016 1339 Suae

436 1376 742 1430 sanctitatis
771 1390 1038 1426 rec-essum
1060 1409 1077 1439 ,
1099 1389 1230 1442 pag.
1256 1372 1382 1425 379.

543 1460 807 1515 litaniae
833 1461 1091 1530 Maiores,
1118 1469 1173 1513 et
1198 1462 1445 1513 Minores
1472 1476 1501 1511 a
1526 1475 1638 1531 quo
1666 1457 1905 1527 primum
1934 1458 2016 1512 in·

432 1550 645 1605 stitutae
668 1585 684 1614 ‚
706 1565 837 1617 pag.
867 1548 957 1600 32.

541 1637 803 1691 litaniae
832 1637 1153 1690 Sanctorum
1205 1634 1346 1689 infra
1374 1634 1665 1689 Actionem
1708 1633 2013 1688 canonisa-

430 1728 602 1781 tionis
630 1727 935 1779 decantatae
960 1762 976 1789 ,
997 1742 1128 1794 pag.
1156 1724 1282 1776 311.

535 1814 889 1870 litaniarum
944 1812 1344 1883 supplicationi
1398 1810 1773 1880 praesentibus
1818 1810 2010 1864 Indul-

428 1906 605 1978 gentia
630 1941 646 1968 ,
675 1900 1123 1955 canonizationis
1152 1917 1307 1953 causa
1334 1916 1588 1953 concessa
1610 1936 1628 1964 ,
1649 1918 1780 1969 pag.
1807 1900 1896 1953 ⁸2.

536 1991 761 2057 literae
791 1990 940 2042 datae
965 2008 993 2040 a
1021 1989 1321 2041 Secretario
1352 1988 1807 2056 congregationis
1836 1989 2009 2039 lnter·

3481 522 3589 578 397

2243 660 2502 730 capitulo
2554 659 2819 715 Vaticano
2850 681 2862 713 ε
2918 662 3345 719 convictoribus
3410 667 3703 726 seminarii

2128 749 2404 801 Romani:
2437 748 2861 802 convictoribus
2888 751 3121 821 collegii
3155 754 3502 808 Clementini:
3532 760 3711 813 Porti-

2128 835 2339 889 toribus
2366 836 2726 891 oblationum
2751 875 2768 903 ,
2796 837 2931 891 ibid.

2238 926 2384 977 Sacri
2434 925 2676 994 Hospitii
2708 928 2971 996 Magistro
2999 929 3137 982 Duci
3168 929 3504 985 Guadaueoli
3525 973 3545 1000 ,
3574 953 3706 1004 ρας.

2122 1013 2250 1065 291.
2301 1013 2428 1067 292.
2483 1014 2610 1067 379.
2666 1014 2809 1069 Vide
2858 1033 3117 1073 numeros
3179 1019 3238 1073 in
3290 1021 3711 1093 Ichnographia

2130 1102 2378 1155 Theatri.

2229 1192 2412 1244 Locus
2462 1191 2591 1245 item
2647 1192 3078 1248 consultoribus
3130 1197 3421 1250 Sacrorum
3474 1199 3706 1254 Rituum

2121 1279 2610 1349 cougregationis:
2650 1282 3165 1336 canonizandorum
3195 1286 3446 1340 Familiis
3467 1324 3485 1352 ‚
3521 1297 3577 1343 et
3600 1291 3709 1343 Po·

2119 1368 2490 1421 stulatoribus.
2519 1368 2662 1422 Vide
2692 1369 3166 1441 Ichnographiam
3200 1373 3451 1430 Thenete.

2228 1458 2442 1511 Locum
2486 1457 2544 1509 in
2590 1456 2930 1513 duodenario
2968 1461 3376 1515 Advocatorum
3418 1464 3705 1518 Consisto·

2117 1545 2336 1598 rialium
2366 1562 2595 1601 numero
2625 1546 2910 1615 babentes,
2942 1557 2998 1600 ut
3024 1566 3090 1602 eo
3117 1549 3348 1619 gaudere
3375 1551 3549 1606 adhuc
3576 1571 3703 1624 pos-

2114 1635 2262 1701 sint,
2292 1636 2477 1689 statuit
2500 1636 2937 1690 .Constitutione
2988 1637 3134 1691 edita
3183 1637 3513 1695 Benedictus
3539 1642 3697 1698 XIV.

2105 1740 2238 1793 pag.
2269 1724 2392 1775 140.
2421 1732 2477 1775 et
2497 1739 2611 1791 seq.

2218 1813 2430 1864 Locum
2483 1812 2543 1863 in
2593 1813 2716 1882 ipso
2771 1811 3023 1882 Collegio
3076 1811 3335 1880 habentes
3385 1815 3483 1886 qui
3538 1816 3650 1870 sint
3673 1857 3695 1886 ,

2104 1917 2235 1969 pag.
2267 1900 2389 1952 142.

2222 1989 2315 2040 Ad
2344 1997 2615 2043 vacantem
2646 1991 2829 2043 locum
2883 1998 2993 2043 tres
3035 1991 3356 2057 nominare,
3391 2000 3449 2045 nt
3475 2009 3614 2049 unns
3666 2012 3697 2047 a

422 2089 633 2152 pretum
668 2078 814 2132 Sacri
846 2077 1088 2130 concilii
1117 2075 1470 2139 Tridentini,
1509 2075 1709 2145 quibus
1739 2076 2004 2145 Episcopi
2108 2079 2255 2147 Papa
2283 2077 2572 2148 seligatur‚
2627 2079 2711 2146 jus
2738 2086 2820 2130 est
2865 2078 2972 2147 ipsi
3001 2077 3408 2133 Advocatorum
3439 2082 3697 2154 collegio

420 2168 563 2221 intra
614 2167 968 2220 centesimum
1009 2165 1075 2218 ab
1101 2163 1253 2218 Urbe
1305 2163 1543 2233 lapidem
1575 2173 1888 2219 ,evocantur
1937 2164 2004 2217 ad
2110 2167 2410 2232 tributum,
2433 2184 2561 2235 pag.
2593 2167 2718 2218 141.

423 2255 914 2308 canonizationem
941 2289 956 2317 ,
979 2270 1110 2323 pag.
1143 2252 1231 2305 10.

2218 2256 2365 2308 Loca
2416 2256 2475 2305 in
2502 2253 2741 2308 Theatro
2794 2254 3249 2310 canonizationis
3301 2258 3534 2328 partitur
3558 2259 3695 2312 Pro-

528 2343 757 2396 Li‘terae
802 2341 1110 2394 Eneiclicae
1165 2336 1378 2393 Summi
1432 2337 1752 2405 pontificis,
1803 2339 2004 2410 quibus
2109 2344 2414 2397 Praefectus
2441 2342 2633 2394 Palatii
2663 2342 2730 2396 de
2758 2342 3010 2396 mandato
3038 2345 3216 2414 Papae
3236 2382 3253 2410 ,
3274 2363 3403 2415 pag.
3429 2346 3558 2401 292.

411 2431 664 2484 statuitur
691 2427 1273 2500 applicatio’Sacriflcii
1303 2446 1406 2500 pro
1432 2428 1652 2497 Populo
1680 2428 1880 2481 diebus
1904 2430 2004 2481 sal·

408 2528 519 2574 tem
555 2520 701 2572 festis
724 2555 741 2584 ‚
764 2535 893 2588 pag.
925 2519 1012 2570 10.

518 2606 742 2661 Lieerae
761 2608 1067 2659 Decretalas
1095 2622 1258 2673 super
1282 2603 1717 2659 canonizatione
1742 2604 1887 2659 beati
1913 2605 2005 2659 tvi-

411 2693 554 2749 delis
579 2714 608 2746 a
639 2692 974 2764 Sigmaringa
992 2733 1012 2760 ,
1036 2710 1166 2763 pag.
1196 2692 1325 2745 320.

518 2786 657 2835 item
690 2782 831 2835 beati
863 2783 1083 2834 camilli
1115 2782 1181 2835 de
1207 2782 1377 2833 Lellis
1400 2818 1416 2846 ,
1436 2799 1567 2851 pag.
1595 2780 1722 2835 338.

521 2872 672 2923 Beati
699 2870 847 2923 Petri
877 2870 1119 2939 Regalati
1141 2906 1157 2934 ,
1183 2887 1313 2939 pag.
1341 2869 1468 2923 345.

517 2959 670 3011 Beati
695 2959 736 3010 J
743 2958 934 3027 osephi
965 2976 993 3009 a
1018 2960 1283 3011 Leonissa
1305 2994 1326 3023 5
1345 2975 1474 3027 pag.
1504 2957 1631 3010 304.

517 3046 714 3099 Beatae
743 3047 1061 3100 catharinae
1088 3046 1155 3099 de
1186 3047 1392 3099 Ricciis
1414 3083 1434 3111 ,
1453 3064 1580 3115 pag.
1610 3045 1736 3099 302.

517 3132 743 3186 literae
768 3133 833 3186 ab
857 3136 1048 3189 Electo
1067 3136 1446 3190 Romanorum
1469 3136 1636 3205 Rege,
1661 3137 1994 3204 Imperatore

398 3226 587 3280 futuro
619 3227 812 3278 missae
839 3225 905 3277 ad
936 3228 1219 3279 Summum
1251 3226 1574 3278 Pontificem
1627 3234 1681 3279 et
1707 3226 1766 3277 in
1795 3224 1994 3277 Consi-

403 3315 582 3367 storio
610 3314 831 3367 Secreto
859 3315 1106 3367 recitatae
1127 3351 1143 3380 ‚
1165 3331 1295 3383 pag.
1325 3316 1416 3368 15.

515 3402 827 3456 lioizzani.
856 3402 1000 3457 vide
1025 3402 1260 3472 Josepla.

515 3493 701 3545 Locus
723 3492 781 3546 in
813 3491 1094 3560 cappellis
1131 3500 1184 3543 et
1210 3489 1718 3559 supplicationibus
1770 3488 1993 3560 dignior

395 3598 468 3635 eo
493 3598 654 3650 quem
685 3581 836 3649 prius
866 3577 1207 3642 obtinebant,
1234 3578 1587 3632 constituitur
1611 3597 1640 3630 a
1667 3579 1817 3647 Papa
1845 3580 1993 3632 Con·

395 3667 763 3721 sistorialibus
790 3664 1086 3719 Advocatis
1105 3703 1124 3733 ,
1147 3682 1277 3734 pag.
1309 3665 1432 3717 131.
1463 3665 1587 3718 142.

511 3758 695 3809 Locus
722 3755 1030 3810 cardinalis
1069 3754 1302 3806 Diaconi
1330 3751 1685 3822 Evangeliuni
1720 3753 1990 3808 cantaturi

395 3843 467 3898 ab
497 3844 663 3896 initio
693 3845 863 3897 Actus
892 3842 1343 3896 canonizationis
1364 3878 1379 3908 ,
1402 3858 1531 3911 pag.
1553 3840 1684 3892 314.

512 3935 691 3985 Locus
713 3933 1113 4003 Vicesgerentis
1139 3930 1312 3985 Urbis
1339 3947 1461 3983 cum
1483 3931 1521 3981 J
1529 3927 1902 3982 usdicentibns
1927 3929 1985 3981 in

395 4020 692 4075 Tribunali
725 4021 1109 4073 Ecclesiastico
1162 4026 1217 4072 et
1264 4018 1428 4071 civili
1462 4016 1768 4069 cardinalis
1794 4016 1986 4068 Almae

394 4108 572 4164 Urbis
600 4109 805 4162 vicarii
835 4127 864 4159 a
892 4109 1168 4178 principio
1199 4105 1628 4177 Supplicationis
1649 4141 1669 4173 ,
1700 4122 1829 4173 pag.
1859 4105 1982 4158 3025.

391 4197 554 4253 Idem
584 4198 641 4249 in
673 4198 919 4263 incessu,
948 4205 1075 4266 post
1107 4211 1298 4249 omnes
1335 4195 1616 4264 utriusque
1644 4195 1792 4247 Cleri
1819 4193 1987 4248 Ordi-

390 4303 490 4341 ne!
509 4311 529 4353 ,²
561 4284 694 4338 ibid.

507 4375 690 4428 Locus
718 4372 986 4426 Advocati
1015 4372 1429 4427 consistorialis
1473 4368 1766 4422 Instantius
1793 4367 1986 4423 Cardi-

391 4463 537 4517 nalis
563 4462 942 4518 procuratoris
967 4461 1193 4513 nomine
1241 4460 1386 4530 apud
1414 4459 1614 4528 Papam
1659 4459 1982 4527 exponentis

395 4552 527 4622 ipso
556 4547 1002 4606 canonizationis
1030 4545 1119 4600 die
1141 4585 1157 4612 ‚
1180 4566 1309 4618 pag.
1338 4547 1465 4599 309.

504 4638 687 4691 Locus
715 4637 936 4690 Oratori
962 4636 1226 4688 Franciae
1246 4672 1261 4700 ,
1301 4634 1450 4705 quod
1481 4650 1675 4687 munus
1727 4631 1839 4686 sibi
1891 4631 1982 4687 de·

391 4724 706 4780 mandatum
733 4705 981 4780 :cadum
1016 4724 1190 4793 palam
1221 4722 1430 4788 obiret,
1454 4722 1511 4774 in
1540 4722 1980 4793 contignationi·

388 4814 496 4869 bns
521 4814 817 4884 assignatus
833 4852 855 4879 ,
881 4831 1012 4883 pag.
1039 4812 1169 4866 292.
1198 4812 1326 4864 379.

497 4904 679 4955 Locus
707 4903 766 4954 in
794 4902 989 4956 iisdem
1017 4901 1238 4956 Oratori
1267 4901 1619 4955 venetiarum
1646 4898 1933 4954 attributus
1954 4939 1974 4967 ,

2217 2432 2362 2484 Loca
2388 2430 2528 2483 intra
2548 2431 2768 2484 Theatri
2797 2432 3034 2483 confinia
3060 2433 3271 2486 nemini
3301 2432 3553 2487 attributa
3572 2433 3693 2487 abs·

2106 2536 2211 2592 que
2245 2517 2625 2588 chirographo
2652 2518 2901 2588 Magistri
2933 2519 3079 2573 Sacri
3110 2520 3385 2590 Hospitii,
3417 2518 3553 2573 ibid.

2215 2605 2534 2661 ludovicus
2556 2603 2858 2673 Manli-oni
2896 2608 3018 2659 Dux
3070 2606 3326 2660 Peditum
3366 2608 3646 2663 Generalis
3670 2646 3688 2674 ,

2106 2694 2245 2747 ibid.

2212 2780 2530 2835 Ludovicus
2564 2779 2885 2835 Vanvitelli.
2913 2781 3057 2836 Vide
3081 2783 3458 2836 Arclaeieeceus.

2212 2869 2566 2924 luminaria.
2593 2870 2739 2924 Vide
2766 2873 2926 2939 Ignes
2948 2872 3122 2925 Festi.

2211 2959 2492 3013 ,lutherus
2540 2958 2909 3013 haeresiarcha
2956 2960 3154 3013 realem
3195 2957 3400 3012 Christi
3454 2954 3687 3029 Domini

2100 3048 2459 3115 praesentiam
2488 3047 2544 3098 in
2569 3047 2910 3100 Eucliaristia
2936 3042 3414 3117 impudentissime
3441 3047 3686 3117 negabat,

2090 3154 2220 3206 pag.
2253 3134 2377 3190 132.

2206 3227 2346 3278 ltem
2371 3244 2385 3276 ι
2414 3224 2686 3277 vicariam
2741 3224 2947 3277 christi
2980 3225 3277 3278 Personam
3331 3222 3390 3275 in
3443 3223 3601 3278 terris
3654 3241 3684 3276 a

2093 3314 2349 3368 Romano
2375 3313 2646 3367 Pontifice
2671 3312 2925 3367 sustineri
2948 3350 2964 3379 ‚
2994 3309 3128 3365 ibid.

2200 3666 2465 3738 Magister
2491 3665 2637 3720 Sacri
2658 3664 2904 3736 Hospitii
2937 3663 3239 3735 Stephanus
3268 3663 3335 3719 de
3363 3664 3677 3719 Comitibus

2093 3756 2218 3807 Dux
2247 3754 2583 3808 Guadaneoli
2612 3753 2951 3824 syngraphas
2990 3753 3270 3806 distribuit
3298 3771 3401 3823 pro
3427 3756 3681 3825 ingressu

2094 3842 2150 3895 in
2184 3842 2633 3898 canonizationis
2660 3842 2983 3907 Theatrum,
3005 3859 3135 3911 pag.
3161 3841 3290 3895 291.

2205 3930 2503 3983 custodias
2529 3931 2596 3983 ad
2625 3930 2843 3996 Theatri
2875 3931 3123 4000 repagula
3147 3968 3169 3998 ,
3195 3939 3251 3983 et
3272 3931 3395 3984 loca
3419 3930 3477 3984 in
3506 3928 3678 3985 Thea·

2093 4025 2179 4071 tro
2206 4018 2451 4089 designat
2474 4056 2490 4084 ,
2512 4037 2641 4089 pag.
2665 4019 2793 4072 292.

2199 4109 2339 4175 Ejus
2367 4107 2668 4162 'tubicines
2714 4107 2955 4178 primum
2985 4107 3116 4159 dant
3139 4107 3391 4177 clangore
3421 4105 3675 4160 tubarum

2088 4194 2303 4266 signum
2332 4206 2572 4265 peractae
2604 4196 3051 4251 canonizationis
3074 4233 3090 4261 ,
3112 4213 3242 4266 pag.
3270 4194 3400 4248 291.

2195 4279 2286 4336 Ab
2324 4285 2447 4352 ejus,
2486 4292 2624 4338 nutu
2675 4293 2732 4338 et
2776 4285 3016 4355 imperio
3044 4282 3434 4337 custodiarum
3458 4284 3673 4339 Milites

2087 4369 2364 4443 pendent,
2392 4370 2529 4425 ibid.

2195 4464 2411 4531 Aquam
2440 4460 2663 4531 praebet
2712 4478 2816 4531 pro
2866 4461 3080 4516 lotione
3108 4477 3365 4515 manuum
3414 4459 3472 4512 in
3500 4460 3673 4515 Missa

2085 4549 2182 4603 SS.
2211 4552 2282 4602 D.
2308 4550 2378 4602 N.
2406 4549 2584 4618 Papae
2604 4586 2619 4613 ‚
2647 4549 2773 4603 315.

2190 4635 2461 4705 Magistra·
2485 4636 2712 4690 ostiarii
2740 4634 2808 4687 de
2843 4636 3013 4704 Virga
3041 4633 3211 4689 ruben
3239 4638 3468 4689 crucem
3499 4636 3669 4706 Papa·

2081 4725 2189 4777 lem
2218 4724 2571 4789 custodiunt,
2593 4740 2722 4793 pag.
2750 4723 2877 4776 287.
2907 4724 3035 4776 308.

2191 4812 2474 4865 Intortitia
2524 4832 2552 4864 a
2597 4810 2854 4864 lateribus
2880 4809 3228 4863 Baldacchini
3284 4808 3537 4864 deferunt
3585 4815 3670 4865 a'c·

2078 4916 2237 4954 censa
2258 4937 2274 4964 ,
2327 4901 2375 4953 si
2404 4900 2693 4953 Processio
2724 4901 2995 4968 Corporis
3025 4899 3227 4953 chi-isti
3282 4899 3427 4969 apud
3457 4900 3668 4952 Vatica-

383 5007 510 5045 cum
531 4998 586 5043 et
609 4991 728 5059 ipse
755 4989 930 5043 adhuc
953 4990 1011 5041 in
1039 4990 1258 5059 publica
1283 5007 1484 5060 pompa
1505 4989 1832 5044 Pontificem
1859 5004 1974 5041 non
2076 5005 2208 5040 num
2268 4987 2386 5042 fleri
2439 4988 2764 5060 contigerit,
2820 4989 3058 5042 Vacante
3106 4990 3431 5058 Apostolica
3485 4988 3623 5043 Sede
3642 5025 3661 5055 ,

382 5077 663 5130 invisisset
687 5113 704 5143 ,
731 5075 866 5129 ibid.

496 5168 676 5220 Locus
729 5167 866 5219 item
916 5164 1067 5218 datus
1099 5166 1346 5218 senatori
1377 5164 1582 5219 Urbis:
1639 5167 1974 5220 columnen-

382 5254 529 5309 sium
555 5254 821 5322 Familipe
842 5274 854 5305 ε
873 5253 1228 5323 νΜειειιιιιίὺιις
1246 5293 1265 5321 ,
1294 5264 1348 5307 et
1372 5254 1643 5307 Matronis
1696 5253 1762 5306 ad
1815 5271 1971 5324 pros·

379 5342 638 5415 picienda
663 5343 1113 5408 canonizationis
1139 5343 1427 5397 sollemnia
1449 5380 1464 5408 ,
1486 5360 1616 5414 pag.
1643 5342 1773 5398 292.
1798 5342 1927 5398 379.

717 5455 933 5500 anso.
972 5461 1090 5502 siv.
1129 5459 1276 5501 τοι.
1315 5449 1438 5503 vu.

2071 5095 2201 5148 pag.
2236 5076 2356 5129 1³8.

2187 5167 2500 5234 Magnetes.
2528 5163 2671 5218 Vide
2699 5163 2837 5217 infr·
2865 5164 3181 5217 Matronae.

2185 5252 2481 5308 Haloeszi.
2510 5252 2654 5307 Vide
2690 5250 3029 5307 Vincentius.

2180 5340 2538 5411 Manli-onus.
2568 5341 2710 5395 Vide
2737 5339 3069 5395 ludovicus.
