4442 6300
944 522 1061 574 Μ

1973 519 2185 572 ΔΩΤΔ
2219 516 2876 577 efflorui-Anaua

765 671 1029 727 Derrelo
1050 706 1072 730 ι.
1120 669 1381 733 ,PATER
1451 666 1950 727 SANCTlSSlME
1970 705 1993 734 ,
2064 662 2320 727 beatum
2440 662 2702 746 gloriam
2733 662 2911 725 illum
2943 668 3304 729 vocaverat,
3333 658 3473 724 aliis
3499 657 4011 741 illt‘tstraffl‘pm·

767 761 928 825 hunc
957 757 1387 824 consessorem
1409 801 1429 829 ‚
1460 760 1690 821 virtute
1722 761 2027 842 insignem
2052 804 2069 832 ,
2114 757 2325 839 prodi-

767 858 890 941 giis
915 856 1256 929 illustrem,
1288 854 2083 939 Regularis-observantiae
2110 856 2328 919 huma·

760 973 881 1021 nae
922 963 1183 1017 naturae
1224 953 1591 1017 infirmitate
1632 953 1949 1036 collapsae
1999 953 2330 1018 Restituto·

762 1072 897 1116 rem
925 1053 989 1114 in
1016 1052 1205 1116 terris
1234 1071 1486 1133 quoque
1530 1053 1948 1117 venerandum
1974 1050 2144 1116 inter
2184 1055 2331 1116 San-

760 1156 898 1214 ctos
921 1149 1279 1215 adscribere
1308 1148 1612 1233 digneris.

2442 760 2666 841 (ligiis,
2709 768 2775 823 et
2803 758 2960 821 illud
2997 757 3291 820 mirabile
3335 756 3493 825 fuit,
3538 759 3704 838 quod
3747 758 4004 839 qnidam

2437 858 2759 922 mendicus
2775 856 2850 920 ad
2866 854 3163 921 coenobii
3175 846 3816 937 janitorediaccedeos
3829 866 4003 920 men-

2442 973 2548 1017 sae
2583 952 2872 1033 reliquias
2900 960 3270 1031 accepturus
3291 994 3312 1024 ,
3342 972 3481 1015 cum
3521 952 3652 1035 jam
3681 951 3744 1014 in
3773 972 4011 1044 egenos

2443 1049 2818 1126 distributas
2873 1049 3252 1120 invenisset,
3314 1047 3526 1118 statim
3571 1049 3876 1130 templum
3918 1049 4011 1113 in·

2442 1167 2699 1232 gressus
2739 1146 2819 1210 ad
2880 1145 3162 1231 {legalati
3224 1145 3582 1225 sepulcrum
3640 1146 4008 1237 provolutus

2309 1280 2314 1287 ⁴
2441 1242 2769 1309 clamavit:
2804 1243 2864 1311 Si
2887 1253 2952 1306 tn
2981 1243 3221 1308 viveres
3254 1243 3545 1326 Regalate
3567 1282 3590 1317 ,
3617 1263 3740 1309 non
3769 1265 3894 1328 ego·
3917 1266 4011 1310 sa·

722 1426 735 1439 ι
854 1346 1193 1410 JOSEPH
1226 1349 1497 1423 cuppola
1526 1348 1868 1423 Episcopus
1899 1346 2260 1423 Aquitanas.

890 1545 978 1602 Te
1003 1534 1225 1603 Judice
1255 1539 1507 1603 tandem
1530 1580 1550 1611 ,
1580 1548 1645 1604 te
1676 1536 1972 1604 Praeside
1994 1581 2015 1610 ,
2046 1556 2209 1618 qnae
2251 1536 2331 1599 ad

762 1640 835 1700 B.
859 1637 1025 1701 Petri
1052 1634 1329 1719 Regalati
1352 1636 1756 1701 sanctitatem
1783 1636 2078 1699 fidelibus
2106 1654 2329 1718 propo·

764 1734 1034 1798 nendam
1065 1732 1355 1817 legitimo
1384 1734 1910 1798 desiderabantur
1920 1732 2332 1818 juresexple-

766 1838 828 1892 ta
846 1838 1015 1893 sunt.
1036 1835 1189 1893 Cum
1219 1830 1408 1912 igitur
1426 1831 1542 1914 (a)
1569 1831 1597 1913 (
1616 1833 1792 1914 juxta
1810 1838 2048 1894 Textus
2073 1841 2327 1894 senten-

764 1926 967 2009 tiam)
994 1926 1179 2008 digna
1196 1945 1315 1989 vox
1347 1926 1430 1989 sit
1448 1932 1944 1991 SANCTITATIS
1972 1933 2142 1992 TUAE
2171 1926 2328 2011 legi·

763 2025 886 2087 bus
912 2023 1236 2107 alligatum
1268 2032 1343 2088 te·
1364 2024 1639 2107 profiteri
1671 2051 1692 2099 ς
1719 2025 1840 2089 hoc
1868 2044 2057 2087 unum
2090 2032 2330 2098 restat,

764 2132 833 2185 ut
861 2121 1073 2184 eidem
1106 2126 1176 2184 B.
1202 2128 1383 2186 Petro
1411 2123 1663 2187 debitos
1681 2122 2034 2189 sanctitatis
2063 2121 2332 2187 honores

762 2218 1134 2282 solemniter
1162 2219 1403 2284 tribuas
1428 2262 1451 2293 ‚
1476 2228 1666 2301 atque
1695 2220 1783 2283 ita
1815 2239 2071 2284 suarum
2099 2219 2330 2297 odores

762 2336 1071 2392 rosarum,
1092 2337 1250 2397 quas
1278 2315 1431 2381 olim
1453 2324 1671 2382 Petrus
1697 2317 2022 2382 charitatis
2041 2316 2333 2401 prodigio

762 2412 825 2475 in
858 2414 995 2477 sinu
1021 2413 1400 2477 mirabiliter
1427 2414 1686 2484 invenit,
1717 2414 1780 2476 in
1802 2428 2083 2496 perenne
2115 2414 2334 2478 transi-

761 2511 918 2575 bunt
947 2510 1317 2575 universalis
1346 2511 1869 2577 delectamentum
1899 2510 2245 2578 Ecclesiae.

868 2705 1200 2780 JOSEPH
1230 2710 1409 2770 nona·
1436 2708 1778 2786 Episcopus
1813 2711 2216 2789 Venafronus.

886 2904 1348 2965 BEATtssutE
1366 2905 1637 2967 PATER.
1662 2909 1823 2967 Ecce
1842 2922 1957 2967 nos
1977 2901 2331 2967 dimisimus

760 2997 969 3061 omnia
1012 3003 1079 3059 et
1107 2998 1307 3063 secuti
1351 3019 1570 3063 sumus
1611 3006 1740 3073 Te,
1783 2999 2026 3064 Christo
2069 3000 2332 3064 Domino

761 3091 921 3156 dixit
968 3094 1260 3176 Princeps
1318 3095 1760 3176 Apostolorum
1806 3103 2047 3162 Petrus.
2088 3102 2223 3163 Hoc
2263 3107 2330 3162 ct

767 3190 993 3253 beatus
1034 3196 1259 3256 Petrus
1300 3191 1639 3275 Regalatus
1666 3185 2035 3276 ‘Apostolico
2078 3193 2228 3260 zelo
2261 3202 2326 3257 et

761 3289 1227 3369 perseverantia
1271 3299 1529 3355 secutus
1559 3297 1661 3354 est
1682 3313 1700 3349 ε
1734 3292 1970 3372 Spretis
1998 3290 2167 3355 enim
2213 3300 2331 3356 lte·

650 3413 661 3435 ·
758 3383 1004 3465 galatae
1034 3386 1249 3452 Gentis
1277 3386 1623 3451 honoribus
1641 3430 1663 3460 ,
1694 3388 1936 3451 relictis
1962 3394 2161 3454 Matre
2194 3390 2327 3471 ipsa

762 3490 831 3546 et
861 3481 1197 3555 universis,
1229 3503 1389 3565 quae
1417 3503 1502 3547 ex
1526 3484 1760 3549 Mundo
1786 3493 1953 3557 sunt,
1983 3481 2330 3551 Francisca-

759 3596 881 3644 nae
920 3575 1227 3644 ‘Familiae
1254 3580 1581 3664 amplexus
1621 3580 1744 3643 fuit
1768 3589 2220 3665 paupertatem,
2264 3592 2330 3649 et

763 3673 1149 3742 sanctissimi
1177 3677 1272 3741 sui
1306 3678 1557 3743 Ordinis
1587 3675 1973 3759 disciplinam
2004 3699 2081 3743 ex
2113 3680 2330 3744 huma·

760 3793 881 3842 nae
914 3783 1171 3838 naturae
1198 3773 1566 3840 infirmitate
1592 3774 1969 3858 collapsam,
1990 3796 2327 3858 cooperan-

759 3877 828 3933 te
860 3869 1223 3933 Villacretio
1249 3870 1536 3953 ejusdem
1584 3869 1834 3935 Ordinis
1864 3872 2015 3936 viro
2054 3893 2194 3938 cum
2242 3875 2327 3938 vi·

758 3979 865 4032 tae
907 3966 1243 4033 Sanctitate
1264 4010 1287 4041 ‚
1316 3976 1449 4031 tum
1479 3987 1691 4031 rerum
1712 3968 2078 4034 .‘divinarum
2121 3973 2328 4056 cogni-

760 4065 937 4129 tione
961 4061 1307 4129 clarissimo
1337 4064 1416 4129 ad
1445 4064 1859 4148 integritatem
1888 4074 1954 4131 et
1994 4067 2325 4146 pristinum

762 4161 1166 4242 splendorem
1196 4163 1555 4236 revocavit,
1583 4181 1657 4226 ac
1684 4163 1959 4245 seipsum
2006 4166 2325 4234 Fratribus

759 4258 1059 4321 virtutum
1085 4257 1363 4322 omnium
1384 4257 1703 4340 perfectae
1728 4261 2100 4342 praesertim
2125 4262 2322 4325 chari·

760 4354 914 4419 tatis
970 4355 1289 4436 exemplar
1345 4356 1674 4436 praebuit3
1700 4377 1983 4439 ,quarum
2024 4357 2322 4422 virtutum

763 4451 1170 4518 attavissimns
1212 4451 1413 4526 odor,
1467 4462 1538 4517 ut
1578 4453 1707 4517 late
1749 4453 2207 4519 diffunderetur
2245 4457 2325 4520 ad

759 4548 1279 4616 manifestandam
1325 4549 1419 4614 sui
1453 4551 1626 4613 Servi
1658 4549 2108 4634 perlectionem
2156 4539 2324 4618 Deus

763 4646 1048 4727 Optimus
1073 4645 1379 4712 Maximus
1420 4646 1629 4729 aliqua
1657 4648 1834 4728 panis
1860 4656 1925 4713 et
1964 4649 2174 4714 carnis
2200 4648 2323 4714 l'ru·

762 4753 860 4809 sta
884 4789 905 4817 ,
951 4764 1113 4826 quae
1145 4763 1227 4807 ex
1252 4744 1569 4808 communi
1603 4765 1820 4812 mensa
1848 4745 1959 4811 ille
1987 4746 2328 4832 collegerat

759 4841 841 4906 ad
886 4840 1262 4907 reficiendos
1294 4853 1655 4924 pauperes,
1687 4844 1895 4908 statim
1939 4844 2019 4908 ad
2061 4844 2326 4910 interro-

761 4939 1081 5022 gationem
1132 4937 1357 5002 vicarii
1386 4938 1795 5004 sciscitantis=
1825 4941 1980 5015 Quid
1999 4931 2329 5006 deferret?

761 5037 828 5097 in
856 5034 1328 5099 recentissimas
1355 5055 1533 5100 rosas
1561 5039 1885 5101 convertit.
1916 5042 2133 5121 Neque
2173 5038 2328 5104 baec

2442 1361 2524 1406 ne
2566 1342 2810 1407 duriter
2837 1342 2997 1406 adeo
3037 1341 3316 1419 viverem
3339 1382 3360 1413 ,
3391 1360 3509 1404 nec
3539 1341 3692 1404 mibi
3733 1360 3860 1424 qno
3900 1362 4026 1425 pa·.

2442 1460 2695 1513 scerer,
2739 1459 2905 1505 nnnc
2946 1441 3222 1505 deesset.
3280 1439 3589 1503 Continuo
3631 1459 3742 1504 sna
3784 1450 4006 1525 sponte

2443 1546 2728 1620 apertum
2757 1545 2856 1603 est
2883 1536 3277 1620 sepulchrum
3299 1580 3321 1608 ,
3349 1544 3416 1600 et
3445 1556 3629 1600 manu
3680 1538 4009 1620 Regalatus

2442 1644 2694 1698 ostensa
2738 1653 2960 1715 panem
3008 1632 3278 1714 supplici
3311 1633 3605 1698 uendico
3634 1634 3844 1698 dedit:
3894 1634 4008 1699 lle-

2439 1730 2680 1814 galatus
2703 1732 2913 1813 itaque
2945 1730 3052 1813 qui
3082 1740 3179 1796 tot
3209 1730 3517 1812 prodigiis
3537 1774 3560 1805 ‚
3592 1738 3861 1799 testante
3891 1739 4012 1796 Dn-

2442 1829 2612 1891 mino
2643 1828 2830 1891 vitam
2862 1837 3178 1891 aeternam
3208 1827 3448 1909 accepit
3470 1868 3491 1900 ‚
3517 1825 3767 1911 colatur
3785 1829 3870 1892 ab
3899 1829 4010 1893 hn-

2445 1925 2719 1988 minibus
2762 1925 2826 1985 in
2861 1924 3047 1988 terris
3069 1965 3089 1994 ‚
3122 1932 3189 1984 nt
3219 1944 3298 1986 eo
3329 1932 3689 1989 protectore
3731 1933 3960 2009 Panem
3983 1970 4005 1998 ,

2443 2023 2548 2103 qui
2576 2022 2657 2087 de
2692 2020 2883 2085 Caelo
2912 2021 3239 2085 descendit
3266 2031 3333 2087 et
3375 2023 3484 2086 dat
3510 2021 3703 2086 vitam
3731 2024 3964 2109 Mundo
3985 2067 4008 2099 ,

2443 2119 3141 2206 digne-consequantur.

2624 2314 3076 2381 HIERONYH
3088 2316 3181 2377 tls
3205 2316 3461 2377 Lot-anzi
3487 2318 3828 2395 Episcopus

3036 2418 3421 2476 aconensis.

2570 2610 3070 2672 sANcnssmss
3094 2613 3365 2672 PATER.
3393 2614 3463 2672 B.
3493 2615 3718 2673 Petrus
3748 2609 4007 2695 Regale·

2442 2712 2545 2768 tus
2570 2705 2759 2768 tertio
2780 2705 3028 2777 decimo
3053 2704 3277 2769 aetatis
3304 2725 3464 2768 anno
3486 2711 3546 2769 S.
3578 2708 3880 2773 Francisci
3910 2720 4006 2771 se·

2440 2809 2645 2865 ctator
2684 2799 2930 2875 factus,
2966 2822 3109 2865 mox
3147 2801 3219 2864 iu
3263 2803 3598 2866 Goenobiis
3637 2804 4011 2886 disciplinae

2443 2898 2775 2963 severioris
2797 2906 3081 2963 assertor
3106 2899 3277 2962 omni
3309 2900 3699 2965 austeritatis
3727 2921 3963 2985 genera
3985 2946 4008 2975 ‚

2440 2996 2692 3061 assidua
2732 2995 3106 3062 caelestium
3152 3016 3359 3060 rerum
3409 2998 3870 3071 meditatione,
3911 3012 4009 3069 ar·
4066 3001 4071 3005 ’

2440 3094 2812 3160 dentissima
2857 3096 2918 3159 in
2964 3094 3160 3162 Deum
3208 3102 3272 3161 et
3325 3095 3657 3162 Proximos
3711 3095 4011 3163 charitate

2439 3193 2599 3258 adeo
2627 3191 2925 3258 excelluit
2944 3203 3015 3256 ut
3044 3195 3106 3256 in
3131 3195 3432 3277 Hispania
3460 3193 4002 3268 absolutissimum

2438 3289 2808 3356 christianae
2828 3290 3236 3372 perfectionis
3257 3292 3618 3374 exemplum
3648 3287 4006 3361 haberetur.

2440 3389 2756 3451 Placuissc
2787 3387 2972 3451 illum
3002 3395 3133 3453 Deo
3165 3391 3226 3450 in
3255 3390 3485 3454 diebus
3511 3390 3640 3454 suis
3665 3434 3686 3462 ,
3717 3411 3904 3471 escae
3944 3392 4008 3453 in

2427 3486 2628 3550 flores
2652 3505 2994 3551 conversae
3015 3529 3036 3560 ,
3066 3506 3265 3570 aquae
3295 3488 3467 3552 sicco
3495 3487 3658 3570 pede
3683 3489 4008 3554 transmis-

2441 3604 2547 3648 sae
2576 3584 2731 3648 satis
2761 3583 3216 3649 demonstrantz
3246 3585 3513 3649 Dedisse
3543 3584 3636 3648 illi
3667 3585 3865 3650 neum
3899 3607 4005 3650 co·

2438 3702 2656 3748 ronam
2681 3678 2919 3762 gloriae
2948 3689 3088 3764 post
3115 3675 3408 3755 mortem,
3439 3682 3649 3746 lumen
3674 3681 4005 3746 oculorum

2439 3800 2631 3847 caeco
2669 3779 2983 3849 redditum
3007 3820 3030 3852 ,
3059 3777 3241 3848 ulcus
3279 3778 3627 3846 insanabile
3657 3779 3863 3844 statim
3901 3799 4013 3846 cn·

2436 3886 2678 3949 ratum,
2720 3876 2971 3958 aliaque
3029 3876 3330 3942 miracula
3384 3879 3632 3944 abunde
3674 3886 4007 3943 testantur.

2439 3972 2739 4055 Superest
2757 4018 2778 4047 ,
2809 3979 3267 4038 BEATtssmE
3299 3981 3585 4048 PATER,
3612 3986 3681 4036 nt
3712 3975 4006 4057 quoniam

2435 4073 2610 4138 *Servi
2629 4071 2736 4137 ·sn‘i
2767 4072 3164 4137 sanctitatem
3196 4082 3323 4137 tam
3354 4073 3574 4157 aperte
3609 4080 3772 4141 neus
3799 4075 4007 4139 osten·

2439 4169 2532 4232 dit
2553 4211 2574 4242 ,
2614 4169 2773 4233 velis
2803 4178 2869 4232 tn
2903 4189 3156 4251 qnoque
3184 4211 3204 4241 ,
3236 4167 3343 4250 qui
3374 4171 3489 4234 Dei
3509 4169 3691 4235 ‘vices
3733 4170 4004 4237 interra

2440 4266 2607 4348 geris
2628 4310 2649 4338 ,
2679 4272 3039 4331 Sanctorum
3073 4266 3344 4330 honores
3363 4308 3385 4340 ,
3415 4276 3484 4333 ut
3503 4267 3688 4331 enixe
3731 4288 4002 4353 precor,

2433 4368 2506 4428 B.
2535 4370 2718 4429 Petro
2746 4364 3111 4429 decernere.
3929 4395 3934 4400 ·

2476 4558 2854 4623 JOANNES
2883 4560 3396 4624 FRANCISGUS
3430 4560 3980 4637 sommant..-

2925 4675 3144 4734 scopns
3175 4658 3512 4720 Matrinus.
3957 4675 3960 4678 ’

2567 4848 2929 4914 praeclarae
2984 4858 3175 4932 atque
3217 4817 3515 4916 ‘heroicae
3552 4852 3861 4946 virtutes,
3919 4852 4002 4950 ad

2436 4964 2593 5028 quas
2637 4965 2750 5028 per
2789 4946 3074 5012 assiduas
3115 4946 3428 5011 arationes
3453 4990 3475 5021 ,
3515 4949 4000 5041 meditationes,

2434 5062 2510 5107 ac
2536 5043 2810 5127 vigilias,
2836 5062 3070 5125 perque
3097 5043 3581 5128 crebrajejnnia
3601 5053 3666 5110 et
3694 5065 3998 5114 summam

760 5131 965 5196 solum
1005 5131 1157 5195 dum
1206 5137 1432 5196 Servus
1476 5153 1627 5196 suus
1670 5133 1941 5216 degebat
1980 5135 2043 5197 in
2091 5136 2324 5210 terris,
2438 5139 2675 5221 proprii
2706 5140 2988 5222 corporis
3028 5140 3504 5223 castigationem
3528 5144 3814 5221 pervenit
3855 5143 4005 5207 bna-

760 5237 1057 5312 eperatus
1081 5235 1180 5293 est
1202 5234 1387 5302 nens,
1405 5228 1518 5294 sed
1542 5240 1873 5314 postquam
1894 5231 1977 5297 ad
2001 5241 2321 5298 aeternam
2436 5243 2542 5300 tua
2571 5241 2791 5298 Petrus
2809 5234 3143 5319 Regalatus
3163 5235 3414 5302 ord-inis
3431 5235 3744 5302 uiuorum
3776 5240 4004 5304 Obser-

869 5426 949 5499 (ιι)
980 5423 1190 5484 ΪΙισοά.
1221 5437 1273 5480 et
1304 5428 1526 5488 Valeat.
1554 5427 1680 5484 inl.
1710 5429 1763 5483 4.
1799 5377 1953 5508 &gae
1981 5431 2170 5501 Legite.
