4442 6300
938 487 1043 540 1⁰8
1942 487 2148 542 ACTA
2193 482 2874 549 ·CAHOleATlOUtS

757 632 1141 694 sumsu
1156 632 1255 693 US
1301 632 1594 694 Ponam-0·
1625 630 2131 711 Ambustum,
2176 638 2323 697 Ros·
2439 631 2499 697 si
2530 630 2851 706 miracula,
2882 632 3113 716 quibus
3140 638 3291 697 ante
3314 637 3383 696 et
3408 639 3844 716 postmortem
3874 630 3999 699 cta-

1181 775 1189 783 .
1264 747 1454 793 sanus
1495 730 1817 794 doristeus.

885 927 1120 985 BEATI
1146 921 1380 989 Fidelis
1406 945 1442 990 a
1472 925 1857 1010 Sigmaringa
1878 969 1898 998 ‚
1930 928 2034 1009 qui
2065 947 2143 991 ex
2177 926 2321 990 illu·

758 1019 872 1083 stri
896 1020 1190 1101 Boiorum
1220 1021 1474 1087 Familia
1501 1023 1564 1085 in
1581 1016 1784 1087 lucem
1807 1024 2033 1093 editus,
2058 1024 2322 1108 rejecto·

758 1137 883 1198 que
907 1116 1126 1189 Marci,
1157 1138 1283 1199 quo
1313 1118 1376 1181 in
1396 1138 1574 1187 sacro
1600 1119 1996 1200 Baptismatis
2021 1128 2208 1204 Fonte
2230 1143 2324 1185 re-

757 1205 940 1282 natus
979 1214 1266 1288 nomine,
1293 1215 1746 1291 decorabatur,
1786 1215 1945 1280 illud
1979 1218 2211 1282 Fidelis
2254 1216 2323 1281 fi-

757 1309 990 1376 deliter
1013 1311 1378 1393 assumpsitz
1410 1313 1527 1387 Qui
1554 1314 1953 1400 Vitcbyrcbio
1973 1317 2035 1376 in
2069 1315 2324 1379 Rhaetia

758 1408 1061 1493 martyrio
1103 1417 1436 1475 coronatus
1457 1454 1478 1484 ,
1505 1418 1569 1475 et
1595 1431 1631 1475 a
1659 1413 2002 1477 Benedicto
2026 1419 2190 1490 -Xtu,
2232 1412 2320 1474 in-

760 1514 861 1570 ter
888 1511 1113 1571 Beatos
1134 1506 1404 1580 relatns3
1435 1507 1886 1590 quique-bodie
1923 1512 2109 1573 beato
2137 1510 2322 1572 lumi·

753 1620 843 1667 ne
872 1603 1146 1685 undique
1174 1603 1588 1669 circumtusus
1611 1649 1631 1678 ,
1660 1607 1811 1670 dum
1843 1607 2048 1672 eidem
2095 1608 2324 1672 Sancti·

758 1699 870 1767 tati
916 1705 1177 1774 Vestrae
1217 1701 1683 1784 antiquissimas
1707 1746 1728 1775 ,
1770 1713 1837 1768 et
1877 1706 1957 1768 ab
1981 1705 2119 1787 ipso
2157 1726 2320 1788 pene

758 1818 982 1863 causae
1025 1817 1175 1863 suae
1206 1800 1472 1864 exordio
1501 1800 1880 1866 humillimas
1918 1810 2138 1883 preces
2183 1823 2319 1866 san·

756 1902 894 1960 ctae
923 1896 1065 1965 Sedi
1099 1904 1419 1978 porrectas
1446 1916 1746 1962 renovare
1776 1918 1896 1963 non
1927 1899 2161 1964 desinit
2188 1907 2319 1964 tota

758 1995 1242 2075 capuccinorum
1275 1994 1526 2060 Familia
1552 1984 1576 2070 ξ
1604 1995 1782 2060 miris
1801 2038 1822 2069 ,
1854 1996 1964 2061 sed
1991 1999 2153 2077 veris
2192 2017 2322 2061 mo-

758 2090 854 2155 dis
881 2090 1120 2155 exultat
1153 2091 1380 2156 Fidelis
1412 2097 1476 2156 et
1504 2092 1738 2176 fulgete
1781 2094 2138 2181 Simornfn
2161 2095 2321 2158 inte·

757 2186 1074 2271 gritatam,
1106 2188 1158 2252 si
1190 2188 1485 2255 intactum
1511 2194 1752 2272 Corpus
1778 2189 2218 2274 illibatumque
2237 2193 2318 2254 ab

758 2284 928 2347 omni
959 2283 1103 2348 labe
1132 2284 1334 2368 gravis
1363 2285 1634 2366 peccatiz
1668 2287 1728 2349 Si
1759 2286 1946 2351 animi
1985 2289 2317 2352 candorem

757 2389 823 2443 et
851 2381 1190 2454 desideria,
1220 2382 1451 2464 quibus
1481 2384 1560 2447 ab
1585 2384 1844 2448 ineunte
1872 2393 2078 2449 aetate
2109 2406 2179 2449 se
2226 2395 2320 2450 to-

751 2487 886 2541 tum
920 2478 1114 2542 divini
1146 2480 1429 2544 Numinis
1458 2482 2181 2563 obsequio‘mancipandi
2213 2504 2317 2548 ae·

753 2575 1004 2640 stuabat
1035 2576 1361 2650 incendio,
1399 2587 1604 2641 mente
1635 2588 2011 2660 spectemus.
2042 2581 2138 2641 Ab
2181 2579 2318 2663 ipsa

749 2690 914 2756 pene
967 2672 1233 2738 infantia
1288 2696 1399 2757 per
1440 2677 1704 2748 arduum
1753 2676 2006 2743 virtutis
2048 2679 2171 2742 iter
2215 2699 2320 2760 ag·

751 2790 1005 2854 gressus
1035 2781 1208 2834 tanto
1237 2772 1421 2836 animi
1454 2773 1700 2846 ardore,
1722 2781 1890 2837 tanta
1921 2774 2178 2855 spiritus
2191 2775 2317 2839 ala·

747 2867 970 2932 critate
1011 2877 1294 2933 veterem
1325 2868 1653 2933 bominem
1696 2870 2090 2953 expoliatus,
2157 2864 2319 2937 noro

752 2958 1118 3044 Serapbicae
1152 2964 1491 3049 Religionis
1520 2966 1907 3039 indumento,
1943 2968 2119 3033 novis
2146 2980 2319 3033 voto·

754 3078 895 3123 rum
929 3062 1201 3127 stimulis
1230 3063 1453 3137 altiora
1473 3063 1877 3146 perfectionis
1900 3066 2173 3130 culmina
2202 3065 2320 3130 fuit

753 3168 1123 3241 properator
1172 3161 1504 3245 egregius·
1552 3162 1614 3224 Si
1664 3163 1894 3244 ingenii
1949 3163 2316 3227 suavitatem

754 3275 897 3318 cum
927 3256 1271 3322 divinarum
1312 3278 1522 3323 rerum
1563 3259 1784 3340 peritia
1812 3267 1879 3324 et
1919 3261 2315 3325 scientiarum

754 3352 1146 3434 splendore·
1171 3355 1233 3418 Si
1277 3366 1634 3421 exterarum
1677 3366 2038 3422 ornamenta
2081 3358 2319 3443 lingua-

757 3468 895 3510 rum
915 3470 1055 3514 cum
1084 3452 1319 3535 ingenti
1343 3452 1696 3524 bumilitate
1729 3454 2085 3536 conjuncta:
2121 3454 2181 3518 Si
2205 3464 2320 3519 Re-

753 3543 1001 3630 ligionis
1027 3547 1228 3611 zelum
1258 3569 1397 3626 cum
1427 3549 1846 3631 imperterrita
1875 3551 2141 3631 quadam
2175 3556 2320 3614 Cor-

752 3643 927 3724 poris
952 3645 1270 3734 animique
1299 3643 1712 3720 fortitudine}
1740 3650 1803 3707 in
1846 3647 2156 3711 diuturnis
2195 3668 2321 3722 ma.
2392 3639 2413 3688 ,’

752 3740 1063 3821 ximisque
1095 3742 1603 3809 difficultatibus:
1635 3745 1694 3809 Si
1729 3745 2162 3826 Apostolicum
2185 3767 2319 3809 mu-

758 3856 876 3902 nus
904 3847 971 3901 et
998 3839 1404 3922 implacabile
1438 3840 1671 3905 bellum
1704 3850 1918 3905 contra
1940 3842 2314 3907 haereticam

747 3925 1120 4014 pravitatem
1164 3935 1588 4019 vitiorumque
1631 3940 1904 4002 omnium
1962 3939 2322 4022 extirpatio-

758 4049 899 4092 nem
933 4050 1069 4093 rum
1099 4032 1349 4096 assidua
1369 4076 1392 4107 ‚
1444 4042 1506 4097 et
1548 4033 1969 4116 inexplicabili
1998 4036 2204 4099 carnis
2230 4035 2321 4098 af-

756 4126 1030 4191 flictione
1052 4174 1071 4204 ,
1103 4130 1433 4215 rigidoque
1455 4176 1475 4205 ,
1518 4132 1684 4216 quod
1719 4133 1840 4196 sibi
1880 4133 2191 4198 indixerat
2224 4134 2391 4217 je-

751 4223 957 4307 junio,
974 4228 1249 4311 cogitare
1276 4229 1566 4294 velimus:
1597 4236 1761 4294 Haec
1779 4235 2112 4295 Beatorum
2134 4241 2321 4294 erunt

758 4321 1252 4401 praeclarissima
1279 4323 1634 4402 ‘Stemmata
1678 4335 1742 4390 et
1784 4326 2152 4390 charismata
2191 4348 2320 4392 me·

760 4418 938 4484 liora.
972 4421 1031 4484 Si
1070 4421 1387 4488 charitatis
1427 4425 1753 4497 flammas,
1799 4425 2320 4498 siEcclesiarum

762 4516 1216 4584 sollicitudines
1256 4528 1323 4584 et
1360 4522 1793 4604 propagandae
1826 4522 1989 4583 Fidei
2021 4521 2320 4601 cupidita·

761 4626 900 4689 tes,
946 4618 997 4682 si
1044 4619 1325 4703 martyrii
1371 4621 1779 4692 constantiam
1823 4619 2156 4686 aestimare
2199 4629 2325 4683 stn-

761 4715 1113 4780 duerimus=
1142 4717 1294 4792 Quis
1322 4736 1592 4799 unquam
1623 4717 1778 4790 erit,
1808 4717 1913 4798 qni
1942 4716 2324 4781 voluntarios

761 4813 1252 4898 frequentesque
1281 4811 1575 4888 labores,
1605 4817 1670 4877 in
1711 4816 1940 4897 quibus
1979 4814 2172 4878 veluti
2216 4835 2316 4895 pu·

761 4913 901 4993 gnis
931 4921 1119 4994 atque
1145 4912 1538 4977 conflictibus
1555 4914 2046 4976 exercebat-sese
2076 4910 2325 4976 Athleta
2348 4973 2363 4982 ,

765 5008 992 5075 Christi
1019 5009 1398 5074 fortissimus
1421 5052 1441 5081 ,
1487 5029 1633 5091 prae
1662 5009 1863 5075 oculis
1895 5009 2133 5074 babens
2175 5014 2319 5071 San-

762 5109 996 5173 ctitatis
1022 5107 1335 5193 fastigium
1358 5107 1488 5191 jam
1520 5108 1806 5190 attigisse
1831 5105 2243 5169 nondixerit?
2263 5106 2322 5169 Si

767 5205 1069 5274 orationis
1099 5205 1405 5276 studium,
1422 5204 1985 5287 contemplationes
2004 5210 2320 5282 et‘raptus,

767 5302 994 5381 quibus
1012 5301 1345 5385 aliquando
1375 5301 1642 5373 defixus,
1675 5311 1863 5382 atque
1890 5301 1951 5390 in
1975 5307 2170 5386 Deum
2191 5299 2323 5386 ele·

762 5401 944 5464 vatus
968 5399 1313 5466 immobilis
1342 5398 1543 5462 multo
1575 5407 1857 5481 tempore
1888 5393 2320 5480 permanebat.

2437 748 2543 793 rus
2575 728 2791 795 rutilat
2818 738 3007 813 atque
3032 739 3322 797 coruscat
3340 774 3361 805 ‚
3392 731 3804 813 inspiciemus
3828 755 3845 791 ι
3877 737 3997 795 Ne·

2437 846 2544 891 mo
2573 834 2693 898 est,
2724 829 2829 909 qui
2856 828 2998 910 jure
3030 830 3647 897 merito-Sanctorum
3676 831 3876 895 Fastis
3902 848 3999 893 re-

2432 921 2755 986 ferendum
2786 944 2930 988 esse
2950 944 3075 988 non
3106 927 3353 1007 sentiat.
3384 931 3557 1005 Quae
3576 938 3719 990 cum
3742 927 3828 995 ita
3849 927 3995 999 sint,

2433 1020 2727 1101 qnodque
2744 1018 3055 1102 reliquum
3077 1021 3335 1094 est,‚boc
3352 1043 3544 1087 unum
3566 1044 3687 1106 pro
3708 1043 3846 1087 mea
3861 1040 4001 1101 sen:-

2436 1117 2624 1188 tentia
2653 1127 2720 1181 et
2745 1128 2893 1183 voto
2920 1118 3236 1183 humiliter
3262 1140 3448 1203 rogo,
3478 1128 3547 1185 ut
3573 1141 3687 1203 pro
3714 1141 3993 1202 exequu-

2435 1216 2603 1281 tione
2625 1216 2881 1280 Decreti
2901 1236 2933 1278 a
2957 1222 3434 1283 SANCTU'ATE
3455 1224 3759 1282 VESTRA
3776 1219 3842 1282 in
3861 1219 3998 1301 ipse

2433 1311 2916 1393 capuccinorum
2950 1312 3230 1387 Ecclesia
3251 1354 3271 1384 ,
3301 1325 3367 1376 et
3396 1316 3459 1378 in
3491 1336 3569 1379 eo
3611 1318 3990 1396 praesertim

2435 1409 2643 1491 Altare
2667 1454 2687 1483 ,
2717 1408 2783 1470 in
2825 1430 2951 1491 quo
2978 1410 3146 1473 beati
3181 1411 3409 1477 Fidelis
3455 1413 3998 1497 ReliquiaemFider

2431 1505 2585 1570 lium
2616 1504 2995 1570 reuerationi
3028 1506 3281 1589 publice
3311 1516 3485 1571 erant
3514 1512 3867 1592 expositae,
3890 1517 3992 1574 Sa·

2427 1610 2604 1675 “crum
2658 1600 2929 1668 faciente
2983 1603 3208 1686 prolati
3233 1630 3254 1678 3
3311 1611 3379 1667 ut
3423 1611 3787 1671 Sanctorum
3832 1609 3995 1674 Albo

2430 1698 2598 1762 idem
2628 1700 2862 1765 Fidelis
2884 1700 3154 1765 adscribi
3186 1698 3401 1783 possit.
3432 1699 3670 1775 Eadem,
3700 1711 3997 1771 SANCTI-

2432 1800 2575 1863 ΤΑΒ
2603 1803 2903 1882 VESTRA
2950 1798 3147 1867 sancti
3174 1800 3441 1878 Spiritus
3472 1802 3751 1871 radiante
3774 1802 3998 1888 ‘fulgo-

2430 1913 2499 1957 re
2518 1936 2539 1967 ‚
2570 1894 3154 1977 adscribat,quaeso
3176 1897 3458 1989 Fidelem
3488 1942 3508 1970 ,
3545 1907 3612 1962 et
3644 1899 3865 1966 faveat.

2461 2092 2620 2151 ma
2634 2056 3068 2179 nmmos
3099 2093 3206 2155 m
3216 2094 3346 2153 au
3375 2100 3445 2157 aa
3468 2050 3703 2182 'aaron
3729 2097 3963 2167 Arctio-

2786 2193 3084 2266 piscopua
3117 2194 3631 2267 ZaraiAssistcns.

2502 2408 2519 2417 ·’
2552 2387 2891 2454 ΗΑΒΕΝΤ,
2924 2387 3690 2461 ΒΕΑΤΙὸΒΙΜΕῬΑῚῈΒ,
3717 2390 3994 2464 inbealo

2430 2468 2622 2543 Fideli
2656 2479 2970 2563 Regularis
3001 2482 3454 2553 observantiae
3482 2484 3772 2560 Alumni‚
3805 2509 3990 2570 quem

2429 2576 2765 2649 imitentur.
2798 2580 3044 2643 Habent
3069 2578 3347 2644 veritatis
3382 2581 3700 2651 vindices
3710 2606 3809 2650 ac
3823 2585 3992 2655 ffidai

2429 2673 2811 2749 orthodoxae
2842 2686 3288 2767 propagatores
3315 2676 3733 2745 clarissimum
3763 2682 3989 2747 Christi

2430 2756 2720 2835 athletam
2744 2792 2825 2835 ac
2848 2778 3202 2857 Martyrem
3230 2775 3697 2858 Habetitaq'ue,
3723 2800 3994 2862 cumpe—

2426 2869 2604 2932 rinde
2626 2869 2705 2933 sit
2736 2875 3021 2949 Sanctum
3051 2889 3122 2931 ac
3141 2876 3475 2956 Martyrum
3504 2873 3753 2951 dicere,
3758 2877 3994 2951 ·babet,

2424 2966 2680 3046 inquam
2705 3012 2725 3039 ,
2758 2965 3040 3031 Ecclesia
3063 3010 3082 3039 ,
3124 2989 3311 3049 quem
3356 2976 3714 3034 Sanctorum
3762 2973 3995 3038 tabulis

2429 3063 2658 3129 merito
2684 3064 2914 3135 addat,
2959 3076 3026 3129 et
3052 3066 3152 3126 cui
3199 3067 3541 3150 condignos
3570 3069 3631 3130 in
3660 3064 3849 3134 terris
3887 3071 3997 3135 de·

2429 3168 2640 3224 cernat
2667 3161 2919 3246 Martyri
2945 3161 3234 3226 bonores.

2469 3399 2833 3502 JOANNEsf
2859 3400 3223 3465 ANmtEAs
3257 3405 3403 3465 Tria
3448 3404 3951 3483 Arcaiapiscopus

2896 3502 3116 3577 Tyri
3149 3501 3475 3562 Assistcm.
3786 3549 3791 3552 -

2558 3743 2880 3802 ARDUUM
2917 3739 3250 3823 negocium
3281 3741 3716 3824 aggredimur,
3750 3752 3814 3808 et
3856 3765 3993 3809 om-

2433 3836 2603 3897 nium
2651 3832 2925 3911 aliorum·
2954 3836 3014 3899 in
3062 3835 3403 3918 Republica
3443 3838 3775 3905 christiana
3828 3841 3991 3906 forte

2410 3933 2770 3996 'maximum
2793 3976 2812 4001 ,
2843 3934 2950 4014 ubi
2995 3934 3201 4014 agitur
3227 3936 3305 3998 de
3336 3938 3818 4004 canonizatione
3848 3946 3993 4011 San-

2434 4040 2714 4093 ciorum:
2752 4037 2832 4092 Ea
2866 4040 3074 4094 tamen
3105 4031 3164 4092 in
3196 4037 3261 4093 B.
3293 4032 3509 4122 Fideli·
3535 4055 3568 4096 a
3613 4036 3990 4120 Sigmaringa

2429 4137 2807 4192 concurrunt
2840 4148 2989 4192 suae
3017 4128 3369 4193 sanctitatis
3400 4133 3777 4204 testimonia,
3810 4134 3997 4216 utip-

2433 4248 2569 4289 sum
2603 4235 2741 4290 tuto
2776 4225 2839 4286 in
2869 4226 3097 4290 Album
3129 4225 3482 4292 sanctorum
3513 4235 3852 4315 Martyrum
3898 4249 3995 4294 re·

2433 4323 2582 4388 ferri
2614 4344 2797 4405 posse
2827 4343 3142 4388 censeam.

2556 4422 2741 4486 Missa
2773 4421 2934 4485 facio
2961 4442 3120 4503 quae
3149 4422 3228 4486 de
3257 4389 3551 4487 virtutum
3575 4426 3874 4491 exercitio
3901 4427 3993 4488 di·
4000 4419 4005 4422 ’

2434 4518 2489 4583 ci
2526 4527 2805 4601 possunt,
2835 4527 3050 4598 utpote
3074 4520 3273 4600 quiin
3305 4522 3617 4592 omnibus,
3647 4532 3725 4584 et·
3719 4523 3995 4634 -quidcm

2438 4617 2499 4677 in
2529 4617 2718 4699 gradu
2753 4616 3002 4684 heroico
3034 4636 3281 4697 semper
3309 4618 3607 4690 emicuit,
3638 4640 3775 4682 cum
3808 4621 3870 4682 in
3900 4641 3996 4684 se·

2436 4713 2615 4784 culo,
2648 4726 2772 4776 tum
2808 4719 2976 4778 Statu
3014 4713 3315 4796 Regulari,
3346 4735 3534 4793 quem
3570 4716 3631 4776 in
3663 4715 3995 4796 Serapbico

2437 4809 2668 4878 Ordine
2712 4809 3014 4876 Minorem
3048 4816 3106 4871 S.
3155 4810 3460 4873 Francisci
3505 4812 3991 4894 capuccinorum

2435 4916 2674 4972 mutato
2704 4907 2824 4970 sibi
2855 4907 3099 4970 nomine
3129 4906 3361 4980 Marci,
3394 4927 3613 4990 eoque
3636 4907 3873 4972 Fidelis
3897 4929 3992 4972 as·

2436 5015 2725 5088 sumpto,
2752 5002 3070 5085 professus
3098 4981 3235 5066 fuit.
3834 5033 3837 5038 ·

2560 5103 2997 5166 Praetermitto
3042 5101 3280 5181 pariter
3318 5101 3398 5164 de
3440 5101 3735 5165 orationis
3790 5101 4021 5180 studio*

2432 5200 2619 5263 verba
2648 5198 2899 5269 facere,
2929 5198 2991 5258 in
3022 5217 3149 5276 quo
3182 5197 3266 5259 ita
3295 5206 3431 5260 erat
3459 5197 3759 5270 intentus,
3788 5207 3858 5261 ut
3887 5197 3998 5260 ali-

2435 5296 2680 5379 quando
2709 5316 2745 5358 e
2776 5303 2942 5358 terra
2973 5293 3297 5366 sublatus,
3330 5303 3396 5358 et
3423 5296 3482 5356 iu
3517 5301 3707 5358 Deum
3749 5304 3994 5378 raptus,

2438 5393 2779 5458 immobilis
2809 5397 3223 5475 permaneret.
4012 5395 4017 5398 “
