4442 6300
1006 533 1117 586 360

823 674 1308 755 supplicationes
1336 683 1641 749 Ecclesiis
1671 704 1812 751 cum
1839 684 2234 771 Indulgentla
2295 687 2373 751 ab

823 769 900 833 iis
925 778 1359 857 consequenda
1382 823 1399 850 ,
1430 782 1536 861 qui
1570 802 1713 847 suas
1738 804 1878 848 cum
1906 785 2148 850 uostris
2199 786 2385 848 obse·

820 869 1208 936 erationibus
1259 874 1630 959 jungerent,
1707 879 1996 965 publicas
2053 881 2381 948 Ecclesiae

819 979 1037 1044 preces
1065 970 1229 1050 apud
1261 978 1455 1035 Deum
1502 982 1746 1038 Patrem
1805 975 2117 1067 luminum
2183 981 2381 1043 inter·

818 1078 1059 1141 ponere
1088 1070 1439 1134 curavimus
1462 1118 1481 1144 ‚
1511 1082 1582 1137 ut
1610 1075 1690 1137 ad
1713 1075 2081 1159 dirigendos
2145 1096 2371 1143 sensus

819 1164 1069 1225 nostros
1089 1163 1268 1246 juxta
1298 1168 1456 1233 viam
1490 1189 1665 1236 suam
1696 1173 1933 1257 gratiae
1985 1193 2133 1239 suae
2192 1176 2378 1239 auxi-

821 1250 978 1319 lium
1009 1261 1204 1324 Nobis
1233 1282 1352 1325 non
1385 1266 1749 1350 denegaret.
2013 1338 2022 1349 ,

951 1359 1224 1424 Tandem
1254 1360 1365 1428 hac
1392 1366 1494 1429 die
1544 1369 1870 1432 beatorum
1928 1369 2377 1453 Apostolorum

821 1455 989 1516 Petri
1017 1462 1082 1518 et
1109 1458 1279 1521 Pauli
1305 1460 1657 1546 'triumphis
1686 1465 1976 1531 decorata
1998 1511 2020 1541 ,
2047 1467 2115 1529 in
2155 1467 2386 1533 Basili-

824 1570 896 1614 ca
923 1555 1214 1622 Vaticana
1236 1601 1255 1629 ,
1286 1560 1363 1621 ad
1394 1579 1577 1641 quam
1598 1560 1863 1626 solemni
1899 1565 2019 1628 ritu
2049 1568 2176 1630 Nos
2209 1586 2388 1648 prae·

823 1661 1146 1717 cesserunt
1172 1674 1393 1720 omnes
1419 1655 1581 1721 cleri
1610 1657 1913 1725 secularis
1942 1669 2008 1724 et
2037 1662 2378 1745 Regularis

826 1747 1089 1813 Ordines
1110 1791 1129 1819 ,
1158 1753 1360 1816 omnia
1387 1756 1860 1837 Magistratuum
1891 1764 1954 1821 et
1993 1757 2376 1825 officialium

821 1849 1136 1909 Romanae
1158 1850 1383 1915 curiae
1403 1850 1681 1936 collegia
1708 1874 1851 1919 cum
1875 1854 2207 1938 praedictis
2229 1864 2384 1921 ven.

824 1939 1140 2006 Fratribus
1171 1946 1398 2010 nostris
1427 1953 1485 2009 S·
1515 1957 1584 2012 R.
1615 1955 1684 2012 E.
1734 1950 2164 2015 cardinalibus
2187 1994 2208 2025 ‚
2268 1959 2389 2016 Pa·

825 2038 1148 2112 triarchis,
1176 2040 1673 2128 Arcbiepiscopis
1694 2092 1715 2120 ,
1748 2057 1811 2110 et
1840 2049 2165 2132 Episcopis
2197 2094 2219 2123 ‚
2270 2057 2386 2116 Ec·

822 2133 1244 2201 clesiasticum
1302 2148 1670 2208 conventum
1725 2145 2123 2211 celebrantes
2197 2154 2382 2212 ante·

823 2251 1009 2312 quam
1037 2252 1209 2297 sacra
1238 2236 1534 2321 mysteria
1563 2238 2038 2315 conficeremus,
2067 2242 2383 2307 exhibitis

821 2330 1022 2393 Nobis
1052 2332 1283 2395 iterum
1316 2335 1668 2419 iterumque
1699 2358 1734 2401 a
1764 2337 1997 2404 dilecto
2054 2340 2210 2403 Filio
2270 2360 2385 2405 uo·

822 2432 955 2489 stro
983 2429 1305 2493 Joaehimo
1334 2432 1523 2495 Tituli
1553 2440 1656 2497 SS.
1717 2441 1999 2509 Quatuor
2053 2440 2391 2502 Coronato·

821 2542 966 2586 rum
991 2526 1368 2611 Presbytero
1397 2535 1456 2592 S.
1486 2537 1560 2593 R.
1592 2536 1661 2593 E.
1691 2532 2000 2596 cardinali
2062 2540 2387 2598 Portoear-

825 2639 974 2683 rero
997 2633 1389 2704 nuncupato,
1418 2645 1531 2706 per
1586 2646 1888 2711 organum
1948 2628 2169 2696 dilecti
2246 2626 2387 2693 Filii

822 2715 1068 2798 Virgilii
1099 2721 1495 2783 Monteeatini
1528 2726 1990 2791 consistorialis
2021 2727 2214 2792 Aulae
2269 2748 2381 2792 uo·

821 2819 990 2877 strae
1019 2814 1316 2880 Advocati
1365 2820 1825 2899 praedictorum
1881 2824 2376 2888 christianorum

817 2911 1170 2993 Principum
1192 2959 1214 2987 ‚
1239 2912 1662 2981 Ecclesiarum
1684 2964 1704 2992 ,
1734 2928 1798 2985 et
1827 2920 2209 3002 Populorum
2278 2941 2385 3004 po·

825 3005 1304 3085 stillationibus,
1336 3031 1408 3076 ac
1434 3016 1595 3078 votis
1623 3037 1733 3098 pro
1760 3018 1958 3100 ipsius
1987 3018 2156 3083 beati
2188 3024 2268 3082 Jo
2282 3038 2383 3082 se·

821 3104 929 3188 phi
960 3125 993 3170 a
1043 3107 1375 3182 Leonissa,
1431 3113 1956 3194 quemadmodum
2016 3114 2209 3179 etiam
2264 3134 2384 3198 pro

818 3207 1151 3270 Beatorum
1180 3206 1405 3273 Fidelis
1435 3232 1471 3273 a
1507 3211 1881 3294 Sigmaringa
1905 3257 1926 3285 ‚
1986 3212 2239 3277 Camilli
2299 3214 2378 3278 de

818 3297 1034 3376 Lenis,
1062 3304 1225 3368 Petri
1253 3303 1559 3388 Regalati‚
1575 3317 1641 3371 et
1668 3308 2029 3374 catharinae
2060 3310 2140 3373 de
2161 3310 2387 3374 Ricciis

822 3398 1089 3462 solemni
1121 3403 1632 3477 canonizatione,
1661 3404 1987 3486 implorata
2018 3405 2191 3486 prius
2243 3426 2381 3471 cae·

820 3494 1072 3561 lestium
1103 3497 1438 3581 Spirituum
1468 3507 1532 3564 et
1559 3507 1924 3564 Sanctorum
1955 3501 2234 3565 omnium
2278 3503 2379 3564 in·

828 3596 1217 3659 tercessione
1236 3640 1257 3668 ,
1286 3597 1472 3678 atque
1502 3597 1782 3662 invocato
1810 3597 2114 3662 Paraclito
2142 3598 2379 3678 Spiritu

821 3690 900 3753 ad
931 3691 1229 3756 honorem
1262 3701 1512 3759 sanctae
1542 3702 1605 3757 et
1630 3693 1986 3757 individuae
2014 3694 2382 3768 Trinitatis,

820 3789 900 3852 ad
927 3789 1365 3854 exaltationem
1386 3791 1552 3854 Fidei
1587 3789 1963 3865 Catholicae,
1987 3801 2053 3855 et
2071 3789 2372 3855 christia·

818 3902 937 3948 nae
955 3885 1290 3970 Religionis
1317 3897 1741 3971 augmentum,
1770 3909 1843 3952 ac
1866 3889 1941 3952 de
1964 3908 2259 3951 concessa
2278 3888 2387 3951 hu-

820 3980 1074 4045 militati
1099 3993 1348 4047 nostrae
1371 3984 1769 4067 Apostolicae
1788 3985 2171 4049 auctoritatis
2192 3985 2389 4066 pleni-

820 4081 1039 4145 tudine
1060 4123 1082 4154 ,
1112 4081 1316 4163 ipsum
1347 4082 1602 4146 beatum
1621 4082 1961 4164 Iosephum
1991 4083 2240 4148 Ordinis
2259 4081 2384 4147 Mi-

821 4197 1043 4240 norum
1075 4178 1557 4261 Capuccinorum
1602 4180 1999 4244 Sacerdotem
2022 4222 2044 4252 ,
2101 4179 2379 4243 omnium

820 4273 1291 4338 christianarum
1318 4277 1620 4340 virtutum
1652 4275 1836 4341 laude
1860 4322 1882 4353 ‚
1934 4277 2381 4363 plurimorum-

824 4390 947 4454 que
974 4370 1409 4437 miraculorum
1439 4372 1632 4457 gloria
1657 4420 1677 4448 ,
1710 4383 1954 4441 maturo
2003 4381 2217 4439 nostro
2239 4417 2261 4448 ,
2316 4381 2380 4439 et

832 4470 1212 4534 adstantium
1241 4476 1518 4533 Fratrum
1563 4481 1928 4537 nostrorum
1983 4472 2220 4555 judicio
2279 4492 2381 4536 cu-

821 4567 1304 4631 mulatissimum
1330 4612 1350 4640 ,
1379 4591 1496 4634 una
1527 4591 1668 4633 cum
1703 4570 2002 4652 praefatis
2031 4568 2252 4642 videti,
2276 4573 2383 4634 Ca·

823 4662 1004 4725 millo
1025 4708 1044 4735 ,
1071 4669 1255 4727 Petro
1276 4708 1295 4737 ,
1342 4672 1408 4728 et
1460 4667 1787 4731 cntharina
1810 4710 1829 4740 ,
1890 4671 2178 4728 Sanctum
2238 4686 2380 4731 esse

828 4761 1222 4824 decrevimus
1262 4769 1327 4825 et
1382 4761 1780 4827 definivimus
1806 4807 1827 4836 ,
1886 4782 1958 4827 ac
2014 4771 2380 4827 Sanctorum

826 4856 1116 4941 Catalogo
1146 4857 1592 4942 adscripsimus
1613 4903 1633 4932 ‚
1666 4859 1930 4941 ejusque
1964 4861 2329 4924 memoriam
2352 4903 2373 4933 ‚

821 4973 1005 5035 quam
1040 4956 1101 5016 in
1133 4956 1521 5038 subsequuta
1549 4955 1774 5020 Missae
1803 4955 2228 5020 celebratione
2249 4961 2376 5021 Nos

819 5048 941 5133 ipsi
975 5051 1344 5118 solemniter
1370 5052 1654 5118 venerati
1689 5072 1942 5130 sumum
1971 5052 2053 5119 ab
2083 5052 2385 5121 universa

929 5324 1014 5386 A?
1028 5329 1310 5383 solemnia
1342 5327 1817 5385 canonizationis.

933 5420 974 5470 C
1017 5418 1185 5472 tides
1214 5419 1466 5473 habenda
1505 5419 1896 5491 Pramumptt's.
2050 5421 2097 5471 D
2142 5418 2384 5473 Sanctio.

1966 5332 2012 5382 B
2049 5329 2454 5399 Indulgentiae.

1961 538 2164 598 ACTA
2219 538 2873 601 eANomzA'rtoms

2494 688 2772 755 Ecclesia
2801 686 3127 771 quotannis
3154 687 3255 753 die
3286 694 3387 753 tv.
3416 686 3741 754 Februarii
3784 686 4039 775 religio·

2496 804 2566 849 se
2592 784 2715 851 coli
2746 787 3172 850 mandavimus
3195 831 3216 859 ,
3242 786 3305 849 iu
3358 786 3625 850 Nomine
3664 787 3876 851 'Patris
3903 829 3924 859 ,
3981 791 4050 851 et

2496 882 2676 957 Filii,
2716 889 2780 946 et
2836 883 3102 966 Spiritus
3157 884 3374 949 sancti.
3432 883 3735 947 Omnibus
3770 890 4042 965 'quoque
4090 877 4140 937 Β

2494 979 3019 1046 christifidelibus
3045 981 3124 1044 ad
3155 987 3367 1046 tantae
3405 979 3825 1047 solemnitatis
3877 978 4056 1044 cele-

2494 1075 2789 1142 britatem
2817 1080 3245 1163 congregatis,
3276 1078 3628 1144 Plenariam
3651 1121 3672 1150 ,
3700 1076 3800 1140 bis
3853 1092 4006 1139 vero
4027 1116 4050 1147 ,

2493 1172 2599 1252 qui
2628 1173 2888 1256 singulis
2915 1175 3089 1238 annis
3119 1174 3434 1257 praedicta
3477 1174 3578 1238 die
3636 1174 3714 1238 ad
3767 1171 4056 1254 ejusdem

2492 1271 2698 1333 Sancti
2729 1276 2971 1354 corpus
3001 1272 3425 1337 venerandum
3463 1271 3873 1334 accessissent
3898 1311 3922 1343 ,
3959 1288 4059 1332 se-

2493 1374 2663 1446 ptem
2692 1386 2990 1431 annorum
3012 1377 3078 1431 et
3107 1367 3365 1432 totidem
3399 1367 3935 1450 quadragenarum
3957 1371 4057 1429 In-

2496 1462 2877 1547 dulgentiam
2898 1509 2919 1537 ‚
2942 1466 3003 1527 in
3036 1464 3235 1528 forma
3260 1465 3578 1530 Ecclesiae
3602 1472 3906 1529 consueta
3935 1462 4050 1528 mi·

2500 1562 2906 1627 scricorditer
2931 1563 2992 1624 iu
3022 1564 3290 1628 Domino
3319 1563 3527 1648 largiti
3553 1560 3817 1625 fuimus.
3884 1624 3891 1633 ,

2630 1658 2946 1724 candeant
2971 1660 3159 1745 igitur
3186 1660 3248 1723 in
3272 1661 3531 1726 Domino
3569 1660 3898 1724 universae
3964 1656 4056 1722 fa-

2498 1756 2711 1820 miliae
2741 1757 3016 1840 geutinm
3040 1801 3061 1830 ,
3089 1766 3154 1821 et
3202 1757 3267 1819 in
3325 1758 3585 1821 vocibus
3642 1755 4049 1821 exultationis

2493 1853 2769 1937 jubilent
2798 1860 2927 1919 Deo
2947 1899 2969 1928 ,
2997 1856 3106 1938 qui
3134 1855 3477 1920 Ecclesiam
3509 1874 3684 1919 suam
3744 1858 4048 1935 perpetua

2499 1951 2903 2016 miseratione
2931 1952 3288 2016 custodiens
3306 1995 3327 2027 ,
3357 1950 3697 2035 praeclaris
3726 1969 3867 2014 eam
3906 1954 4056 2011 Sau-

2497 2056 2741 2112 ctorum
2771 2048 3079 2131 exemplis
3109 2049 3391 2132 quotidie
3414 2049 3729 2111 instruere
3756 2088 3775 2119 ‚
3808 2044 4054 2109 meritis

2498 2154 2688 2226 atque
2725 2145 3056 2227 praesidiis
3117 2148 3419 2211 roborare
3476 2164 3599 2209 non
3657 2143 3934 2215 desinits
3989 2145 4059 2204 nt

2501 2242 2726 2323 quibus
2751 2258 2865 2322 per
2891 2241 3109 2306 Filium
3133 2264 3315 2307 suum
3343 2243 3733 2308 sanctissima
3754 2240 3924 2302 vitae
3948 2237 4057 2301 do-

2497 2348 2786 2403 cumenta
2813 2338 3109 2412 tradidit,
3140 2337 3723 2421 amplissimamque
3750 2333 4053 2399 Caelestis

2500 2435 2692 2516 Regni
2722 2434 3168 2501 haereditatem
3191 2436 3501 2519 promisit,
3525 2434 3748 2500 iisdem
3774 2450 3888 2515 per
3904 2436 4056 2495 San·

2492 2541 2635 2596 ctos
2665 2553 2811 2598 suos
2840 2553 2999 2598 nova
3022 2535 3096 2597 ad
3125 2533 3495 2598 currendam
3527 2532 3747 2598 salutis
3767 2529 3931 2595 viam
3964 2527 4056 2590 in·

2497 2629 2855 2704 citamenta,
2886 2650 3107 2694 novam
3137 2651 3390 2714 semper
3415 2627 3815 2712 attingendae
3845 2633 4051 2691 metae

2492 2724 2782 2791 fiduciam
2824 2729 3157 2808 praebeat3
3186 2728 3323 2809 ipso
3353 2727 3681 2812 adjuvante
3710 2730 3776 2787 et
3818 2722 4053 2786 donau*

2495 2829 2603 2895 te,
2632 2825 2736 2905 qui
2766 2832 2863 2888 est
2886 2824 3170 2907 justitia,
3201 2832 3267 2888 et
3323 2822 3774 2898 sanctificatio,
3832 2827 3899 2884 et
3948 2836 4046 2881 re·

2495 2918 2776 3001 demptio
2806 2929 3062 2996 nostra3
3098 2922 3205 3002 qui
3258 2940 3400 2985 cum
3461 2926 3641 2984 Patre
3698 2925 3762 2983 et
3818 2913 4065 2999 Spiritu¹

2496 3026 2708 3081 sancto
2733 3018 2890 3081 vivit
2918 3025 2982 3081 et
3009 3025 3225 3102 regnat
3258 3017 3320 3080 in
3353 3015 3563 3082 secula
3593 3014 3978 3081 seculorum.

2604 3120 2698 3179 ·Ut
2727 3122 2933 3181 autem
2960 3116 3308 3200 praemissa
3339 3115 3550 3180 omnia
3580 3114 3658 3179 ad
3709 3112 4053 3175 universae

2495 3230 2611 3292 per
2637 3213 2870 3276 Orbem
2902 3213 3223 3277 Ecclesiae
3273 3211 3553 3275 notitiam
3586 3209 4050 3292 perducantur,

2499 3328 2847 3390 eorumque
2879 3310 3180 3373 memoria
3239 3307 3560 3391 perpetuis
3617 3304 3845 3369 suturis
3892 3310 4050 3367 tem·

2493 3406 2753 3485 poribus
2781 3405 2859 3469 ad
2892 3407 2997 3468 Dei
3030 3405 3292 3487 gloriam
3317 3448 3337 3478 ,
3370 3411 3431 3467 et
3462 3401 3765 3468 Fidelium
3824 3399 4030 3465 erudi·

2495 3491 2729 3566 tionem
2760 3502 3122 3567 indeficiens
3151 3508 3556 3582 perseveret3
3585 3505 3711 3564 Nos
3765 3519 3840 3562 ea
3866 3517 4045 3581 prae-

2494 3598 2778 3663 sentibus
2808 3599 3189 3680 Apostolicis
3218 3599 3443 3662 Literis
3471 3596 3806 3678 complecti
3839 3603 3906 3660 et
3951 3615 4051 3659 ro-

2494 3694 2719 3758 borare
2748 3695 3062 3759 voluimus
3083 3739 3103 3768 ,
3136 3695 3505 3759 mandantes
3527 3738 3548 3768 ‚
3609 3693 3825 3758 barum
3885 3704 4049 3756 tran·

2494 3794 2761 3875 sumptis
2785 3836 2804 3865 ,
2836 3794 2969 3856 sive
3016 3791 3369 3873 exemplis,
3423 3791 3615 3856 etiam
3676 3790 4050 3872 impressis,

2496 3909 2680 3954 manu
2712 3890 2979 3973 alicujus
3009 3888 3253 3953 Notarii
3284 3888 3519 3970 publici
3551 3887 3960 3968 subscriptis,
3989 3893 4055 3951 et

2494 3986 2703 4069 sigillo
2763 4006 3071 4068 personae
3131 3986 3199 4048 iu
3252 3984 3692 4049 Ecclesiastica
3746 3983 4056 4067 dignitate

2494 4086 2863 4149 constitutae
2896 4082 3154 4148 munitis
3174 4126 3196 4154 ‚
3247 4082 3467 4145 eadem
3522 4083 3603 4145 ab
3634 4082 3931 4145 omnibus
3981 4078 4054 4143 fi-

2493 4180 2605 4244 des
2629 4180 2957 4252 habeatur,
2988 4178 3323 4261 quaeipsis
3348 4175 3779 4260 praesentibus
3796 4175 4056 4248 adhibe·

2493 4284 2665 4341 retur
2686 4320 2706 4350 ,
2737 4278 2787 4341 si
2816 4275 3024 4340 forent
3055 4273 3368 4338 exhibitae
3397 4271 3499 4336 vel
3526 4282 3843 4339 ostensae.

2618 4373 2964 4456 Nulliergo
2997 4373 3250 4437 omnino
3279 4370 3603 4435 bominum
3630 4369 3823 4433 liceat
3881 4367 4059 4451 pagi·
4099 4406 4148 4467 D

2492 4487 2639 4532 nam
2668 4468 2824 4531 banc
2855 4475 3103 4532 nostrae
3134 4465 3517 4529 definitionis
3541 4510 3560 4539 ,
3612 4464 3844 4528 decreti
3870 4507 3891 4537 ‚
3952 4462 4057 4527 ad-

2494 4566 2848 4650 scriptionis
2871 4610 2892 4640 ‚
2925 4564 3242 4637 mandati,
3298 4563 3551 4638 statuti,
3608 4561 4011 4625 relaxationis
4032 4603 4054 4633 ,

2494 4670 2561 4728 et
2581 4664 2922 4728 voluntatis
2950 4661 3290 4744 infringere
3315 4704 3336 4733 ,
3365 4659 3465 4724 vel
3494 4660 3553 4723 ei
3584 4679 3737 4723 ausu
3788 4667 4054 4721 temera-

2495 4761 2592 4828 tio
2620 4762 2954 4826 contraire.
2993 4761 3054 4823 Si
3100 4759 3242 4841 quis
3298 4761 3519 4821 autem*
3565 4754 3682 4820 hoc
3740 4761 4052 4821 attentare

2494 4857 3026 4942 praesumpserit,
3056 4854 3541 4938 indignationem
3601 4849 4051 4931 omnipotentis

2493 4956 2646 5031 Dei,
2677 4978 2749 5021 ac
2781 4956 3112 5019 beatorum
3144 4952 3306 5015 Petri
3360 4957 3426 5014 et
3477 4947 3652 5013 Pauli
3710 4945 4047 5032 Apostolo-

2492 5072 2634 5118 rum
2666 5052 2805 5138 ejus
2835 5070 2902 5117 se
2934 5047 3178 5117 noverit
3203 5048 3619 5113 incursurum.
