4442 6300
2000 514 2209 574 ᾹΟΤΔ
2246 516 2904 576 canommuoms

794 667 919 743 tis,
950 650 1446 732 cilicio-indutus
1473 681 1547 728 ac
1573 659 1770 729 lorica
1812 658 2023 731 terrea
2077 664 2361 749 praecin—
2472 666 2802 732 JOSEPH
2828 663 3090 732 sunu
3127 667 3326 745 Rufus
3375 601 3879 748 Arcaiapieropue
3928 677 4041 738 ca-

788 775 932 832 ctus
962 783 1152 847 saepe
1176 805 1199 837 ‚
1232 768 1346 828 aut
1373 759 1554 826 nullo
1581 759 1769 825 modo
1793 804 1815 834 ‚
1844 767 1954 827 au‘t
1980 761 2219 827 mucidi·
2252 782 2358 844 pa·

790 863 893 928 nis
920 860 1291 946 fragmentis
1323 865 1537 944 pastus
1555 901 1577 931 ‚
1630 879 1820 941 saepe
1879 866 1986 923 aut
2043 859 2359 925 imbribus

787 959 1080 1025 madidus
1097 1001 1119 1030 ,
1155 965 1268 1022 aut
1292 963 1472 1022 aestu
1499 951 1655 1019 solis
1684 964 1942 1020 exustus
1961 998 1984 1030 ,
2039 950 2356 1020 interdum

787 1055 996 1121 febris
1027 1056 1221 1119 etiam
1250 1052 1475 1117 ardore
1503 1051 1818 1117 cruciatus
1838 1076 1857 1114 ι
1915 1051 2219 1119 Nimirum
2275 1070 2360 1116 ex

792 1172 1013 1219 eorum
1048 1169 1320 1216 numero
1350 1155 1525 1223 erat,
1554 1148 1662 1231 qui
1700 1168 1847 1215 cum
1900 1149 2206 1230 Apostolo
2262 1149 2355 1212 di·

786 1257 978 1317 cuntz
1015 1252 1091 1311 Ia
1123 1252 1402 1311 omnibus
1431 1250 1885 1310 tribulationem
1900 1253 2182 1323 potimur
2200 1290 2222 1321 ,
2250 1253 2358 1312 aad

785 1368 913 1413 ιιοιι
943 1354 1412 1426 angustiamur,
1465 1349 1989 1423 persequutionem
2038 1351 2358 1423 patimur,

792 1455 901 1511 aed
928 1464 1052 1509 non
1084 1447 1599 1520 derelinquimur,
1656 1447 2009 1522 deficimur,
2061 1449 2167 1506 aed
2218 1461 2352 1505 non

782 1530 1099 1624 perimus,
1126 1560 1362 1619 aentper
1388 1546 1498 1621 qai
1518 1546 1776 1604 vivimus
1796 1583 1817 1611 ,
1849 1546 1919 1602 in
1947 1546 2191 1602 mortem
2220 1552 2349 1605 tro·

788 1646 993 1721 &imur
1014 1648 1266 1716 propter
1293 1641 1504 1702 Jeeum
1527 1668 1544 1696 ι
1577 1636 1802 1700 Merite
1852 1636 2064 1719 itaque
2121 1656 2204 1700 ex
2260 1643 2349 1700 Te

792 1746 1080 1820 optamus
1100 1779 1122 1810 ‚
1153 1738 1656 1799 SANCTtssmE
1687 1739 1940 1798 PATER
1962 1776 1984 1805 ,
2041 1739 2113 1796 ut
2170 1733 2350 1797 novis

787 1843 1148 1905 Sanctorum
1180 1831 1529 1896 honoribus
1555 1839 1814 1894 ornetur
1838 1835 1905 1893 Β.
1949 1829 2180 1911 Josepb
2206 1852 2224 1890 ι
2263 1836 2350 1893 Ex

789 1955 917 2018 quo
932 1930 1090 1995 illud
1112 1929 1302 1993 etiam
1330 1926 1441 1993 flet
1469 1934 1537 1990 ut
1564 1946 1726 1992 novo
1744 1936 2118 2011 argumento
2139 1933 2350 1991 osten-

788 2032 972 2098 datur
999 2034 1320 2092 Iustorum
1353 2026 1593 2090 animas
1631 2024 1696 2088 iu
1753 2043 1943 2090 manu
1998 2023 2115 2088 Dei
2164 2043 2309 2090 esse
2333 2067 2355 2097 ,

789 2128 897 2213 qui
924 2123 1052 2189 illis
1091 2143 1217 2188 usu
1244 2121 1557 2187 caeiestes
1586 2128 1828 2188 tantum
1867 2119 2183 2198 bonores,
2242 2139 2355 2188 ve·

785 2242 931 2293 rum
962 2223 1149 2288 etiam
1176 2226 1466 2289 “nenos
1492 2218 1808 2284 decernat.
1862 2286 1877 2299 ,

870 2516 1140 2587 sumu
1173 2513 1360 2578 θῆαι
1400 2512 1892 2675 ffliepr'aeopua
1922 2513 2259 2591 Tuane-air

1540 2620 1730 2673 stem.

911 2806 1373 2877 maTtssmss
1401 2805 1677 2866 PATER.
1702 2803 1964 2865 Beatum
1987 2795 2335 2881 losephum

780 2926 816 2970 a
840 2903 1137 2969 Leonissa
1168 2898 1430 2963 infantia
1457 2902 1589 2961 Deo
1618 2895 2118 2980 praeordinatum
2144 2935 2164 2963 ,
2195 2913 2343 2975 pue·

783 3001 930 3068 rilis
959 3017 1160 3082 aeque
1191 3016 1264 3061 ac
1289 2993 1491 3059 virilis
1521 3000 1693 3058 aetas
1720 2992 1836 3056 Dei
1855 2991 2056 3057 amori
2087 3010 2200 3074 per
2223 2991 2346 3056 vir-

780 3106 985 3163 tutum
1015 3093 1471 3177 Religiosarum
1496 3089 1729 3155 eximia
1758 3088 2012 3172 quidem
2041 3106 2235 3171 opera
2253 3105 2350 3150 ar·

782 3197 1066 3261 ctissime
1094 3193 1403 3255 intentum
1431 3213 1452 3262 3
1480 3209 1554 3253 ac
1585 3187 1786 3270 magis
1826 3186 2156 3269 magisque
2212 3184 2348 3250 ani-

781 3311 1027 3359 marum
1057 3286 1465 3352 multimodae
1495 3283 1956 3366 promovendae
2015 3277 2205 3347 saluti
2264 3283 2341 3346 ad

785 3385 1391 3458 consummationem
1418 3401 1621 3463 usque
1655 3380 1719 3442 iu
1750 3380 2131 3444 immensum
2172 3378 2345 3443 addi·

783 3498 990 3560 ctum3
1023 3499 1262 3548 necnon
1288 3476 1703 3561 rigidissimis
1731 3475 1825 3539 sui
1887 3473 2174 3559 corporis
2230 3493 2338 3537 ex-

782 3584 1124 3651 cruciatum
1158 3572 1777 3644 mortificationibus‚
1803 3570 2067 3654 jejuniis
2086 3571 2165 3635 ac
2195 3590 2346 3653 po.-

780 3677 1080 3760 nitentiis,
1107 3676 1261 3738 licet
1290 3670 1445 3734 nibil
1468 3671 1535 3732 iu
1565 3669 1678 3732 illo
1711 3686 1905 3751 prope
1935 3665 2096 3752 foret
2127 3668 2345 3749 poeui-

782 3776 1066 3845 t'endum,
1096 3770 1196 3834 vel
1228 3769 1290 3834 ia
1324 3767 1506 3832 terris
1535 3773 1826 3830 Sanctum
1868 3762 2340 3829 denunciarunt.

781 3873 899 3949 Qui
932 3881 1142 3936 autem
1172 3867 1275 3929 dat
1304 3865 1759 3928 incrementum
1783 3904 1804 3935 ,
1838 3866 2009 3926 Deus
2034 3860 2199 3925 baud
2228 3861 2341 3926 ab·

2871 780 2878 791 ’
2950 781 3201 842 manua
3223 765 3541 829 Ararim.

2598 959 2879 1028 Quantus
2903 955 3206 1023 virtutum
3237 956 3515 1023 omnium
3543 956 3772 1024 chorus
3801 961 3868 1025 in
3895 968 4038 1028 Ser·

2470 1050 2554 1116 vo
2579 1051 2690 1115 Dei
2721 1053 2909 1118 beato
2937 1055 3216 1137 Josepbo
3243 1074 3280 1119 a
3335 1056 3631 1121 Leonissa
3691 1059 4031 1127 Sacerdote

2471 1146 2763 1213 Professo
2813 1148 3061 1214 Ordinis
3088 1150 3401 1215 uiuorum
3459 1152 3659 1217 sancti
3717 1155 4030 1221 Francisci

2469 1245 2959 1326 Capuccinorum
2990 1246 3303 1312 effulserit
3324 1291 3346 1321 ,
3376 1266 3567 1312 nemo
3596 1258 3696 1313 est
3717 1251 3831 1334 qui
3865 1255 4036 1337 iguo-

2467 1349 2604 1406 ret:
2635 1341 2803 1407 Nihil
2837 1343 3065 1427 quippe
3095 1345 3164 1407 in
3194 1366 3273 1410 eo
3301 1342 3426 1409 tuit
3446 1390 3468 1419 ,
3499 1346 3667 1427 quod
3701 1349 3811 1412 D'ei
3862 1369 4034 1412 amo-

2465 1456 2600 1500 rem
2632 1439 3036 1522 Proximique
3069 1440 3166 1505 sui
3197 1439 3562 1506 charitatem
3594 1460 3717 1506 uon
3775 1443 4023 1511 redole-

2465 1540 2611 1608 ret,
2644 1536 2815 1618 quod
2849 1554 2968 1601 nou
2999 1535 3355 1603 aedificaret
3387 1524 3630 1613 fidem,
3662 1541 3831 1621 quod
3881 1547 4029 1606 Pro·

2464 1631 2780 1698 ximorum
2811 1633 3079 1698 salutem
3113 1654 3240 1719 non
3272 1643 3671 1718 operaretur,
3700 1637 3868 1718 quod
3903 1657 4027 1702 nou

2467 1737 2713 1811 saperet
2742 1733 3169 1798 Sanctitatem.
3196 1732 3312 1796 llic
3340 1739 3440 1798 est
3467 1732 3580 1795 ille
3635 1732 4032 1802 fortissimus

2465 1825 2691 1891 Christi
2722 1828 2972 1895 Atbleta
2996 1873 3017 1903 ,
3046 1830 3148 1894 cui
3182 1818 3419 1893 bonum
3470 1829 3592 1895 tuit
3621 1839 3872 1915 portare
3926 1832 4029 1917 ju-

2445 1943 2613 2006 -gum
2643 1926 2723 1989 ab
2752 1924 3182 1991 adolescentia
3213 1947 3555 2019 sualusque
3597 1928 3676 1991 ad
3737 1928 4028 1997 ultimum

2460 2019 2630 2086 vitae
2656 2023 2940 2106 spiritum
2963 2065 2986 2097 ‚
3012 2035 3386 2107 accepturus
3436 2044 3472 2088 a
3527 2023 3789 2090 Domino
3848 2032 4027 2094 coro·

2464 2135 2609 2180 uam
2632 2119 2918 2203 justitiae
2939 2163 2960 2195 ,
2993 2141 3180 2205 quam
3211 2126 3379 2184 Deus
3412 2121 3697 2202 promisit
3749 2123 4027 2208 diligen·

2465 2214 2639 2280 tibus
2670 2237 2761 2280 se.
2791 2218 3210 2291 Quamobrem
3240 2237 3381 2282 cum
3406 2219 3576 2282 beati
3608 2221 3864 2302 Josepbi
3887 2230 4031 2289 Sau-

2463 2313 2698 2378 ctitatis
2725 2312 2934 2379 famae
2965 2313 3410 2379 miraculorum
3441 2316 3784 2380 accesserit
3808 2318 4027 2402 gloria:

2466 2410 2908 2474 executionem
2938 2412 3229 2475 decretae
3258 2431 3296 2476 a
3352 2416 3833 2478 SANCTtTA'rE
3887 2425 4022 2482 VB-

2462 2512 2656 2571 suta
2678 2550 2698 2581 ‚
2728 2508 3017 2592 ejusdem
3049 2508 3224 2572 Beati
3252 2509 3750 2576 canonizationis
3795 2511 4028 2577 humil-

2457 2602 2613 2669 lime
2641 2610 2935 2686 expectat
2993 2612 3124 2669 tota
3178 2610 3458 2669 Fratrum
3520 2610 4021 2688 capuccinorum

2460 2704 2654 2766 sancti
2686 2701 2994 2767 Francisci
3016 2700 3299 2776 Familia,
3327 2710 3396 2765 ut
3423 2702 3540 2767 toti
3561 2705 3712 2768 Orbi
3738 2707 4023 2779 christia.

2459 2818 2544 2863 no
2569 2819 2801 2866 novum
2830 2799 3026 2887 sydus
3054 2797 3395 2885 adsulgsat.
3427 2794 3514 2866 Bt
3537 2801 3630 2867 ita
3656 2810 3780 2870 etc.

2483 2996 2590 3057 ΠΙ
2597 2997 2641 3057 C
2650 2997 2714 3056 H
2720 2995 2767 3057 Δ
2779 2996 2878 3057 m.
2907 2994 3172 3058 sunu
3207 2999 3558 3060 Vincentint
3579 2997 4001 3078 Arenteptuo·

2800 3111 2917 3170 pua
2952 3093 3316 3156 Theodosios
3343 3092 3665 3158 desistens.

2584 3290 2845 3351 Tantum
2881 3284 3235 3351 sanctitatis
3262 3284 3578 3370 fulgorem
3603 3288 3817 3360 emisit
3851 3291 4026 3358 iuno-

2459 3403 2609 3449 cens
2638 3383 2766 3447 vita
2792 3387 2870 3445 B.
2901 3382 3162 3466 Josepbi
3193 3402 3229 3447 a
3260 3384 3555 3448 Leonissa
3579 3429 3601 3459 ,
3634 3388 3734 3449 cui
3765 3393 4019 3453 Sancto-

2460 3498 2597 3544 rum
2626 3478 2903 3544 honores
2933 3478 3221 3544 decrevit
3249 3480 3506 3545 oraculo
3548 3482 4017 3566 sapientissimo

2457 3581 2881 3641 SANCTITAS
2912 3581 3214 3640 vEs‘rnA
3235 3618 3257 3649 ,
3298 3585 3365 3639 ut
3415 3576 3557 3660 ejus
3613 3578 3851 3662 gloriae
3910 3583 4021 3647 ad·

2458 3672 2704 3759 deod—ae
2725 3673 3015 3736 assentiri
3049 3689 3235 3736 nemo
3255 3691 3509 3753 prorsus
3533 3674 3781 3739 dubitet
3802 3702 3824 3751 ς
3843 3697 4024 3758 prae-

2457 3771 2672 3835 sertim
2704 3787 2843 3831 cum
2873 3768 2955 3832 de
2985 3766 3331 3832 bumilitate
3363 3776 3426 3833 et
3456 3765 3790 3853 patientia,
3823 3774 3903 3839 de
3930 3775 4023 3839 vi-

2456 3865 2624 3950 giliis
2652 3873 2718 3928 et
2747 3864 3055 3938 oratione,
3077 3864 3158 3929 de
3188 3863 3496 3931 charitate
3515 3885 3586 3932 ac
3616 3875 4019 3936 peccatorum

781 3965 1055 4035 similem
1096 3964 1532 4044 imparemque
1591 3958 1857 4024 subinde
1912 3957 2342 4044 prodigiorum
2449 3959 2903 4033 conversione,
2935 3959 3016 4023 de
3075 3960 3310 4026 ceteris
3368 3962 3621 4027 taudem
3677 3965 4021 4033 virtutibus

782 4085 857 4133 ac
872 4059 1309 4127 miraculorum
1333 4079 1507 4123 suam
1520 4075 1737 4120 vocem
1762 4054 2339 4139 praeseferentium,

781 4164 906 4232 rite
938 4161 1170 4224 idcireo
1201 4154 1793 4235 accuratissimaque
1823 4152 1965 4236 lege
2003 4170 2343 4235 perpenso·

775 4278 919 4325 rum
949 4251 1281 4336 multiplici
1313 4249 1672 4317 ostensione
1695 4254 1954 4312 Servum
1985 4267 2165 4312 suum
2195 4246 2342 4311 illu·

785 4359 1044 4422 stratum
1076 4348 1276 4415 voluit
1305 4366 1378 4414 ac
1407 4345 1756 4430 patefecit3
1785 4352 1859 4410 ut
1886 4353 2217 4427 eapropter
2248 4350 2345 4407 tu·

782 4449 1028 4517 tissima
1057 4445 1285 4512 exinde
1315 4447 1778 4509 sancuT-ATI
1806 4447 2123 4506 VESTRAE'
2166 4447 2347 4506 lose·

779 4546 969 4632 pbum
999 4550 1358 4609 Sanctorum
1388 4538 1551 4604 Albo
1578 4536 1976 4603 adscribendi
2005 4544 2342 4622 consurgat

784 4642 989 4716 ratim
1020 4640 1188 4723 quod
1213 4648 1279 4703 et
1306 4635 1587 4702 Ecclesia
1620 4633 1929 4698 catholica
1947 4632 2026 4695 de
2056 4632 2338 4716 glorioso

787 4761 904 4805 suo
932 4738 1131 4801 milite
1154 4779 1176 4820 ,
1209 4732 1315 4817 qui
1376 4730 1667 4818 legitime
1726 4728 2034 4802 certavit,
2092 4738 2346 4794 terrena

782 4854 1073 4920 quaeque
1100 4833 1328 4898 invicte
1359 4827 1675 4914 protrivit,
1704 4846 1776 4891 ac
1805 4824 2340 4911 gloriosissimum

784 4933 865 4997 de
891 4930 1126 5014 triplici
1152 4925 1466 4994 communi
1497 4924 1681 4991 hoste
1738 4921 2123 5008 triumphum
2178 4944 2349 4988 com-

777 5037 995 5114 pertus
1023 5035 1123 5092 est
1150 5023 1466 5096 retulisse,
1492 5022 1774 5106 gaudens
1802 5027 1993 5102 atque
2021 5019 2347 5085 laetabun-

787 5126 875 5190 da
894 5131 1041 5189 ante
1087 5140 1446 5205 supremum
1499 5115 1849 5202 Maiestatis
1908 5125 2054 5181 tuae
2107 5117 2347 5183 Solium

784 5221 1061 5287 unanimi
1087 5229 1378 5285 votorum
1408 5212 1743 5282 concordia
1773 5212 2187 5295 praestolatur
2207 5259 2229 5289 ,
2257 5216 2336 5279 ad

787 5319 1083 5384 Filiorum
1116 5335 1367 5381 suorum
1397 5315 1872 5378 incitamentum
1895 5352 1917 5384 ,
1945 5310 2042 5374 sui
2065 5319 2350 5375 ornatum

798 5413 1206 5497 omniumque
1235 5410 1419 5495 plane
1448 5403 1831 5496 praesidium
1860 5406 2350 5491 optatissimum.

2451 4057 2759 4140 copiaque
2788 4055 3234 4123 miraculorum
3268 4057 3539 4122 maxima
3565 4061 3937 4144 cogitemus.

2459 4255 2563 4315 Fr.
2598 4251 3103 4316 ANTONINUS
3130 4255 3430 4314 camarda
3476 4254 3816 4333 Episcopus
3862 4260 4017 4323 Res-

2987 4353 3153 4412 tinua
3174 4348 3494 4412 hauteur.

2586 4539 3045 4602 BEATlssmE
3072 4541 3350 4602 PATER.
3379 4538 3528 4611 Quis
3559 4544 3625 4605 et
3651 4538 3860 4621 qualis
3907 4540 4021 4606 ho·

2458 4654 2564 4700 mo
2589 4633 2785 4700 fuerit
2800 4639 2869 4697 B.
2899 4632 3133 4715 Josepb
3155 4654 3191 4697 a
3210 4633 3530 4707 Leonissa,
3559 4635 4022 4719 conjiciendum

2457 4740 2556 4798 est
2585 4752 2668 4795 ex
2692 4725 3117 4815 appellatione
3144 4738 3212 4795 et
3237 4751 3322 4795 ex
3353 4729 3605 4814 propffio
3662 4733 3970 4798 vocabulo
3989 4776 4013 4809 ,

2459 4829 2626 4913 quod
2654 4834 3052 4913 augmentum
3085 4827 3484 4911 interpretari
3511 4845 3636 4892 uon
3653 4829 4018 4894 *dubitatur-

2456 4929 2554 4993 Ab
2583 4926 2857 4992 ineuntis
2886 4925 3198 5008 siquidem
3259 4925 3484 4991 aetatis
3541 4925 3899 5006 primordiis
3953 4927 4022 4993 in

2458 5024 2734 5090 omnium
2764 5022 3058 5088 virtutum
3091 5041 3321 5106 genere
3365 5021 3572 5087 ‘crevit
3625 5021 4014 5104 proficiendo

2460 5120 2765 5205 sapientia
2794 5128 2859 5185 et
2885 5127 3092 5185 aetate
3125 5127 3192 5184 et
3248 5119 3468 5203 gratia·
3493 5119 3656 5200 apud
3706 5126 3926 5184 Deum-
3952 5128 4020 5187 et

2459 5218 2768 5283 homiues.
2796 5224 2878 5282 At
2905 5217 3014 5281 ubi
3043 5216 3415 5282 robustioris
3435 5216 3663 5280 aetatis
3691 5215 4019 5299 plenitudo

2460 5314 2708 5379 advenit
2730 5355 2751 5386 ,
2785 5311 3091 5380 missurus
3119 5333 3340 5377 manus
3369 5314 3448 5376 ad
3479 5311 3667 5377 tortia
3725 5323 4020 5398 egressus

2461 5418 2561 5480 est
2579 5407 2653 5476 in
2681 5409 2947 5479 salutem
2975 5411 3322 5478 animarum
3349 5416 3421 5476 ut
3448 5408 3626 5497 gigas
3650 5409 3731 5476 ad
3761 5431 4019 5479 curreu-
