4442 6300
1485 551 1829 625 Quinque
1871 548 2336 604 sancromm
2377 520 2576 604 arcs

3363 552 3454 607 '30

536 729 558 755 ·
598 704 990 765 Eam-autem
1025 718 1211 782 quam
1239 698 1388 764 furti
1418 694 1735 776 alacrique
1753 693 1966 759 animo
2074 692 2238 759 rium
2255 696 2588 761 consilium
2611 696 2859 767 inirent,
2884 703 3070 778 atque
3089 699 3445 771 executioni
3466 702 3638 764 mand
3719 722 3722 729 ·

401 795 638 860 Fidelis
666 797 1065 879 susceperit,
1098 816 1282 878 quam
1313 793 1569 877 egregie
1601 810 1968 873 praeconce-

400 904 545 974 ptae
578 892 656 957 de
689 914 799 958 sua
829 894 1058 959 virtute
1088 890 1366 975 opinioni
1396 888 1832 969 responderit,
1861 907 1968 950 uo-

401 1000 544 1055 runt
574 992 617 1052 ii
649 1011 904 1061 omnes,
936 989 1043 1071 qui
1075 987 1800 1071 imperterritasqnadam
1830 1004 1967 1047 cor-

405 1089 579 1170 poris
607 1089 930 1170 animique
949 1089 1296 1163 constantia
1324 1094 1388 1150 et
1417 1085 1743 1149 diuturnos
1774 1081 1969 1147 maxi·

404 1206 668 1268 mosque
688 1185 1108 1257 exundantem
1138 1185 1397 1251 labores
1412 1183 1725 1255 viderunt,
1752 1190 1814 1244 et
1838 1199 1971 1245 cer-

404 1284 645 1349 tissima
669 1284 892 1365 capitis
920 1283 1203 1367 pericula
1218 1282 1591 1349 subeuntem
1610 1306 1627 1341 ι
1658 1278 1838 1342 Novit
1860 1283 1972 1343 Ec-

401 1381 623 1457 clesia,
652 1404 813 1465 quae
837 1391 921 1447 tot
949 1390 1229 1447 errantes
1252 1382 1517 1446 miseros
1532 1376 1698 1441 filios
1718 1376 1779 1437 in
1802 1375 1967 1439 viam

404 1478 624 1544 salutis
679 1479 909 1544 Fidelis
964 1500 1151 1561 opera
1194 1486 1518 1543 revocatos
1569 1476 1633 1537 in
1676 1475 1810 1539 sinu
1854 1494 1969 1538 suo

400 1575 750 1641 laetissima
778 1575 1040 1657 excepit:
1059 1580 1294 1639 Nerunt
1328 1572 1639 1637 Haeretici
1669 1571 1813 1654 ipsi,
1842 1570 1971 1652 qui,

405 1693 546 1745 cum
573 1660 829 1757 Spiritui
862 1683 1077 1738 sancto
1110 1693 1223 1755 per
1252 1666 1855 1749 Fidelem-loquenti.
1874 1687 1971 1731 re·

401 1772 623 1837 sistere
652 1772 917 1840 minime
938 1778 1217 1854 possent,
1246 1770 1565 1854 egregium
1597 1769 1675 1831 de
1704 1767 1844 1849 ejus
1867 1766 1975 1829 do-

404 1870 602 1934 ctriua
623 1913 647 1943 ,
694 1872 1062 1940 sanctitate,
1092 1868 1232 1933 zelo
1262 1868 1682 1932 testimoninm
1725 1884 1970 1929 summa

404 1969 602 2047 ipsius
629 1967 814 2031 laude
862 1965 1026 2031 ferre
1056 1967 1255 2039 coacti
1288 1974 1450 2029 sunt.
1485 1973 1554 2032 Et
1591 1983 1804 2027 revera
1829 2005 1850 2035 ,
1895 1982 1973 2025 ne

404 2062 1431 2147 pretiosissimoChristi'Sanguine
1461 2062 1820 2140 redemptas
1847 2058 1974 2121 ani-

409 2183 541 2225 mas
584 2159 1019 2233 lucrifaceret,
1065 2181 1373 2242 suumque
1403 2159 1819 2223 ministerium
1866 2158 1974 2218 im-

406 2257 631 2339 pleret,
662 2279 783 2321 uon
802 2257 1124 2342 b‘yemales
1155 2258 1459 2323 montium
1483 2256 1968 2336 asperrimorum

406 2350 750 2429 altissimae
791 2348 1006 2427 nives,
1037 2374 1159 2431 nou
1194 2356 1530 2420 intentatae
1560 2352 1643 2414 ab
1692 2350 1973 2414 ttaereti-

404 2453 495 2515 cis
526 2453 733 2516 minae
757 2458 783 2524 ,⁴
810 2470 933 2513 non
966 2449 1165 2515 fames
1191 2494 1210 2523 ‚
1242 2470 1362 2514 non
1392 2448 1640 2513 nuditas
1661 2491 1681 2519 ,
1726 2467 1847 2511 non
1892 2447 1973 2510 si-

406 2549 484 2613 tis
505 2593 527 2622 ,
561 2570 684 2613 non
714 2539 915 2633 frigus
936 2592 956 2621 ‚
988 2569 1110 2612 non
1140 2547 1539 2630 persecutio,
1570 2565 1691 2609 non
1724 2544 1983 2629 gladius·

403 2642 722 2711 deterrere
753 2654 1109 2730 potuerunt.
1143 2647 1349 2708 lmbre
1383 2646 1711 2713 madidus,
1745 2645 1972 2707 sudore

406 2742 744 2826 perfusus,
774 2747 1015 2810 viribus
1047 2745 1378 2809 destitutus
1406 2750 1694 2806 montana
1738 2739 1970 2821 quaeli-

407 2845 517 2906 het
542 2845 743 2909 ‘ardua
783 2843 1289 2921 conscendebat,
1319 2840 1456 2904 loca
1486 2839 1695 2903 omnia
1728 2838 1973 2903 nivibus

409 2950 470 3004 et
501 2940 703 3024 glacie
734 2942 1133 3023 quantumvis
1154 2940 1365 3003 ‘obsita
1393 2937 1789 3020 penetrabat,
1819 2944 1883 2999 et
1908 2935 1971 2997 in

332 3096 337 3101 .
401 3038 545 3120 ipsis
589 3037 1055 3102 naereticorum
1087 3036 1366 3119 Templis
1404 3033 1753 3100 catholicae
1801 3033 1970 3096 Fidei

402 3135 689 3221 dogmata
715 3136 1074 3218 praedicare
1103 3156 1225 3199 uon
1254 3134 1608 3199 verebatur.
1649 3162 1672 3188 ι

531 3266 555 3289 ι
605 3234 952 3298 luter·baec
980 3255 1128 3298 vero
1152 3277 1173 3304 ,
1196 3246 1269 3297 ut
1299 3232 1689 3315 propositum
1729 3230 1848 3295 sibi
1897 3227 1964 3291 fi-

399 3351 538 3397 nem
568 3329 823 3394 facilius
844 3338 1316 3412 assequeretur,
1344 3338 1410 3392 et
1439 3330 1794 3392 universam
1827 3333 1965 3389 Pro-

402 3428 670 3493 vinciam
701 3413 1080 3491 brevissimi>
1120 3435 1400 3508 tempore
1430 3428 1508 3491 ab
1540 3425 1708 3490 omni
1750 3425 1964 3489 baere-

400 3548 543 3591 seos
583 3525 733 3590 labe
780 3533 1113 3609 purgaret,
1157 3527 1221 3586 in
1266 3546 1344 3589 eo
1387 3524 1781 3605 praecipuam
1820 3543 1967 3603 ope-

400 3644 529 3688 ram
564 3624 829 3688 duxerat
870 3622 1345 3706 collocandam,
1390 3631 1454 3686 ut
1500 3620 1856 3702 Principes,
1897 3627 1962 3682 et

394 3719 783 3785 nobilissimi
826 3720 1175 3804 Religionis
1201 3720 1380 3784 illius
1405 3721 1706 3784 Homines
1746 3717 1822 3781 ad
1867 3733 1956 3781 sa·

395 3807 954 3896 niorem'mentem
980 3862 1000 3892 ,
1044 3817 1306 3902 ejuratis
1348 3817 1709 3896 erroribus,
1755 3812 1959 3897 primo

394 3926 973 3990 revocarenturaut
995 3917 1061 3990 ii,
1080 3916 1185 3997 qui
1211 3916 1372 3999 apud
1396 3915 1755 3978 Haereticos
1780 3920 1958 3976 Prae·

394 4016 674 4080 dicantes
702 4026 1007 4080 vocantur
1026 4059 1047 4086 ,
1080 4035 1373 4097 supremo
1418 4014 1634 4076 Edicto
1658 4012 1957 4093 Principis

391 4115 471 4180 ab
500 4113 794 4177 universa
838 4113 1096 4178 Rhaetia
1138 4112 1397 4182 exulare
1432 4113 1844 4195 juberentur3
1888 4118 1954 4173 ut

392 4229 611 4275 omnes
664 4208 768 4274 bis
808 4210 875 4272 iu
917 4209 1309 4274 bebdomada
1350 4211 1574 4273 adesse
1627 4206 1954 4274 catholicis

389 4306 790 4391 dogmatibus
816 4307 1208 4389 explicandis
1227 4307 1681 4388 audiendisque
1711 4306 1955 4370 conc-io·

389 4405 576 4468 nibus
602 4412 994 4488 cogerentur.
1037 4411 1208 4478 Quae
1248 4404 1450 4474 omnia
1478 4423 1619 4466 cum
1646 4402 1772 4483 ipsi
1818 4402 1954 4464 feli-

388 4500 546 4566 citer
568 4503 1003 4588 contigissent,
1024 4510 1290 4566 strat'am
1323 4501 1445 4565 sibi
1473 4501 1789 4585 gaudebat
1813 4520 1955 4574 san·

388 4599 707 4665 ctissimus
733 4601 842 4663 Vir
859 4600 1313 4681 amplissimam
1335 4600 1493 4666 viam
1514 4598 1591 4661 ad
1623 4599 1944 4663 victoriam

391 4697 732 4761 certissime
755 4699 1278 4780 consequendam.
1310 4702 1659 4780 Nequespe
1687 4718 1796 4760 sua
1823 4695 1947 4758 fru-

2077 792 2315 857 darent.
2359 823 2382 849 ·

2208 921 2238 947 ·
2270 892 2692 979 Vitchyrcbim
2717 912 2842 975 quo
2873 913 2940 956 se
2970 893 3045 955 ad
3078 914 3306 975 paucos
3333 895 3466 960 dies
3492 915 3635 961 con·

2080 988 2351 1062 tulerat,
2378 991 2571 1054 redux
2599 990 2660 1052 in
2693 990 3009 1055 Rhaetiam
3043 990 3274 1056 Fidelis
3299 1036 3320 1067 ‚
3350 988 3636 1076 peragra-

2078 1088 2160 1152 tis
2188 1087 2426 1170 aliquot
2455 1087 2709 1170 oppidis
2729 1131 2750 1161 ,
2779 1086 3194 1171 pluribusque
3230 1091 3638 1157 concionibus

2080 1184 2335 1261 habitis,
2364 1187 2428 1248 in
2457 1193 2623 1270 Pago
2654 1187 2926 1268 quodam
2957 1186 3239 1272 (Luceyn
3269 1187 3514 1252 Incolae
3544 1191 3638 1254 di-

2080 1284 2284 1368 cunt)
2327 1291 2471 1348 tunc
2511 1283 2677 1348 forte
2719 1283 3088 1348 constiterat
3127 1285 3638 1351 concionaturus.

2080 1389 2324 1447 Interea
2357 1403 2435 1446 ex
2473 1383 2688 1446 vicino
2719 1376 2991 1446 Seviensi
3028 1389 3188 1466 Pago
3218 1383 3444 1447 delecti
3475 1395 3641 1460 sunt,

2084 1480 2188 1562 qui
2220 1480 2492 1545 Fidelem
2517 1480 2770 1560 pietatis
2801 1478 3190 1543 simulatione
3221 1480 3524 1546 adeuntes
3545 1505 3640 1546 ro·

2084 1588 2352 1660 garent,
2385 1587 2450 1641 ut
2480 1578 2792 1643 Dominica
2826 1578 3022 1660 prima
3065 1578 3141 1641 ad
3171 1598 3387 1643 eorum
3436 1582 3646 1647 Eccle-

2083 1675 2240 1740 siam
2278 1696 2418 1739 sese
2460 1675 2778 1740 conferret
2808 1674 3174 1739 concionem
3218 1676 3295 1738 ad
3341 1679 3642 1759 Populum

2083 1771 2499 1838 instituturus.
2539 1774 2694 1848 Quin
2724 1775 2914 1837 etiam
2937 1817 2957 1845 ,
3002 1794 3129 1854 quo
3159 1771 3403 1839 facilius
3446 1778 3643 1843 scele-

2042 1882 2051 1889 ’
2083 1872 2677 1936 stissimi'flomines
2707 1871 2833 1935 voti
2863 1879 3186 1951 compotes
3215 1870 3460 1948 fierent,
3493 1876 3649 1941 mul·
3764 1898 3769 1903 ·

2081 1968 2162 2037 tis
2208 1968 2629 2050 pollicentur,
2673 1990 2750 2032 se.
2786 1969 2952 2033 dicto
2995 1969 3320 2034 audientes
3362 1970 3645 2049 futuros,

2087 2066 2362 2147 nihilque
2401 2066 2996 2147 praetermissuros,
3042 2068 3211 2147 quod
3231 2068 3370 2149 ipse
3412 2069 3645 2134 facien·

2083 2161 2231 2223 dum
2250 2207 2268 2232 ‚
2294 2164 2867 2245 praestandumque
2901 2170 3296 2246 proponeret.
3326 2167 3649 2235 Intellexit

2083 2258 2338 2340 quidem
2370 2261 2480 2322 Vir
2522 2259 3045 2342 prudentissimus
3068 2303 3086 2332 ,
3130 2281 3199 2323 se
3231 2259 3556 2328 fraudibus
3583 2272 3650 2330 et

2086 2355 2327 2420 insidiis
2371 2357 2853 2429 circumveniri,
2898 2358 3062 2437 quod
3106 2368 3321 2437 postea
3373 2361 3510 2442 ipso
3554 2363 3643 2424 rei

2083 2454 2252 2531 exitu
2287 2456 2620 2536 probatum
2651 2462 2767 2518 est.
2811 2455 2950 2516 Sive
2981 2475 3166 2526 vero,
3200 2474 3387 2538 quam
3434 2461 3644 2524 tandiu

2081 2553 2559 2633 concupiverat,
2600 2553 2877 2637 Martyrii
2919 2550 3186 2633 palmam
3232 2556 3350 2620 sibi
3392 2558 3642 2623 taudem

2086 2648 2358 2712 oblatam
2390 2670 2688 2732 respuere
2735 2650 2988 2711 minime
3030 2650 3264 2725 vellet,
3307 2654 3442 2718 sive
3486 2662 3645 2738 Apo·

2085 2748 2351 2818 stolico,
2398 2768 2522 2829 quo
2567 2746 2978 2829 fungebatur,
3025 2751 3263 2813 muneri
3308 2751 3517 2833 aliqua
3561 2772 3644 2815 ex

2083 2853 2260 2926 parte
2284 2846 2505 2907 deesse
2530 2845 2722 2909 videri
2747 2843 2963 2916 nollet,
2996 2845 3248 2911 illorum
3271 2849 3642 2916 simulationi

2085 2962 2322 3006 morem
2357 2943 2694 3024 gerendum
2730 2943 2987 3023 putavit.
3040 2973 3061 2998 ι

2214 3071 2236 3093 ·
2276 3047 2532 3103 Postero
2568 3042 2778 3120 itaque
2810 3041 2939 3113 die,
2969 3060 3109 3104 cum
3142 3041 3204 3103 in
3233 3044 3456 3124 primis
3487 3053 3639 3110 Rem

2082 3143 2210 3202 Deo
2241 3158 2475 3201 sacram
2511 3135 2808 3209 fecisset,
2839 3136 3155 3220 profectus
3187 3140 3264 3203 ad
3295 3143 3636 3208 Ecclesiam

2079 3236 2147 3297 in·
2173 3231 2347 3300 Sevis
2390 3237 2751 3300 concionem
2782 3236 2857 3298 ad
2903 3235 3486 3318 frequentissimum
3532 3249 3639 3305 Po-

2076 3333 2287 3413 pulum
2319 3333 2646 3396 habiturus
2677 3341 3036 3414 suggestum
3071 3338 3372 3399 ascendit.
3415 3337 3508 3400 lbi
3538 3360 3642 3402 ve·

2026 3463 2033 3470 -
2073 3451 2145 3494 ro
2208 3429 2533 3512 patefactis
2591 3430 2802 3493 subito
2861 3429 3143 3503 insidiis,
3187 3442 3433 3514 tempus
3475 3434 3636 3499 illud

2072 3548 2368 3608 praesens
2396 3547 2539 3591 esse
2580 3527 2908 3609 cognovit,
2943 3530 3112 3612 quod
3159 3530 3520 3613 prophetico
3563 3532 3638 3595 il·

2070 3624 2370 3690 lustratus
2398 3625 2638 3688 lumine
2666 3635 2990 3689 venturum
3016 3630 3635 3708 saepepraedixcrat,

2071 3744 2200 3804 qno
2253 3722 2500 3787 scilicet
2556 3722 2674 3785 sibi
2730 3731 2906 3792 erat,
2952 3718 3123 3785 illata
3165 3724 3246 3785 ab
3290 3726 3633 3791 Haereticis

2069 3821 2316 3885 crudeli
2347 3841 2522 3893 nere,
2553 3820 2930 3884 obeundum.
2960 3821 3075 3903 Vix
3107 3821 3272 3882 enim
3307 3823 3370 3883 in
3397 3824 3636 3889 Rostris

2067 3915 2185 3980 fuit
2216 3959 2235 3984 ,
2280 3938 2420 3979 cnm
2451 3916 2603 3980 baec
2631 3918 2819 3980 verba
2850 3917 3269 3980 certissimum
3302 3919 3632 3983 imminen-

2069 4015 2147 4077 tis
2176 4014 2399 4078 mortis
2422 4013 2724 4076 indicium
2747 4014 2833 4076 ibi
2856 4016 3144 4096 inscripta
3169 4014 3462 4099 perlegit.
3503 4023 3631 4079 Ho-

2065 4119 2159 4174 die
2186 4118 2608 4188 praedicabis,
2653 4124 2711 4173 et
2740 4132 2866 4172 non
2912 4119 3196 4188 amplius}
3243 4120 3370 4187 Qua
3417 4126 3627 4188 tamen

2068 4230 2133 4273 re
2162 4210 2356 4274 ceteri
2398 4210 2678 4273 animum
2712 4210 3228 4290 despondissent‚
3273 4220 3335 4274 et
3364 4213 3625 4293 periculi

2066 4308 2484 4392 magnitudine
2519 4307 2719 4370 territi
2754 4319 2960 4370 mente
2993 4308 3453 4380 concidissent,
3497 4320 3626 4376 tan-

2062 4412 2190 4467 tum
2238 4403 2430 4466 abfuit
2458 4448 2478 4473 ,
2523 4414 2591 4467 ut
2625 4403 2851 4466 Fidelis
2896 4418 3432 4478 commoveret-ur,
3478 4410 3625 4491 quin

2062 4503 2251 4565 etiam
2283 4503 2542 4566 caelesti
2568 4503 2987 4565 inflammatus
3031 4502 3331 4567 charitate
3376 4515 3621 4570 erectus

2063 4605 2127 4659 et
2169 4597 2570 4662 confirmatus
2599 4605 2714 4661 cst.
2747 4599 2962 4662 Divina
2995 4599 3183 4679 igitur·
3225 4601 3454 4664 virtute
3502 4604 3622 4664 t're·

2063 4706 2183 4767 tus,
2217 4697 2649 4779 majoremque
2682 4707 2930 4778 praeter
2955 4697 3470 4760 consuetudinem
3500 4699 3623 4763 ala-

389 4804 621 4894 stratus
660 4804 799 4870 est;
843 4796 991 4860 licet
1034 4798 1204 4860 enim
1251 4816 1388 4858 eam
1434 4796 1578 4858 inde
1622 4794 1944 4859 victoriam
2059 4792 2340 4856 critatem
2371 4795 2733 4867 ostendens,
2760 4794 3109 4875 impavidus
3136 4795 3499 4858 concionem
3531 4811 3624 4858 sa-

352 4897 513 4990 “¹¹
544 4894 794 4972 omnino
826 4894 1011 4982 fuerit
1051 4902 1460 4965 consecutus,
1506 4914 1691 4975 quam
1735 4892 1947 4958 animo
2057 4909 2231 4952 cram
2261 4892 2656 4973 aggreditur:
2703 4895 2852 4954 Cum
2886 4891 3097 4954 subito
3144 4901 3381 4953 armata
3419 4891 3619 4954 h'omi-

392 4994 718 5072 reputabat
733 5036 756 5065 ,
784 4994 1162 5076 triumphum
1194 5001 1402 5056 tamen
1430 4992 1575 5055 inde
1604 4992 1665 5053 in
1696 4991 1949 5055 semeti-

2060 5007 2207 5050 num
2250 4988 2724 5051 naereticorum
2758 5007 2979 5049 manus
3021 4987 3254 5069 impetu
3297 4988 3624 5068 repentino

391 5109 506 5168 pso
547 5091 761 5153 retulit
790 5091 1187 5169 singularem.
1233 5092 1384 5153 Inde
1428 5089 1672 5155 scilicet
1715 5088 1946 5152 factum
2065 5087 2124 5145 in
2163 5085 2495 5149 Ecclesiam
2529 5084 2842 5165 irrumpit,
2871 5084 3214 5154 altissimos
3243 5084 3621 5163 insanosque

394 5197 527 5257 est,
557 5198 619 5250 ut
650 5189 1082 5252 scelestissimi
1112 5188 1369 5267 quidam
1400 5189 1561 5250 inter
1587 5185 1950 5262 Haereticos
2059 5183 2373 5246 clamores
2404 5181 2591 5252 tollit,
2625 5183 2992 5262 ingentique
3021 5181 3330 5244 concitato
3360 5183 3619 5242 ttunultu

393 5284 903 5362 pertinacissimi,
932 5306 1071 5347 cum
1092 5286 1170 5348 de
1203 5287 1395 5348 rebus
1423 5284 1555 5348 suis
1576 5282 1950 5357 diffiderent,
2026 5321 2031 5324 -
2062 5279 2409 5343 adstantem
2438 5280 2733 5360 Populum
2758 5278 3107 5342 incredibili
3129 5289 3370 5342 terrore
3391 5289 3451 5341 et
3476 5300 3620 5343 con·

395 5382 447 5445 si
476 5381 710 5448 diutius
740 5383 966 5447 Fidelis
993 5383 1270 5454 viveret,
1305 5381 1519 5460 furore
1550 5380 1609 5442 in
1639 5379 1950 5445 sanctissi-

397 5500 563 5546 mum
594 5482 815 5545 Virum
839 5490 1124 5546 amentes
1153 5482 1230 5544 de
1252 5481 1395 5561 ipso
1425 5480 1757 5543 mactando
1772 5476 1946 5543 nefa·

592 5614 810 5652 suasu.
853 5611 967 5649 xiv.
1009 5610 1153 5647 rosi.
1200 5598 1328 5648 Vll.

2066 5376 2308 5439 fusione
2348 5377 2694 5457 perturbat.
2739 5375 2893 5449 Quin
2926 5375 3111 5438 etiam
3158 5375 3449 5439 audacior
3491 5377 3622 5456 qui·

2065 5473 2207 5540 dam
2244 5485 2304 5537 et
2341 5473 2746 5546 furibundus,
2776 5474 2972 5556 ignito
3002 5472 3261 5556 globulo
3291 5479 3502 5536 contra
3538 5477 3622 5534 Fi-

3224 5595 3286 5640 ¹1
