4442 6300
1591 520 1940 590 QutttQus
1980 520 2447 574 saumonem
2494 520 2656 571 mc.

482 666 773 734 ctissimo
813 674 1217 736 sacramento
1274 686 1467 751 super
1523 666 1743 733 Altare
1799 668 2006 751 majus
2027 711 2048 742 ,

484 765 913 832 Confessionis
974 766 1271 832 videlicet
1339 767 1648 851 Principis
1713 765 2050 849 Apostolo-

487 885 622 929 rum
648 908 669 938 ,
705 885 819 948 per
843 885 1067 930 manus
1095 866 1348 931 Diaconi
1379 867 1693 948 Episcopo
1742 864 2051 930 adstantis

483 961 795 1029 collocato
817 1005 839 1035 ,
869 970 934 1024 et
961 962 1283 1026 consuetis
1321 961 1615 1044 precibus
1660 963 1886 1025 devote
1944 959 2050 1023 de·

479 1060 785 1132 cantatis,
817 1059 1072 1140 abipso
1097 1059 1413 1142 Episcopo
1458 1058 1822 1123 celebrante
1883 1057 2045 1120 trina

486 1157 919 1222 benedictione
952 1176 1092 1219 cum
1124 1157 1350 1221 eodem
1398 1162 1801 1221 sacramento
1860 1174 2049 1238 super

482 1255 786 1338 Populum
821 1254 963 1319 data
986 1298 1006 1327 ‚
1035 1264 1366 1339 augustam
1424 1259 1828 1336 sanctamque
1886 1249 2052 1316 cele-

485 1354 782 1417 britatem
814 1352 1082 1418 absolvi.

618 1456 697 1516 Et
727 1449 874 1531 quia
907 1449 1224 1531 praedicta
1280 1446 1695 1533 snpplicatio,
1752 1452 1915 1529 qu‘ae
1969 1446 2051 1512 si·

485 1556 594 1616 cut
621 1548 1058 1632 praemisimus
1079 1592 1101 1622 ‚
1126 1551 1390 1613 Nostrae
1420 1546 1608 1630 bujus
1646 1544 2052 1612 ordinationis

484 1646 702 1731 vigore
730 1644 1110 1711 celebranda
1140 1645 1264 1709 erit
1282 1688 1303 1720 ,
1331 1664 1735 1726 nequaquam
1767 1641 2048 1706 habenda

487 1750 587 1806 est
614 1761 728 1824 pro
758 1742 1058 1825 peculiari
1090 1742 1504 1808 Processione
1539 1740 1848 1806 Basilicas
1886 1739 2053 1803 vati-

485 1859 722 1912 eanae;
752 1860 915 1921 quae
945 1840 1197 1923 quidem
1231 1840 1498 1905 Basilica
1526 1838 1847 1922 propriam
1910 1857 2050 1919 sup·

487 1936 888 2021 plicationem
919 1938 1161 2022 peragit
1193 1937 1255 1998 in
1315 1936 1417 2000 die
1475 1943 1705 2001 Octava
1762 1932 2052 2014 corporis

489 2035 765 2110 Christi3
798 2035 908 2099 sed
941 2034 1151 2099 locum
1211 2042 1435 2100 tenere
1492 2034 1684 2099 debet
1740 2030 2051 2116 generalis

487 2131 662 2195 illius
697 2132 1168 2217 supplicationis
1190 2177 1212 2206 ‚
1243 2153 1430 2214 quam
1491 2132 1656 2197 Sede
1687 2129 1869 2213 plena
1931 2136 2050 2193 Ro-

490 2250 710 2293 manus
741 2230 1028 2295 Pontifex
1055 2232 1382 2297 celebrare
1439 2228 1648 2304 solet,
1679 2236 1746 2293 et
1806 2229 1870 2290 in
1928 2248 2053 2309 qua

487 2328 956 2393 Sanc-tissimum
991 2329 1416 2395 Eucharistiae
1446 2335 1912 2395 Sacramentum
1970 2326 2050 2390 ab

485 2426 625 2508 ipso
654 2425 981 2495 Pontificc,
1010 2425 1111 2490 vel
1143 2447 1223 2491 eo
1254 2425 1599 2509 impedito,
1628 2427 1710 2490 ab
1742 2421 2048 2506 antiquio·

485 2544 556 2588 re
585 2541 665 2586 ex
694 2531 754 2587 S.
789 2532 859 2587 R.
892 2531 960 2586 E.
1018 2523 1454 2589 cardinalibus
1511 2522 1835 2595 defertur,
1898 2521 2045 2585 hino

486 2629 584 2687 est
610 2656 640 2696 ,·
663 2622 834 2704 qnod
861 2623 1023 2687 Sede
1053 2623 1413 2705 Apostolica
1442 2631 1515 2686 ut
1543 2620 1900 2704 praefertur
1951 2638 2055 2682 va-

490 2727 672 2787 cante
700 2719 986 2784 volumus
1005 2761 1026 2792 ,
1055 2731 1126 2783 ut
1155 2740 1190 2782 a
1223 2719 1509 2806 collegio
1570 2719 1928 2803 praedictae
1993 2722 2052 2781 S.

486 2825 561 2882 R.
593 2824 664 2882 E.
697 2816 1116 2881 cardinalium
1139 2860 1159 2892 ‚
1189 2818 1308 2882 boc
1337 2827 1437 2883 est
1469 2839 1505 2882 a
1554 2816 2053 2898 congregatione

487 2913 675 2977 trium
703 2913 1126 2977 cardinalium
1159 2914 1220 2976 in
1255 2913 1546 2995 quolibet
1597 2914 1830 2978 Ordine
1888 2910 2056 2975 Prio-

486 3030 674 3083 rum,
701 3018 771 3075 et
799 3030 836 3074 a
865 3009 1177 3075 cardinali
1206 3010 1492 3094 ejusdem
1525 3017 1584 3073 S.
1619 3017 1691 3073 R.
1724 3015 1793 3072 E.
1839 3011 2052 3072 came·

491 3107 661 3173 rario
682 3152 705 3182 ,
767 3109 979 3174 triduo
1034 3114 1177 3174 ante
1238 3108 1705 3175 solemnitatem
1762 3103 2056 3188 corporis

490 3205 765 3278 christi,
794 3207 1027 3289 aliquis
1050 3206 1332 3292 eligatur
1388 3215 1456 3271 et
1513 3207 1888 3292 deputetur,
1946 3198 2054 3284 qui

487 3300 841 3385 praefatum
881 3302 1416 3387 Angustissimum
1449 3309 1916 3367 Sacramentum
1946 3299 2054 3365 de·

488 3397 691 3474 serat,
722 3420 879 3463 unus
913 3400 1204 3463 nimirum
1237 3419 1316 3465 ex
1346 3399 1720 3465 patriarchis
1742 3441 1762 3471 ,
1793 3399 1921 3462 sive
1944 3403 2056 3461 Ar·

488 3494 909 3580 cbiepiscopis
933 3540 954 3570 ,
984 3508 1093 3562 aut
1119 3495 1449 3580 Episcopis
1474 3497 1535 3558 in
1564 3502 1838 3559 Romana
1867 3494 2055 3557 Curia

485 3594 959 3674 praesentibus;
987 3592 1089 3658 cui
1126 3592 1488 3657 ministrare
1517 3591 1838 3656 debebunt
1889 3588 2055 3653 Sacri

488 3686 586 3751 illi
615 3691 876 3755 Ministri
906 3734 929 3764 ,
971 3690 1080 3772 qui
1139 3691 1202 3752 in
1262 3688 1579 3773 cappellis
1635 3686 2058 3754 cardinalitiis

490 3786 717 3854 Officio
741 3788 999 3856 Diaconi
1031 3797 1098 3855 et
1125 3787 1503 3854 subdiaconi
1553 3793 1695 3854 sunt
1749 3792 2055 3872 perpetuo

490 3886 746 3951 addicti.

613 3983 905 4069 Aeolytbi
965 3984 1206 4067 pariter
1261 3980 1597 4067 cappellae
1652 3981 2013 4048 Pontificiae
2033 4024 2054 4055 ,

488 4100 730 4146 necnon
760 4081 1044 4165 ejusdem
1090 4079 1426 4164 Cappellae
1487 4079 1712 4144 clerici
1740 4121 1761 4150 ‚
1819 4078 2055 4160 aliique

490 4176 834 4242 inferiores
856 4177 1126 4242 ministri
1172 4176 1235 4238 in
1298 4177 1574 4258 propriis
1633 4174 1878 4240 Officiis
1933 4175 2055 4240 rite

492 4274 986 4349 ministrabunt,
1017 4276 1136 4339 sub
1167 4273 1516 4338 directione
1545 4293 1764 4337 eorum
1792 4293 1874 4338 ex
1902 4279 2057 4337 Pon-

491 4369 699 4435 titioiis
729 4370 1270 4436 caeremoniarum
1300 4369 1610 4453 uagi-tris
1632 4387 1820 4452 supra
1842 4390 2060 4433 nume·

492 4487 631 4532 xum
651 4510 672 4541 ,
704 4468 811 4551 qui
840 4468 1018 4552 juxta
1045 4468 1574 4533 Constitutionem
1605 4488 1641 4531 a
1670 4486 1803 4532 san.
1863 4486 2053 4532 niem.

491 4569 836 4632 Decessore
864 4572 1094 4631 Nostro
1120 4566 1448 4631 Clemente
1476 4572 1640 4648 Papa
1673 4571 1811 4629 ΧΠ.
1848 4565 1930 4629 de
1959 4584 2054 4628 re·

495 4663 614 4728 bus
645 4664 806 4728 Sede
832 4671 1092 4729 vacante
1148 4662 1521 4746 peragendis
1576 4662 1809 4726 editam
1834 4705 1856 4736 ‚
1912 4682 2055 4727 cun

490 4759 636 4825 aliis
663 4760 908 4844 ingredi
935 4758 1245 4827 conclave
1274 4779 1397 4823 non
1429 4760 1902 4842 permittuntur.

614 4863 776 4921 Item
805 4863 1103 4922 cantores
1131 4856 1423 4940 ejusdem
1454 4855 1792 4938 Coppellae
1849 4855 2058 4921 Ponti-

491 4950 678 5019 flciae
705 4960 988 5039 nymnos
1013 4964 1082 5017 et
1113 4955 1354 5018 Laudes
1383 4954 1464 5018 de
1495 4973 1675 5017 more
1726 4952 2059 5018 concinen-

490 5054 616 5125 tes,
644 5060 714 5114 et
737 5052 967 5116 Missae
997 5050 1412 5117 celebrationi
1443 5051 1835 5124 intererunt,
1867 5059 1930 5114 et
1965 5060 2056 5115 to·

495 5152 622 5210 tam
652 5148 1171 5232 supplicationem
1201 5147 1265 5211 in
1296 5168 1413 5214 suo
1459 5147 1653 5231 gradu
1714 5154 1779 5212 et
1835 5147 2057 5211 ordine

491 5256 971 5328 prosequentur.
1633 5300 1646 5334 Ι

621 5343 972 5407 Umbellam
1004 5360 1157 5422 vero
1183 5360 1294 5407 seu
1326 5342 1808 5407 Baldaccbinum
1855 5339 2050 5407 iidem

501 5438 640 5507 t'ere
670 5441 806 5507 suis
855 5439 1199 5525 respective
1258 5441 1504 5506 vicibus
1563 5438 1849 5506 deferent
1872 5477 1894 5515 ‚
1949 5440 2059 5523 qui

3439 519 3542 571 ¹³5

2163 664 2414 730 vivente
2443 663 2740 731 Pontissce
2769 661 3083 749 ejusmodi
3113 662 3493 727 decorantur
3552 680 3732 744 prae·

2164 763 2466 845 rogativa.
2500 762 2925 847 Ejusdemque
2953 760 3281 827 Umbellae
3312 758 3514 824 latera
3534 801 3557 832 ,
3598 767 3729 822 tam

2164 859 2409 926 official
2418 882 2488 926 es
2504 862 2719 945 virgae
2749 860 2985 925 rubeae
2999 878 3145 924 cum
3170 856 3523 929 intertitiis,
3545 876 3730 936 quam

2159 958 2520 1023 servientes
2550 977 2910 1029 armorum,
2966 957 3098 1021 sive
3155 959 3463 1020 anzicri
3513 960 3717 1034 Papae

2162 1056 2538 1140 nuncupati,
2569 1077 2712 1123 cum
2740 1055 2965 1121 Maziis·
2986 1053 3305 1137 argenteis
3327 1095 3348 1126 ‚
3379 1058 3440 1115 et
3491 1050 3729 1117 Milites

2160 1153 2470 1218 Helvetici
2504 1172 2650 1218 cum
2683 1154 2812 1218 suis
2844 1152 3301 1219 Decurionibus
3348 1158 3541 1232 atque
3597 1148 3731 1212 Tri·

2162 1251 2375 1326 bunis,
2394 1251 2655 1317 militari
2683 1251 2809 1317 ritu
2840 1251 3062 1317 armati
3090 1248 3391 1316 claudent
3422 1253 3488 1312 et
3516 1266 3728 1329 respe-

2160 1347 2327 1413 ctive
2354 1346 2728 1413 custodient.

2289 1445 2541 1511 Nullam
2574 1466 2727 1512 vero
2784 1445 3170 1531 peculiarem
3230 1449 3494 1508 crucem
3555 1439 3735 1508 volu·

2159 1564 2300 1609 mus
2329 1544 2566 1609 elevari
2591 1587 2613 1617 ‚
2645 1545 2763 1608 sub
2794 1564 2915 1627 qua
2948 1552 3082 1608 tota
3132 1541 3506 1626 supplicatio
3563 1540 3732 1604 ince-

2161 1641 2315 1719 dat,
2346 1643 2461 1708 sed
2489 1643 2811 1725 propriam
2862 1647 3124 1706 crucem
3184 1659 3221 1703 a
3282 1638 3548 1723 singulis
3600 1644 3731 1703 tam

2161 1739 2519 1813 secularis,
2550 1761 2739 1822 quam
2774 1739 3101 1825 Regularis
3130 1737 3297 1803 cleri
3319 1780 3340 1808 ,
3385 1736 3686 1820 Capitulis
3709 1780 3730 1810 ,

2163 1839 2509 1904 Ordinibus
2538 1839 2669 1904 sive
2699 1838 3087 1920 corporibus
3108 1879 3131 1911 ,
3164 1856 3245 1901 ex
3293 1835 3525 1916 quibus
3581 1842 3729 1899 Pro-

2158 1937 2368 2002 eessio
2402 1936 2841 2020 componitur,
2872 1935 2954 2000 de
2988 1954 3166 1999 more
3199 1942 3475 1999 erectam
3520 1931 3726 2009 defer-3

2161 2036 2242 2098 ri.
2276 2040 2584 2100 Cursor-es
2624 2034 2815 2099 etiam
2871 2031 3219 2097 cardinalis
3274 2051 3392 2116 pro
3445 2039 3732 2113 tempore

2159 2132 2346 2197 Urbis
2395 2132 2671 2205 vicarii,
2728 2130 3262 2214 quemadmodum
3322 2130 3483 2195 Sede
3540 2128 3730 2210 plena

2161 2251 2304 2295 mos
2322 2238 2436 2295 est
2458 2274 2479 2301 ,
2509 2236 2715 2295 totum
2741 2228 3170 2296 Processionis
3191 2229 3474 2294 ordinem
3503 2227 3734 2311 dirige·

2160 2348 2232 2393 re
2263 2329 2652 2393 mandamus.

2293 2433 2519 2492 Sacrae
2549 2435 2760 2492 autem
2800 2433 3030 2492 Vestes
3053 2470 3074 2500 ,
3131 2445 3376 2492 necnon
3435 2430 3730 2489 ostenso·

2165 2523 2326 2586 rium
2352 2567 2375 2597 ,
2425 2523 2841 2588 Thuribulum
2864 2568 2886 2597 ,
2940 2523 3329 2587 Candelabra
3388 2528 3686 2604 argentea
3709 2564 3730 2595 ,

2164 2619 2423 2684 Funalia
2444 2662 2465 2693 ,
2495 2620 2784 2685 Umbella
2808 2663 2828 2693 ‚
2861 2641 2972 2685 seu
3004 2618 3484 2684 Baldaccbinum
3518 2626 3584 2682 et
3635 2638 3732 2680 re-

2161 2716 2335 2800 liqua
2366 2718 2651 2799 supellex
2686 2719 2763 2781 ad
2796 2738 3035 2782 sacram
3066 2716 3451 2781 functionem
3513 2734 3730 2779 neres-

2167 2814 2333 2880 saria
2353 2859 2375 2888 ,
2407 2817 2486 2879 ab
2518 2815 2884 2896 Apostolico
2913 2816 3195 2880 Sacrario
3215 2860 3237 2889 ‚
3270 2834 3381 2879 seu
3432 2812 3730 2895 respecti-

2087 2916 2094 2923 '
2161 2933 2241 2976 ve
2273 2933 2309 2976 a
2336 2912 2659 2977 Pontificia
2690 2912 2968 2977 Floreria
3016 2911 3479 2976 subministrari
3539 2910 3733 2973 debe·

2167 3010 2278 3074 bit.
2311 3010 2490 3073 Cerei
2526 3029 2779 3091 quoque
2810 3016 3121 3091 quotquot
3150 3007 3490 3072 necessarii
3518 3013 3727 3080 erunt,

2166 3108 2526 3192 sumptibus
2554 3110 2850 3172 Gamerae
2896 3105 3294 3188 Apostolicae
3357 3102 3726 3189 providerig

2154 3226 2237 3270 ac
2263 3204 2513 3271 demum
2547 3206 2900 3269 Porticuum
2931 3202 3213 3268 vaticani
3243 3212 3310 3269 et
3336 3203 3567 3285 reliqui
3600 3223 3731 3266 am·

2165 3303 2336 3367 bitus
2366 3313 2769 3385 apparatum,
2804 3302 3302 3383 ,apostolicarum
3333 3302 3575 3368 AEdium
3608 3307 3728 3376 Au:-

2167 3400 2326 3465 laeis
2350 3443 2373 3474 ,
2402 3408 2472 3464 ut
2499 3401 2749 3465 vivente
2779 3400 3074 3466 pontifice
3107 3401 3300 3465 moris
3349 3410 3482 3473 est,
3542 3408 3609 3465 et
3662 3400 3728 3461 in

2164 3496 2418 3581 reliquo
2449 3498 2739 3582 ejusdem
2769 3503 3067 3564 camerae
3096 3498 3501 3582 Apostolicae
3560 3517 3730 3563 sum·

2165 3596 2381 3681 ptibus
2402 3636 2423 3670 ,
2454 3596 2741 3661 adornari
2773 3597 3212 3679 praecipimus.

2294 3696 2575 3776 Denique
2607 3694 2967 3760 Pontificios
2997 3695 3236 3760 Milites
3263 3696 3550 3760 Urbanos
3610 3709 3726 3776 per

2165 3797 2372 3854 totum
2403 3789 2833 3855 Processionis
2859 3792 2977 3855 iter
3033 3792 3376 3875 dispositos
3407 3792 3486 3855 de
3550 3812 3727 3856 more

2168 3888 2397 3955 adesse
2419 3932 2442 3962 ,
2470 3889 2897 3971 eamdemque
2928 3890 3229 3973 subsequi
3288 3900 3355 3954 et
3410 3890 3724 3956 custodire

2168 3985 2485 4071 iubemus.

2292 4091 2691 4169 Quapropter
2716 4085 3018 4151 omnibus
3048 4083 3126 4149 ad
3159 4107 3322 4169 quos
3349 4092 3626 4170 spectat,
3656 4091 3724 4149 et

2168 4182 2248 4247 ad
2279 4203 2441 4265 quos
2468 4185 2532 4245 in
2561 4203 2706 4247 casu
2736 4203 2849 4265 pro
2880 4190 3163 4267 tempore
3193 4185 3527 4267 spectabit,
3557 4205 3727 4249 com·

2167 4278 2477 4343 mittimus
2505 4288 2571 4344 et
2600 4281 3002 4353 mandamus,
3034 4291 3103 4345 ut
3157 4303 3593 4364 quaecumque
3643 4280 3721 4346 ad

2166 4375 2359 4438 divini
2388 4374 2604 4439 Cultus
2636 4385 2700 4441 et
2748 4377 3099 4462 Religionis
3151 4378 3601 4444 incrementum
3658 4398 3730 4444 ac

2170 4473 2364 4537 decus
2396 4473 2511 4538 bac
2542 4484 2754 4538 nostra
2784 4476 3248 4543 constitutione
3280 4479 3608 4564 statuimus
3664 4485 3733 4541 et

2169 4570 2637 4644 ordinavimus,
2669 4572 2897 4657 singuli
2931 4593 3045 4656 pro
3076 4575 3243 4638 virili
3285 4585 3463 4658 parte
3518 4594 3728 4656 respe-

2169 4666 2335 4731 ctive
2364 4667 2706 4750 impleant,
2736 4681 2803 4734 et
2849 4672 2926 4736 ab
2984 4670 3129 4739 aliis
3178 4672 3430 4756 impleri
3490 4680 3728 4739 curent.

2169 4764 2541 4846 specialiter
2599 4774 2807 4832 autem
2865 4770 3347 4836 venerabilibus
3414 4771 3732 4838 Fratribus

2167 4862 2413 4927 Nostris
2444 4870 2503 4927 S.
2535 4872 2606 4927 R.
2643 4872 2712 4927 Ε.
2746 4867 3182 4933 cardinalibus
3205 4913 3226 4943 ,
3275 4869 3480 4951 iisque
3539 4868 3734 4951 potis·

2170 4960 2401 5023 simum
2426 5003 2448 5033 ‚
2481 4962 2589 5042 qui
2622 4983 2736 5045 pro
2760 4970 3045 5048 tempore
3078 4967 3139 5029 in
3171 4967 3452 5048 quolibet
3494 4967 3731 5033 Ordine

2166 5058 2419 5122 Priores
2447 5059 2764 5135 existent,
2795 5082 2917 5126 una
2949 5083 3090 5128 cum
3121 5065 3407 5148 ejusdem
3442 5074 3501 5131 S.
3552 5074 3624 5130 tt.
3657 5072 3726 5129 E.
3826 5091 3843 5116 e

2172 5155 2483 5221 Cardiaali
2515 5160 2870 5228 camerario
2899 5160 3331 5244 injungimus,
3379 5170 3446 5226 ut
3503 5181 3730 5245 oppor-

2171 5259 2323 5315 tuna
2355 5252 2645 5318 mandata
2677 5261 2867 5337 atque
2894 5269 3226 5342 praerepta
3256 5279 3371 5342 pro
3429 5259 3730 5342 praemis-

2169 5368 2383 5412 sorum
2415 5352 2691 5414 omnium
2724 5355 3097 5419 executione
3140 5357 3490 5437 expediant.
3549 5363 3731 5420 Item·

2171 5465 2296 5528 que
2321 5445 2612 5529 ejusdem
2638 5453 2700 5513 S.
2736 5456 2807 5512 R.
2837 5456 2908 5513 E.
2939 5451 3376 5523 Cardinalibus
3409 5474 3524 5538 pro
3571 5463 3727 5520 tem·
