4442 6300
942 528 1012 576 to
1913 523 2112 576 ACTA
2182 516 2841 577 ‹thoNtzA'rtottts

747 679 1231 751 porte-itumque
1261 675 1554 750 portento
1588 669 1873 731 additum
1904 714 1925 743 ‚
1954 669 2182 750 quippe
2210 656 2321 732 ⁸ex-

2437 668 2929 749 Capueeinnrum
2954 667 3279 750 professus
3306 690 3418 749 per
3435 669 3610 733 Beati
3636 670 3899 753 effigiem
3918 689 4016 734 ea·

749 766 892 827 iude
920 765 1155 829 reversi
1188 764 1581 834 stationarii,
1609 766 1717 845 qui
1752 765 1829 828 ad
1863 785 1983 828 non
2014 765 2321 845 proteum-i
2441 766 2551 846 piti
2570 770 2582 825 ’.
2599 775 2966 829 reverenter
2999 766 3361 846 impositam
3387 767 3710 850 extemplo
3736 767 4015 831 evaserit

753 861 1093 942 superioris
1120 861 1381 943 periculi
1413 861 1847 925 certitudinem
1878 861 2126 943 longius
2147 860 2325 922 diffs-

750 969 993 1045 gerant,
1022 958 1119 1024 vel
1151 958 1487 1023 altioribus
1512 959 1723 1023 caveis
1755 978 1897 1022 sese
1920 960 2323 1031 abdiderant,

752 1058 1059 1139 parietum
1090 1058 1306 1120 trabes
1336 1057 1632 1120 invenere
1666 1058 1745 1119 ab
1793 1056 2074 1120 interiori
2122 1055 2321 1118 muni·

755 1156 945 1220 tionis
983 1166 1158 1238 parte
1189 1155 1389 1219 adbuc
1419 1154 1705 1218 incensos
1737 1154 2148 1236 proximeque
2178 1154 2325 1216 insi·

755 1262 991 1318 stentes
1034 1255 1267 1316 nitrato
1311 1251 1521 1316 eidem
1573 1251 1816 1332 pulveri
1865 1271 1987 1314 non
2040 1252 2185 1314 ideo
2241 1261 2328 1312 ta·

756 1371 897 1415 men
942 1352 1261 1414 flammam
1310 1348 1729 1430 concipientiz
1776 1358 2067 1431 tantoque
2116 1349 2327 1430 prodi-

758 1450 863 1533 gio
891 1450 1062 1531 prius
1092 1447 1378 1517 attoniti,
1421 1437 1645 1511 deinde
1695 1447 1997 1511 certiores
2042 1444 2185 1509 facti
2241 1446 2322 1509 de

754 1547 1066 1628 praesenti
1090 1534 1160 1607 B.
1196 1544 1422 1607 Fidelis
1467 1564 1585 1624 ope
1609 1588 1629 1613 ,
1663 1564 1883 1606 eorum
1913 1543 2107 1623 aliqui
2144 1542 2328 1624 ipsis·

758 1644 919 1708 simo
949 1642 1208 1724 pulvere
1238 1643 1337 1705 usi
1372 1651 1511 1705 sunt
1539 1642 1617 1704 ad
1649 1641 2039 1706 suffocandas
2068 1655 2320 1723 prunas,

761 1743 1110 1823 eademque
1141 1740 1402 1810 fiducia,
1434 1761 1555 1821 qua
1604 1739 2048 1821 extinguendis
2097 1758 2325 1819 aquam

758 1838 1225 1903 adhibuissent.
1273 1838 1431 1910 Quid
1481 1857 1629 1901 vero
1675 1838 1754 1900 de
1798 1837 2067 1900 Caecilia
2120 1837 2325 1899 dicam

758 1935 1200 2019 Musingerinia
1229 1936 1473 2019 virgine
1523 1937 1583 1996 in
1638 1936 2043 1999 Gisterciensi
2093 1935 2329 1997 Ordine

760 2041 889 2098 Deo
914 2035 1163 2104 devota,
1193 2053 1354 2116 quae
1387 2054 1465 2095 ex
1497 2032 1849 2096 vehementi
1876 2032 2175 2095 dexterae
2201 2052 2332 2094 ma·

765 2132 976 2195 millae
1020 2131 1512 2194 inflammatione
1540 2132 1613 2193 ad
1668 2129 2135 2211 quatuordecim
2191 2129 2328 2191 dies

684 2228 692 2236 ’
759 2239 1101 2312 noctesque
1122 2230 1515 2292 continenter
1543 2228 1939 2297 discruciata,
1971 2224 2333 2311 supcrposi-

760 2339 823 2394 ta
862 2329 1117 2392 demum
1166 2327 1471 2411 particula
1523 2327 1763 2399 vestis,
1807 2344 1927 2408 qua
1976 2332 2038 2388 B.
2097 2324 2331 2388 Fidelis

762 2426 1206 2510 operiebatur,
1248 2427 1324 2489 de
1372 2433 1629 2506 repente
1656 2423 1974 2489 convaluit
2007 2445 2042 2486 a
2073 2431 2326 2504 patente
2432 2474 2435 2479 .

754 2525 887 2607 jam
936 2543 1199 2588 cancere
1248 2523 1607 2587 bominibus
1652 2520 2155 2584 immedicabili?
2206 2527 2332 2583 Aut

668 2703 679 2712 ⁶
764 2623 911 2705 quid
944 2621 1294 2686 mirabilius
1324 2641 1535 2702 quam,
1566 2621 1735 2701 quod
1768 2617 2075 2682 infantulo
2106 2616 2331 2681 accidit

767 2721 1090 2783 Francisce
1122 2716 1522 2799 Papussinio‚
1554 2717 1652 2779 cui
1686 2736 1808 2780 uno
1856 2715 2181 2780 oculorum
2239 2715 2331 2775 in-

765 2818 912 2880 flato
961 2816 1276 2898 primum,
1327 2834 1399 2877 ac
1444 2813 1676 2877 deinde
1723 2814 2004 2893 disrupta
2054 2810 2330 2894 pupilla,

769 2918 991 2978 beatus
1031 2912 1265 2978 Fidelis
1311 2912 1521 2977 statim
1572 2932 1644 2975 ac
1675 2910 1796 2974 fuit
1826 2910 2159 2994 genitricis
2186 2919 2335 2971 voto

764 3022 1085 3085 exoratus,
1108 3011 1424 3094 integrum
1450 3018 1510 3073 et
1539 3009 1755 3073 lumen
1782 3009 2059 3072 restituit
2080 3015 2143 3071 et
2166 3004 2331 3069 ocel-

767 3111 943 3186 lum,
993 3132 1123 3193 quo
1172 3118 1435 3174 matrem
1490 3107 1598 3172 ille
1652 3109 1901 3171 intuens
1949 3105 2078 3171 acri
2121 3104 2346 3187 limpi-.

767 3208 1152 3289 dissimoque
1182 3208 1404 3270 obtutu
1452 3206 1697 3289 insigne
1724 3203 1931 3267 eidem
1972 3203 2335 3266 ostentabat

768 3307 1137 3388 ostentum?
1189 3311 1423 3386 Gaspar
1469 3322 1731 3385 quoque-
1773 3300 2120 3382 Stigberius
2162 3299 2338 3380 quin·

768 3403 1062 3487 quennali
1092 3422 1308 3464 renum
1340 3399 1557 3463 dolore
1587 3418 1818 3461 curvus
1857 3405 1924 3459 et
1973 3396 2158 3477 plane
2210 3405 2336 3458 tor·

768 3521 960 3584 pens,
991 3519 1190 3566 annon
1222 3520 1291 3562 se
1321 3499 1522 3562 erexit
1552 3498 1784 3559 iterum
1805 3536 1826 3566 ,
1856 3514 1929 3557 ac
1958 3494 2222 3573 pristino
2252 3493 2340 3554 vi·

767 3601 901 3689 geri
933 3599 1214 3662 redditus
1242 3602 1378 3668 est,
1407 3598 1662 3658 admoto
1690 3593 1793 3656 vix
1836 3592 2093 3655 renibus
2142 3611 2293 3655 ense
2315 3633 2335 3662 ,

769 3721 898 3780 quo
931 3704 995 3760 B.
1030 3696 1259 3760 Fidelis
1280 3694 1483 3757 fuerat
1512 3691 1901 3754 vulneratus?
1931 3697 2011 3753 At
2041 3691 2192 3771 quid
2217 3709 2337 3770 ego

771 3798 947 3879 plura
980 3814 1461 3860 commemorem
1497 3789 1834 3862 mirabilia,
1864 3810 2006 3852 cum
2039 3788 2136 3851 vel
2164 3788 2336 3851 hisce

770 3893 928 3958 solis
953 3892 1298 3957 certissime
1327 3890 1597 3970 sibijam
1651 3895 1779 3948 tum
1832 3885 2155 3967 probatis,
2204 3885 2340 3964 ipse

771 3990 1207 4057 sanctissimus
1229 3986 1512 4051 Pontifex
1533 3985 1910 4049 Benedictus
1931 3983 2209 4046 Fidelem
2234 3984 2342 4043 de·

769 4090 1042 4157 creverit
1086 4088 1258 4152 Beati
1304 4086 1549 4147 nomine
1602 4082 2005 4147 invocandum
2036 4123 2056 4153 ,
2110 4082 2339 4145 cousti-

770 4198 1033 4269 tutoque
1063 4189 1125 4250 in
1168 4183 1441 4250 Ecclesia
1474 4181 1855 4267 Martyribus
1900 4178 2098 4244 officio
2129 4177 2336 4243 colea·

771 4287 966 4352 dum?
1002 4316 1026 4339 ι
1274 4287 1278 4291 ’

908 4415 931 4440 ·
966 4389 1183 4466 Neque
1213 4389 1354 4464 post
1385 4378 1697 4462 ejusmodi
1726 4374 1960 4440 cultum
1992 4380 2188 4438 Beato
2232 4373 2338 4436 ad·

770 4485 1042 4550 bibitum
1075 4502 1227 4546 nova
1256 4500 1340 4545 ex
1367 4476 1694 4558 implorata
1726 4476 1864 4558 ejus
1908 4493 2029 4556 ope
2074 4472 2340 4536 defuere

775 4581 1112 4654 miracula,
1145 4597 1346 4662 eaque
1375 4577 1652 4648 adduco,
1684 4593 1846 4656 quae
1877 4591 2042 4637 anno
2086 4572 2166 4634 ab
2219 4570 2341 4632 isto

776 4683 1054 4747 secundo
1083 4681 1332 4742 fuerunt
1381 4675 1803 4738 indubitanter
1845 4669 2171 4751 explorata
2202 4667 2342 4729 Tibi

775 4781 1046 4846 omnium
1079 4778 1192 4841 bac
1222 4776 1302 4839 de
1332 4795 1398 4838 re
1432 4783 1671 4837 nomm.
1723 4776 1894 4833 Pont.
1927 4768 2034 4849 qui
2067 4774 2341 4829 anteste-

774 4877 969 4940 terint
1012 4874 1285 4936 maximo
1328 4867 1930 4946 eruditissimoque,
1964 4871 2044 4927 ,υἱ
2091 4862 2202 4924 illa
2256 4871 2343 4925 te·

776 4982 1018 5037 utantur
1048 4981 1149 5033 tua
1181 4988 1327 5032 vere
1360 4986 1546 5031 aurea
1576 4962 1875 5044 omnique
1919 4960 2201 5028 doctrina
2252 4980 2345 5024 re-

774 5055 936 5136 ferta
962 5076 1232 5153 quatuor
1258 5063 1576 5130 volumina
1601 5062 1732 5144 jam
1766 5060 1915 5124 olim
1942 5058 2002 5120 in
2028 5057 2343 5141 publicam

777 5169 984 5233 lucem
1018 5169 1246 5231 emissa
1267 5208 1287 5237 ,
1319 5185 1389 5227 ac
1420 5163 1608 5225 modu
1641 5160 1867 5224 Patavii
1918 5177 2131 5220 recusa
2183 5177 2348 5220 sum·

2438 864 2520 924 ab
2551 861 3062 942 inveteratotere
3093 883 3207 943 per
3235 864 3605 927 decennium
3641 865 3862 927 morbo
3906 884 4012 928 co·

2441 958 2663 1022 mitiali
2712 967 2775 1023 et
2825 960 3111 1025 sontico.
3163 980 3288 1041 quo
3331 959 3581 1041 saepius
3627 961 4009 1032 vexabatur,

2438 1057 2883 1140 redintegratis
2927 1055 3404 1120 absolutissime
3463 1057 3785 1122 destitutis
3833 1066 4014 1123 antea

2435 1154 2714 1226 viribus,
2736 1154 2951 1234 iisque
2979 1152 3246 1215 ulterius
3285 1173 3410 1215 ann
3441 1153 3772 1235 quassatis
3796 1200 3812 1215 .
3846 1152 4014 1218 Alte·

2435 1271 2573 1314 rum
2593 1270 2744 1313 vero
2766 1248 2935 1330 qnod
2962 1249 3193 1331 loseph
3215 1250 3541 1313 Kirnerius
3562 1271 3716 1333 puer
3737 1259 4010 1331 quatuor

2441 1359 2624 1412 natus
2654 1368 2850 1411 annos
2871 1368 3009 1409 cum
3036 1347 3305 1429 genibus
3337 1349 3726 1431 pedibusque
3745 1347 3908 1412 foret
3927 1348 4020 1410 in-

2437 1447 2828 1511 firmioribus
2854 1446 3237 1514 constitutus
3282 1450 3467 1529 quain
3516 1455 3581 1508 ut
3612 1448 3887 1530 regendo
3918 1466 4017 1509 re-

2440 1543 2614 1627 liquo
2642 1542 2900 1627 corpori
2921 1565 3032 1625 par
3060 1565 3202 1609 esse
3230 1556 3469 1626 posset,
3501 1552 3685 1627 atque
3717 1544 3864 1608 idea
3893 1546 4011 1605 mt-

2439 1663 2554 1706 nus
2580 1644 2955 1706 consisteret
2984 1686 3003 1713 ,
3049 1644 3160 1705 sed
3192 1642 3549 1715 acclinaret-
3575 1643 3958 1723 caderetque
3985 1686 4005 1719 ,

2441 1760 2555 1804 nee
2586 1742 2703 1804 nisi
2735 1739 3074 1810 subnixus,
3118 1759 3302 1823 aegre
3337 1741 3398 1802 id
3432 1741 3728 1821 quidem,
3762 1741 4011 1804 incede·

2440 1846 2568 1911 τοῖς
2599 1837 2823 1902 ductus
2850 1859 2885 1901 a
2917 1846 3111 1900 matre
3139 1838 3215 1900 ad
3239 1820 3581 1902 Ecclesiam
3604 1846 3667 1900 et
3689 1844 3833 1901 ante
3865 1838 4016 1899 ima-

2441 1934 2651 2018 ginem
2682 1935 3027 1999 collocatus
3053 1941 3123 1997 B.
3158 1935 3420 2007 Fidelis,
3471 1936 3628 1997 inibi
3671 1937 3904 1999 statim·
3932 1936 4036 2000 ita¹

2443 2028 2638 2116 viguit
2665 2033 2895 2115 plantis
2917 2077 2937 2105 ,
2968 2043 3038 2094 ut.
3068 2033 3294 2114 lignea,
3329 2034 3559 2116 quibus
3590 2039 3771 2097 antea
3800 2044 4009 2098 utere·

2443 2137 2575 2200 tur,
2606 2130 3069 2202 substentacula
3101 2129 3437 2201 dimiserit,
3469 2129 3787 2211 pedesque
3817 2131 4020 2193 redie-

2447 2227 2527 2290 rit
2556 2227 2813 2291 domum
2847 2249 2918 2292 ac
2949 2248 3201 2310 semper
3227 2229 3455 2291 exinde
3485 2227 3703 2291 firmus
3748 2227 4018 2291 incesse·

2445 2328 2564 2391 rit.
2605 2356 2627 2380 .

2582 2452 2605 2477 .
2653 2428 2821 2496 Quae
2854 2421 3040 2503 igitur
3066 2422 3391 2485 commoda
3424 2443 3460 2485 a
3489 2427 3555 2484 B.
3590 2420 3822 2493 Fideli,
3855 2440 4019 2502 quas

2445 2529 2802 2584 ornamenta
2833 2539 2951 2582 non
2983 2521 3332 2600 profluxere
3356 2522 3417 2581 in
3443 2518 3784 2584 Ecclesiam
3809 2519 4019 2586 catho-

2446 2615 2668 2689 licam,
2698 2616 2795 2678 cui
2829 2623 3155 2697 tantopere
3185 2617 3495 2697 praeluxit
3523 2616 3796 2680 heroicis
3830 2615 4021 2678 virtu·

2447 2715 2615 2778 tibus
2657 2716 2805 2777 dum
2861 2714 3049 2790 vixit,
3107 2734 3292 2778 verae
3322 2713 3703 2777 tortitudinis
3732 2712 4024 2796 exemplo

2444 2814 2593 2876 dum
2650 2821 2885 2898 martyr
2940 2813 3272 2884 occubuit;
3320 2812 3665 2896 insignibus
3711 2812 4022 2895 prodigiis

2444 2918 2775 2993 postquam
2807 2910 2871 2972 in
2905 2912 3091 2974 Caelo
3120 2910 3237 2975 fuit
3268 2910 3530 2974 emerita
3555 2910 3794 2990 gloriae
3818 2910 4021 2991 palma

2443 3029 2480 3073 a
2509 3015 2635 3073 Deo
2663 3017 3021 3081 coronatus;
3050 3018 3117 3073 ut
3139 3009 3407 3073 habeant
3439 3010 3856 3090 undequaque
3883 3029 4018 3071 om-

2447 3127 2558 3172 nes
2588 3128 2750 3190 quae
2775 3106 3163 3171 demirentur
3188 3151 3208 3180 ,
3231 3116 3426 3190 atque
3457 3105 3691 3169 imitari
3724 3113 4023 3188 satagant,

2446 3226 2738 3288 quaeque
2763 3227 2874 3287 per
2900 3207 3037 3289 ejus
3069 3204 3582 3270 intercessionem
3619 3205 3782 3269 houa
3818 3223 4025 3287 speru-

2451 3325 2516 3367 re
2540 3349 2559 3378 ,
2589 3312 2653 3367 et
2683 3305 2983 3384 consequi
3014 3305 3309 3386 possint?
3354 3332 3378 3358 ι·

2581 3432 2605 3456 ·
2653 3409 2819 3466 Haec
2851 3403 3086 3484 itaque,
3109 3405 3569 3464 BEATtSStME
3602 3405 3879 3470 PATER,
3913 3419 4027 3481 per

2449 3521 2547 3563 me
2577 3521 2778 3580 usque
2811 3500 2971 3562 adeo
3000 3498 3271 3562 delibata
3295 3539 3319 3570 ‚
3346 3497 3537 3569 baec,
3567 3497 3848 3576 inquam,
3882 3506 4027 3562 sunt

2448 3597 2704 3680 gloriosi
2737 3597 3027 3681 martyris
3056 3595 3386 3678 praeconia
3407 3638 3427 3665 ,
3458 3614 3623 3675 quae
3653 3592 4028 3657 universum

2450 3695 2668 3756 orbem
2700 3702 3030 3775 pervagata
3052 3738 3072 3766 ,
3118 3699 3532 3773 Imperatores
3557 3735 3576 3761 ,
3626 3698 3820 3773 Reges
3841 3732 3863 3760 ,
3916 3696 4027 3755 Poe

2450 3789 2669 3869 pulos,
2700 3789 3059 3871 complures
3088 3790 3392 3852 etiam-ex
3424 3786 3934 3852 interfectoribus
3961 3787 4024 3849 in

2449 3888 2622 3951 illius
2655 3888 3157 3959 venerationem,
3190 3886 3518 3965 impuiere.
3552 3885 3731 3955 Hinc,
3755 3889 3825 3945 ut
3852 3903 4028 3949 mere

2451 3987 2755 4067 majorum
2780 4029 2799 4054 ,
2848 3990 3214 4049 Sanctorum
3270 4003 3416 4045 eum
3463 3980 3645 4045 fastis
3703 3982 4027 4045 adscribas

2450 4083 2677 4145 merito
2704 4082 2980 4161 postulat
3012 4087 3198 4144 Sacra
3233 4079 3674 4160 propagandae
3707 4078 3869 4140 Fidei
3919 4079 4026 4140 ad·

2450 4180 2714 4264 vigilans
2743 4176 3204 4259 congregatim·
3224 4196 3384 4256 quae
3416 4195 3596 4238 suum
3630 4175 3691 4235 iu
3731 4181 3795 4236 Β.
3833 4174 4030 4237 Fideli

2450 4277 2767 4358 praedicat
2794 4274 3060 4356 primum
3095 4279 3473 4358 Martyremz
3528 4272 3799 4352 idipsum
3850 4278 4030 4353 rogat

2453 4374 2734 4437 universa
2768 4371 3249 4454 capuccinorum
3283 4369 3578 4433 Familia:
3617 4369 3786 4431 tdem
3833 4367 4029 4452 incly-

2449 4481 2512 4534 ta
2556 4471 2840 4557 Martyris
2886 4470 3096 4543 natio,
3148 4488 3414 4550 quorum
3470 4466 3747 4531 omnium
3793 4465 4028 4529 studio·

2452 4569 2698 4633 sissima
2729 4577 2869 4632 vota
2903 4568 3050 4630 mibi
3082 4566 3419 4629 commissa
3451 4570 3593 4627 sunt
3624 4562 3762 4624 Tibi
3795 4560 4028 4623 humil·

2452 4664 2603 4730 lime
2648 4673 2715 4728 ut
2746 4666 3051 4738 offeram3
3082 4683 3220 4727 cum
3242 4704 3262 4733 ,
3287 4659 3687 4743 amplificato
3729 4656 4027 4721 honorifi-

2452 4766 2694 4830 centius
2724 4762 2892 4827 Beati
2924 4762 3124 4844 ipsius
3154 4760 3328 4822 cultu
3358 4757 3421 4819 iu
3457 4757 3668 4827 terris,
3702 4755 3905 4838 major
3935 4753 4026 4817 fu·

2459 4871 2589 4927 tura
2619 4864 2702 4927 sit
2729 4860 3055 4925 invocandi
3086 4856 3359 4931 occasio,
3379 4854 3760 4938 petendique
3794 4852 4026 4933 praesiae

2457 4962 2545 5025 dii
2576 4960 2823 5024 fiducia.
2862 4963 3062 5038 Atque
3083 5000 3104 5028 ,
3135 4977 3171 5018 ο
3203 4954 3437 5016 utinam
3485 4959 3611 5014 tam
3661 4951 4026 5013 benemere-

2459 5058 2508 5120 ri
2535 5056 2824 5122 catholici
2853 5073 3072 5117 omnes
3103 5050 3528 5120 valeamus,ut
3561 5046 3897 5129 praecipuo
3918 5045 4058 5107 hu·‘

2449 5155 2555 5238 jus
2600 5153 2887 5237 mirtyris
2917 5147 3264 5231 patrocinio
3309 5146 3545 5209 bellum
3601 5145 4026 5226 deprecante,

778 5289 880 5332 mo
909 5266 1275 5332 christianae
1306 5260 1732 5325 etlitterariae
1763 5256 2150 5338 reipublicae
2184 5256 2347 5316 bono
2453 5250 2740 5316 adveniat
2773 5248 3018 5311 tandem
3052 5244 3394 5309 laetissima
3427 5263 3571 5323 pax,
3603 5263 3727 5323 qua
3750 5283 3773 5312 ‚
3807 5240 4030 5304 sedatu

777 5374 967 5448 atque
1012 5365 1268 5447 plausu:
1321 5359 1600 5423 Alterum
1652 5376 1878 5438 nempe
1924 5355 2092 5436 quod
2146 5359 2350 5414 Frater
2456 5366 2772 5410 arruorum
2793 5342 3068 5408 tumultu
3091 5343 3246 5405 bane
3267 5341 3463 5423 ipsam
3488 5346 4027 5419 Europamtotam,

783 5464 1098 5542 Candidus
1142 5464 1218 5526 de
1275 5456 1627 5526 Mediolano
1686 5453 1988 5521 Sacerdos
2051 5450 2344 5515 Ordinem
2461 5455 2647 5526 quam
2682 5443 2797 5508 ille
2831 5441 3219 5526 peragravit,
3271 5439 3572 5502 miserere
3620 5453 3822 5517 usqne
3870 5435 4029 5498 adeo
