4442 6300
1567 498 1913 583 quinon
1983 514 2452 570 sanctonum
2494 516 2661 570 rte.
3479 512 3547 562 n

492 668 875 743 mansimus
899 719 919 756 ,
982 661 1691 767 congregationibus
1763 665 2109 736 interesse
2182 687 2337 735 non
2366 688 2372 693 ·
2397 661 3020 765 praetermisimus
3053 713 3078 753 ,
3131 682 3216 739 ac
3285 659 3722 732 sententiam

494 794 840 874 nostram,
874 779 1421 884 qualiscumque
1461 779 1712 871 fuerit,
1748 779 1979 855 libere
2027 778 2396 882 proferre.
2433 775 2664 852 Paulo
2702 794 2870 881 post
2902 775 2991 851 ad
3038 774 3427 879 regendam
3464 776 3715 848 Anco-

490 903 807 975 nitanam
848 899 1239 974 Ecclesiam
1269 954 1289 990 ,
1325 924 1407 973 ac
1441 896 1707 972 deinde
1746 900 2279 976 Bononiensem
2318 892 2581 970 delecti
2622 894 2892 968 fuimus
2915 950 2936 984 ,
2989 896 3066 967 in
3102 893 3369 997 quibus
3405 891 3717 966 admini-

486 1017 795 1092 strandis
844 1015 1231 1091 duodecim
1268 1041 1495 1089 annos
1555 1017 2084 1118 insumpsimus:
2115 1013 2305 1086 Tum
2340 1070 2362 1103 ,
2399 1010 2572 1086 licet
2601 1009 2984 1086 Pastoralis
3039 1013 3250 1085 officii
3299 1004 3716 1083 sollicitudo

485 1135 631 1209 Nos
670 1133 1062 1238 plurimum
1101 1142 1497 1237 occupatos
1539 1135 1861 1206 tenuerit
1891 1186 1911 1222 ,
1960 1147 2202 1205 tamen
2243 1132 2599 1204 rationem
2637 1132 2986 1233 temporis
3020 1132 3118 1203 ita
3174 1128 3555 1202 habuimus
3580 1179 3600 1215 ‚
3638 1140 3717 1203 et

487 1269 892 1325 nocturnae
927 1253 1257 1355 corporis
1308 1251 1535 1352 quieti
1573 1248 1843 1351 aliquas
1895 1247 2109 1323 horas
2152 1251 2250 1323 ita
2286 1249 2770 1323 subtraximus
2797 1301 2817 1337 ,
2874 1265 2960 1320 ut
2997 1247 3222 1321 Nobis
3278 1245 3714 1347 contigerit,

487 1384 786 1471 praeter
824 1347 1033 1470 plura
1066 1423 1086 1458 ,
1120 1393 1309 1469 quae
1345 1369 1423 1439 in
1477 1366 1715 1441 lucem
1754 1367 2112 1440 emisimus
2142 1421 2162 1457 ,
2196 1363 2409 1440 simul
2456 1367 2671 1439 etiam
2703 1362 3045 1467 colligere
3075 1418 3097 1455 ‚
3135 1362 3523 1467 disponere
3554 1416 3575 1453 ,
3627 1386 3710 1434 ac

483 1484 738 1559 sedulo
771 1483 1235 1588 perpendere
1274 1509 1463 1587 pene
1501 1485 1914 1557 innumeras
1950 1481 2457 1558 adnotationes
2485 1538 2506 1574 ,
2551 1480 2729 1585 quas
2764 1480 2934 1556 olim
2973 1484 3454 1586 congessimus
3479 1535 3501 1571 ,
3538 1505 3710 1555 cum

484 1601 685 1676 Fidei
722 1605 1234 1676 Promotorem
1272 1626 1693 1704 ageremus:
1731 1599 2045 1703 Insuper
2094 1599 2308 1705 plura
2347 1598 2884 1704 superaddere,
2934 1626 3125 1702 quae
3159 1597 3250 1674 ad
3287 1595 3711 1702 explicanda

480 1718 830 1793 Miracula
867 1719 1210 1793 conferre
1248 1722 1546 1793 maxime
1586 1735 1890 1823 possunt
1916 1772 1938 1809 ‚
1984 1721 2103 1792 cui
2164 1720 2271 1792 rei
2324 1716 2687 1822 gerendae
2748 1743 2831 1793 ac
2891 1716 3380 1823 perficiendae
3448 1740 3708 1819 magno

476 1832 905 1937 adjumento
929 1837 1152 1911 Nobis
1187 1833 1330 1911 fuit
1361 1839 1571 1940 copia
1613 1834 1974 1911 librorum
2028 1852 2183 1908 tum
2243 1839 2712 1937 antiquorum
2752 1851 2906 1912 tum
2943 1837 3350 1908 recentium
3381 1888 3401 1922 ,
3438 1834 3567 1932 qui
3619 1830 3714 1907 ad

461 1954 853 2057 -Physicam
918 1980 1000 2028 ac
1051 1954 1485 2029 Medicinam
1553 1953 2025 2059 pertinebant
2055 1980 2074 2042 ;
2130 1970 2289 2025 tum
2353 1955 2771 2057 praesertim
2834 1949 3124 2029 consilia
3179 1952 3712 2056 praestantium

473 2073 925 2162 Doctorum,
957 2097 1143 2174 quos
1176 2075 1552 2146 Bononiae
1588 2069 2231 2175 deprehendimus.
2267 2070 2760 2162 Quamobrem
2799 2067 2893 2144 de
2932 2060 3483 2145 Beatificatioue
3531 2067 3712 2142 Ser·-

473 2200 734 2263 vorum
762 2190 936 2278 Dei,
968 2212 1050 2260 ac
1085 2190 1483 2263 Beatorum
1516 2186 2079 2263 canonizatione
2115 2204 2439 2291 quatuor
2478 2186 2860 2262 Volumina
2903 2190 3475 2292 composuimus,
3508 2202 3704 2289 quac

472 2306 547 2377 in
582 2302 822 2379 lucem
859 2305 1052 2380 edita
1106 2305 1445 2380 fuerunt.

622 2424 1004 2497 Postremo
1041 2421 1132 2497 ad
1169 2422 1550 2497 Summum
1586 2421 2149 2512 Pontificatum,
2183 2420 2360 2498 licet
2395 2425 2908 2517 immerentes,
2944 2426 3232 2513 evecti,
3267 2430 3436 2498 cum
3493 2418 3703 2497 facil·

438 2536 723 2614 <limum
756 2541 847 2615 sit
882 2540 1196 2618 inventis
1232 2540 1569 2632 addere,
1610 2541 1821 2646 plura
1857 2541 2339 2617 additamenta
2373 2566 2534 2615 non
2566 2540 2770 2644 parvi
2812 2543 3158 2617 momenti
3193 2567 3276 2615 ac
3310 2542 3529 2644 pretii
3580 2538 3702 2614 fe-

466 2659 691 2731 cimus
726 2657 971 2732 iisdem
1007 2660 1604 2750 Commentariis,
1657 2685 1849 2762 quae
1887 2663 2107 2764 magis
2148 2674 2488 2732 accurate
2539 2660 2981 2762 copioseque
3035 2658 3272 2733 lucem
3329 2655 3697 2762 publicam

467 2773 792 2849 secundo
851 2774 1386 2878 adspexerant.
1449 2774 1565 2850 Ad
1626 2777 2244 2879 congregationes
2323 2777 2719 2851 Sacrorum
2787 2779 3140 2869 Rituum‚
3203 2801 3393 2879 quae
3448 2801 3698 2850 coram

470 2892 693 2967 Nobis
730 2891 1169 2996 frequenter
1220 2872 1510 2969 habitae
1549 2910 1759 2985 sunt,
1792 2900 2264 2971 convenimus
2289 2950 2310 2986 ,
2346 2897 2420 2968 in
2458 2895 2727 2997 quibus
2779 2922 2931 2969 non
2986 2833 3207 2969 modo
3253 2896 3701 2968 sententiam

462 3027 781 3084 nostram
818 3014 1314 3114 exposuimus,
1349 3010 1477 3086 sed
1519 3008 1673 3111 ejus
1708 3037 2010 3113 quoque
2052 3015 2414 3085 rationem
2441 3008 2673 3115 palam
2711 3011 3202 3089 indicavimus.
3241 3013 3330 3084 In
3372 3008 3698 3113 qualibet

470 3130 843 3233 proposita
879 3129 1106 3204 Causa
1142 3127 1718 3206 decrevimusea
1742 3183 1768 3219 ,
1803 3155 1993 3232 quae
2031 3133 2250 3233 magis
2301 3143 2726 3234 opportuna
2762 3127 3281 3232 judicavimus;
3318 3126 3451 3203 alia
3502 3154 3698 3231 quo-

463 3271 608 3345 que
665 3247 979 3319 Decreta
1017 3245 1627 3349 promulgavimus
1678 3244 1769 3319 ad
1821 3231 2107 3321 rectum
2144 3272 2441 3320 examen
2484 3245 2894 3347 hujusmodi
2945 3246 3366 3336 Causarum,
3402 3271 3696 3319 earum-

461 3386 608 3463 que
644 3361 1650 3444 solutionem‘instituendam.
1690 3362 2022 3438 Tandem
2056 3361 2334 3468 aliquos
2359 3354 2495 3438 Dei
2530 3357 2869 3440 Famulos
2900 3381 3253 3440 consueto
3287 3366 3465 3440 Ritu
3500 3366 3693 3438 inter

460 3480 718 3554 Beatos
752 3480 1404 3557 adnutum-avimus.

610 3599 713 3671 Ut
745 3624 927 3700 ergo
966 3596 1145 3674 nihil
1180 3598 1425 3673 deesse
1464 3598 1686 3673 Nobis
1720 3600 1792 3671 in
1833 3596 1968 3671 hac
2004 3624 2089 3672 re
2127 3593 2507 3673 videretur
2534 3653 2556 3686 ‚
2588 3596 2768 3672 illud
2799 3586 3093 3671 ntantum
3129 3614 3515 3702 supererat
3543 3652 3564 3688 ,
3599 3613 3690 3670 ut

458 3713 855 3788 Beatorum
894 3716 1528 3789 canonizationem
1569 3741 2098 3820 perageremus.
2137 3714 2245 3789 Ad
2286 3709 2505 3817 qu'am
2543 3713 2960 3792 obeundam
2999 3715 3194 3791 baud
3232 3718 3400 3790 satis
3436 3731 3694 3806 erant,

450 3856 639 3930 quae
678 3830 1031 3904 hactenus
1081 3830 1430 3920 diximus:
1470 3858 1715 3934 neque
1752 3835 1943 3910 enim
1982 3861 2020 3904 a
2055 3833 2284 3908 Nobis
2315 3849 2879 3908 commemorata
2914 3848 3087 3907 sunt
3120 3833 3222 3907 ob
3257 3830 3468 3907 aliam
3503 3858 3685 3907 cau-

450 3970 590 4020 sam
621 4002 643 4038 ,
681 3951 811 4021 nisi
843 3947 1334 4051 ut·quoddam
1379 3949 1765 4024 voluntatis
1818 3965 2113 4023 nostrae
2166 3947 2487 4023 studium
2523 3949 2615 4022 ad
2652 3946 3006 4052 ejusmodi
3042 3950 3685 4025 canonizationem

451 4065 973 4168 suscipiendam
1017 4066 1611 4160 ostenderemus,
1662 4066 1866 4170 quod
1922 4082 2159 4141 tamen
2224 4093 2480 4170 parum
2536 4083 2667 4140 aut
2728 4066 2909 4141 nihil
2970 4069 3276 4142 omnino
3332 4065 3682 4146 conferre

449 4207 596 4254 non
632 4183 1050 4285 ignoramus
1082 4241 1101 4271 ,
1156 4186 1283 4258 nisi
1341 4203 1587 4258 cetera
1630 4187 1886 4259 merita
1938 4210 2022 4258 ac
2062 4186 2451 4286 requisitae
2504 4182 2962 4274 conditiones
3022 4187 3301 4287 pariter
3358 4186 3683 4260 interce-

443 4295 639 4371 dant.
666 4302 1019 4392 ‘Attamen
1056 4307 1132 4373 in
1169 4327 1271 4374 eo
1297 4316 1449 4376 tota
1484 4328 1604 4374 res
1637 4304 1770 4375 sita
1807 4318 1949 4390 est,
1984 4302 2190 4404 quod
2231 4319 2393 4406 post
2428 4290 2850 4377 accuratum
2891 4301 3482 4406 diuturnumque
3509 4331 3681 4379 exa-

446 4443 606 4489 men
646 4413 981 4519 plurium
1009 4446 1370 4492 annorum
1404 4476 1423 4508 ,
1459 4418 1805 4520 judicium
1843 4421 2176 4521 quinque
2210 4421 2603 4493 Causarum
2643 4421 3226 4495 canonizationis
3261 4419 3678 4496 absolutum

442 4530 581 4632 jam
618 4533 850 4609 fuerit
886 4566 924 4609 a
962 4537 1547 4639 Congregatione
1579 4537 1974 4611 Sacrorum
2018 4540 2356 4612 Rituum.
2407 4537 2712 4614 Accedit
2741 4595 2760 4629 ,
2819 4537 3026 4642 quod
3089 4537 3413 4642 ejusdem
3478 4540 3682 4614 Cou-

440 4655 873 4754 gregationis
906 4653 1203 4727 consilio
1241 4653 1378 4754 jam
1434 4657 2076 4757 pronunciavimus
2127 4657 2526 4730 Decretum
2560 4715 2578 4744 ‚
2629 4679 2931 4759 nempe:
2994 4660 3210 4732 Posse
3273 4655 3678 4760 quamlibet

443 4794 527 4841 ex
563 4769 809 4845 iisdem
845 4772 1087 4845 causis
1121 4771 1213 4845 ad
1249 4762 1642 4847 solemnem
1672 4774 2313 4874 canonizationem
2354 4772 2637 4849 deduci.
2679 4775 3136 4879 Quamquam
3176 4774 3356 4850 illud
3392 4781 3675 4853 Decre-

445 4901 593 4961 tum
631 4887 987 4987 ejusmodi
1018 4893 1393 4992 negotium
1430 4894 1723 4964 minime
1760 4888 2084 4967 absolvat
2112 4946 2131 4982 ,
2169 4918 2414 4995 neque
2454 4895 2580 4995 ipsi
2622 4889 2838 4966 finem
2895 4895 3264 4998 imponat3
3318 4918 3412 4965 eo
3460 4892 3668 4994 quod

444 5004 1082 5081 praedecessorum
1116 5024 1534 5082 nostrorum
1572 5012 1876 5111 vestigiis
1911 5009 2401 5098 inhaerentes,
2428 5028 2820 5112 antequam
2847 5010 3301 5084 Sententiam
3331 5006 3659 5083 ultimam

444 5120 931 5223 proferamuS,
959 5122 1359 5227 intelligere
1397 5123 1730 5201 volumus
1756 5130 1829 5198 in
1865 5126 2006 5199 hoc
2040 5125 2347 5202 Secreto
2399 5127 2846 5202 Consistorio
2882 5125 3258 5202 consilium
3309 5143 3663 5214 vestrum,

447 5254 690 5314 utrum
728 5235 1359 5316 canonizationem
1395 5244 1534 5317 hoc
1574 5261 1907 5346 tempore
1944 5243 2398 5319 statuendam
2437 5243 2815 5344 judicetis;
2852 5268 2934 5317 ac
2969 5242 3237 5319 deinde
3269 5269 3659 5347 exposcere

446 5375 806 5432 rursum‘a
842 5359 1066 5434 Vobis
1098 5360 1470 5438 consilium
1505 5378 1583 5436 et
1618 5362 1711 5440 ab
1747 5364 2160 5468 Episcopis,
2199 5366 2325 5466 qui
2382 5362 2470 5438 ad
2527 5363 3050 5437 consistorium
3106 5361 3658 5466 semipublicum
