4442 6300
954 487 1025 539 60
1888 497 2095 556 ACTA
2134 501 2798 565 CARONtzATloms

772 633 854 697 tis
884 633 1209 717 alligarat,
1244 642 1306 702 in
1338 641 1401 704 id
1432 642 1713 706 incubuit
1757 663 1982 719 uuum,
2026 658 2090 711 ut
2134 650 2343 714 eidem

774 734 1082 813 placeret,
1115 759 1193 805 eo
1224 762 1372 805 sane
1406 754 1611 824 pacto.
1640 766 1767 827 quo
1799 745 1874 810 de
1907 767 2081 812 sacra
2113 754 2345 829 Sponsa

777 833 841 893 in
871 836 1143 901 canticis
1176 843 1589 922 praedicatur.
1621 844 1798 908 Illius
1827 846 1995 908 enim
2031 847 2228 910 instar
2243 868 2345 910 an-

776 932 923 1007 xia,
984 938 1292 1013 sollicita,
1340 943 1686 1026 irrequieta
1730 943 2108 1019 videbatur3
2153 965 2342 1026 quam

775 1053 900 1098 non
930 1038 1147 1118 quies,
1176 1060 1298 1105 non
1332 1044 1648 1115 remissio.
1681 1065 1802 1108 non
1833 1045 2184 1128 aequalium
2219 1055 2346 1110 stu·

773 1132 877 1196 dia
909 1135 1319 1205 delectarent.
1342 1165 1482 1205 cum
1515 1143 1662 1205 nibil
1687 1144 1751 1205 in
1779 1144 1906 1208 vita
1927 1145 2344 1227 expetendum

772 1237 1085 1313 putaverit
1106 1281 1127 1307 .
1159 1228 1283 1304 nis'i
1326 1242 1488 1320 quod
1520 1252 1688 1306 esset
1720 1265 1866 1306 cum
1896 1242 2175 1325 perfecta
2207 1243 2345 1305 cba-

769 1331 960 1395 ritate
1003 1335 1423 1420 conjunctum.
1456 1343 1877 1414 Quamobrem
1908 1343 1971 1404 id
2003 1362 2191 1405 unum
2229 1343 2344 1406 sibi

770 1437 906 1494 erat
946 1435 1196 1515 negocii
1224 1480 1244 1507 .
1282 1445 1351 1500 ut
1379 1439 1618 1503 orando
1648 1446 1708 1505 et
1741 1440 2226 1521 contemplando
2269 1440 2346 1504 nd

774 1533 1020 1602 Derim,
1066 1547 1252 1614 quem
1299 1535 1418 1598 sibi
1453 1542 1754 1615 Sponsum
1801 1537 2163 1619 delegerat,
2207 1560 2348 1620 pro·

768 1624 914 1704 pius
956 1629 1306 1696 accederet.
1355 1638 1683 1711 Propterea
1716 1634 2143 1700 Eucharistico
2182 1658 2347 1719 pane

771 1719 906 1786 fere
939 1728 1226 1806 quotidie
1268 1732 1685 1809 pascebatur,
1726 1733 1790 1795 in
1836 1756 1962 1815 quo
2003 1757 2187 1815 quem
2234 1759 2345 1801 sua

767 1822 973 1888 anima
1016 1825 1324 1908 ditigebat
1364 1829 1690 1895 inveniens
1732 1852 1945 1895 amore
1987 1832 2346 1915 languebat.

772 1919 866 1981 1111
898 1921 1066 1985 enim
1094 1925 1406 2009 myrrham
1430 1948 1572 1991 cum
1596 1930 2004 2002 aromatibus,
2030 1933 2116 1994 ibi
2138 1931 2345 1996 favum

776 2038 919 2082 eum
952 2020 1172 2095 melle,
1194 2022 1280 2086 ibi
1309 2024 1516 2087 vinum
1549 2048 1689 2091 cum
1712 2026 1876 2093 lacte
1905 2029 2127 2094 Christi
2156 2036 2348 2111 Spon-

774 2134 840 2176 sa
871 2119 1183 2188 sumebat,
1217 2126 1281 2183 et
1311 2120 1764 2188 inebriabatur.
1797 2125 1955 2190 Hinc
1983 2125 2347 2190 dulcissima

774 2214 1013 2278 amoris
1070 2216 1346 2298 deliquia
1373 2261 1394 2289 ,
1450 2218 1593 2285 binc
1651 2221 1969 2286 inauditae
2026 2230 2347 2297 ecstases,

777 2308 921 2371 binc
951 2323 1166 2391 raptus
1196 2314 1441 2379 mirifici
1466 2359 1487 2389 ‚
1531 2318 1762 2398 quibus
1791 2325 2096 2401 Sponsum
2128 2320 2348 2384 osculo

774 2407 901 2471 oris
953 2409 1048 2473 sui
1100 2411 1539 2476 osculabatur.
1592 2416 1969 2479 incredibile
2029 2416 2198 2479 dictu
2251 2426 2346 2481 est

777 2501 1013 2577 (1011016
1056 2508 1281 2572 ardore
1329 2509 1437 2572 illa
1482 2512 1815 2591 flagraret.
1862 2514 2104 2595 quantis
2145 2513 2349 2580 caele-

775 2600 960 2664 stium
985 2605 1350 2687 gaudiorum
1380 2606 1627 2671 deliciis
1647 2608 1754 2673 illa
1775 2609 2117 2681 frueretur.
2136 2611 2200 2671 in
2226 2631 2346 2691 qua

779 2700 937 2764 sicut
959 2705 1283 2782 passiones
1313 2705 1536 2769 Christi
1567 2709 1990 2781 abundabant,
2022 2709 2108 2772 ita
2136 2717 2206 2774 et
2234 2729 2350 2790 per

722 2830 727 2841 »
777 2797 1088 2862 Christum
1121 2804 1481 2868 abundabat
1509 2804 1881 2870 consolatio.

911 2926 934 2950 ο
973 2903 1049 2960 At
1090 2898 1167 2963 ad
1201 2901 1543 2984 singularia
1573 2903 1877 2982 quaedam
1908 2924 2113 2986 neque
2140 2905 2350 2970 bacte-

776 3010 892 3055 nus
926 2995 1135 3060 audita
1166 2999 1493 3063 veniamus
1517 3043 1536 3069 .
1570 3001 1801 3081 quibus
1827 2998 2114 3084 ejusdem
2150 3003 2348 3067 cbari-

777 3102 872 3155 tns
902 3093 1130 3156 mirum
1165 3094 1231 3157 in
1261 3097 1518 3162 modum
1553 3098 1926 3178 declaratur.
1951 3107 2087 3164 Jam
2118 3121 2346 3166 nonum

776 3198 835 3251 et
871 3191 1182 3256 decimum
1228 3197 1515 3277 attigerat
1546 3218 1773 3259 annum
1806 3198 2168 3265 felicissima
2212 3202 2353 3263 Vir·

780 3308 881 3368 go.
915 3310 1111 3354 (1111110
1142 3292 1200 3353 01
1234 3292 1517 3374 subjecta
1550 3293 1843 3359 sensibus
1871 3295 2034 3361 facta
2065 3306 2160 3360 est
2189 3296 2348 3359 visio

781 3387 1087 3451 mirabilia
1111 3389 1568 3468 praeseferens.
1596 3396 1751 3456 Nam
1775 3392 1898 3474 ipsi
1925 3393 2158 3466 Altare,
2177 3397 2346 3475 quod

784 3484 844 3542 in
874 3482 1052 3549 horto
1083 3487 1406 3551 Coenobili
1447 3495 1626 3561 erat,
1671 3489 1963 3554 Crucitixi
2009 3490 2346 3557 salvatoris

779 3579 984 3660 effigie
1014 3593 1327 3654 ornatum,
1359 3585 1655 3649 invisenti
1687 3595 1815 3651 tres
1845 3587 2079 3652 ibidem
2114 3593 2347 3654 Cruces

783 3680 1159 3757 spectandae
1202 3701 1344 3746 sese
1386 3682 1846 3758 exbibuerunt,
1890 3706 2230 3766 earumque
2285 3686 2348 3749 in

774 3775 993 3841 medio
1032 3776 1299 3859 ipsemet
1346 3784 1531 3843 Iesus
1561 3780 1778 3862 spinea
1808 3786 2044 3848 Corona
2092 3782 2351 3847 circum·

787 3874 1012 3942 datus,
1053 3874 1311 3937 undanti
1343 3877 1643 3962 sanguine
1689 3878 2018 3960 perfusus,
2058 3879 2352 3964 latusque

781 3971 1114 4036 transfixus
1144 3975 1363 4038 eadem
1397 3977 1653 4056 quidem
1690 3979 1904 4061 specie
1948 3980 2310 4046 tristissima
2332 4026 2350 4054 ,

784 4090 902 4149 qua
935 4071 1216 4152 trepidus
1247 4072 1562 4139 Calvariae
1589 4074 1766 4141 locus
1796 4076 2000 4157 ipsum
2042 4078 2350 4158 quondam

785 4176 1135 4247 aspexerat.
1171 4178 1327 4233 Tum
1362 4170 1472 4235 illa
1504 4173 1713 4237 acerbi
1745 4174 2083 4255 spectaculi
2128 4175 2351 4240 dolore

784 4265 1072 4343 perculsa
1105 4267 1435 4348 animoque
1465 4268 1765 4335 deficiens
1795 4270 2090 4334 semiviva
2133 4290 2358 4354 procu·

788 4361 948 4434 buit,
980 4370 1046 4425 ut
1077 4385 1236 4446 quae
1265 4366 1542 4450 Virginis
1567 4368 1787 4432 Matris
1816 4367 2104 4432 dolorem
2139 4387 2354 4433 sense·

788 4467 923 4532 rat,
954 4460 1271 4526 detectum
1305 4485 1557 4545 quoque
1584 4470 1927 4546 pateretur.
1972 4465 2091 4529 Sed
2137 4465 2187 4528 si
2230 4470 2356 4530 Ma-

787 4557 917 4621 riae
946 4558 1127 4622 Matri
1157 4567 1217 4622 et
1248 4560 1654 4642 magdalenae
1676 4562 2028 4631 condoluit,
2062 4582 2200 4625 cum
2231 4567 2358 4627 Ma-

787 4659 887 4718 tre
919 4662 980 4718 et
1009 4655 1377 4738 magdalena
1422 4657 1817 4739 congaudere
1849 4660 2073 4723 merita
2109 4668 2204 4722 est
2250 4660 2358 4724 die

786 4750 926 4832 ipso
956 4751 1221 4815 solemni
1265 4751 1558 4836 festoque
1588 4754 1937 4829 Pam-batis,
1980 4778 2105 4838 que
2151 4757 2209 4819 ei
2255 4777 2359 4838 ap-

794 4848 992 4931 paruit
1027 4857 1212 4914 Jesus
1242 4851 1439 4933 gloria
1469 4872 1802 4917 coruscans
1831 4853 2051 4918 eadem
2078 4896 2098 4925 ,
2127 4873 2249 4934 qua
2280 4873 2356 4916 ex

791 4947 1060 5012 mortuis
1103 4949 1493 5020 resurrexit,
1538 4969 1732 5029 seque
1777 4950 1978 5013 eidem
2022 4957 2089 5014 ut
2128 4949 2358 5014 Mariae

2460 652 2690 734 quippe
2723 675 2885 735 quae
2913 656 3214 740 quidquid
3244 662 3586 738 praestaret
3618 667 3793 725 extra
3823 682 3892 726 se
3936 660 4030 744 ip·

2459 769 2588 811 sam
2632 751 3026 830 rapiebatur,
3071 772 3188 815 nec
3234 754 3341 817 diu
3390 756 3734 821 consistere
3778 767 4030 839 poterat

2456 848 2682 911 eodem
2714 848 2853 914 loco
2882 850 3080 912 forma
3110 860 3173 913 et
3203 861 3484 934 aspectu,
3510 858 3580 917 ut
3608 854 3810 934 palam
3844 858 4015 919 vide-

2457 953 2629 1009 retur
2668 946 2925 1011 caelesti
2976 949 3210 1012 ardore
3259 959 3544 1033 correpta
3564 999 3577 1013 .
3629 959 3760 1017 Hoc
3812 962 4022 1019 autem

2458 1050 2584 1104 tum
2614 1045 2987 1124 praesertim
3025 1047 3402 1129 patefactum
3432 1059 3576 1123 est,
3621 1072 3764 1114 cum
3811 1053 3873 1112 in
3918 1054 4030 1115 tri·

2457 1141 2576 1204 bus
2604 1141 2733 1207 illis
2759 1144 3318 1225 supplicationibus
3342 1190 3360 1218 ,
3404 1168 3560 1229 quas
3589 1148 3665 1210 ad
3712 1150 4024 1232 expianda

2457 1236 2777 1303 hominum
2812 1251 3063 1322 peccata
3095 1263 3396 1325 peragere
3428 1252 3613 1310 Jesus
3642 1246 3736 1308 illi
3774 1269 4028 1329 praece·

2455 1347 2631 1416 perat
2650 1381 2670 1409 ‚
2714 1348 2805 1400 tot
2838 1347 3167 1422 tantosque
3198 1362 3380 1423 passa
3411 1352 3508 1406 est
3538 1344 3765 1409 mentis
3808 1366 4028 1410 exces-

2457 1453 2562 1496 sus
2585 1477 2606 1505 ,
2639 1442 2789 1514 quot
2819 1445 3212 1518 quantosque
3245 1437 3453 1502 dicere
3484 1446 3671 1520 atque
3703 1461 4028 1506 enumera·

2455 1552 2523 1594 re
2569 1553 2687 1597 non
2735 1536 2990 1613 possim.
3035 1535 3299 1599 Videres
3341 1543 3492 1598 Eam
3524 1543 3789 1600 Crucem
3841 1558 4042 1603 manu*

2456 1638 2802 1712 gestantem
2844 1633 2967 1697 huc
3019 1631 3173 1697 illuc
3216 1635 3393 1696 vultu
3448 1634 3755 1697 exultanti
3797 1657 4024 1718 vagan-

2459 1737 2585 1789 tem
2611 1771 2632 1801 ,
2662 1729 2847 1791 modo
2879 1741 3126 1793 euntem
3153 1773 3173 1799 ,
3207 1732 3395 1793 modo
3424 1733 3790 1794 redetmtem
3838 1736 3913 1796 ad
3947 1744 4026 1796 A·

2460 1844 2589 1886 ram
2619 1871 2638 1899 ,
2681 1827 2771 1889 rei
2802 1836 3093 1906 peractae
3137 1828 3570 1892 immemorem
3618 1850 3835 1895 rursus
3880 1850 4024 1895 ean-

2456 1922 2601 1985 dem
2635 1933 3137 2004 repetentem.ac
3165 1927 3371 1989 omnia
3396 1933 3560 1987 tanta
3596 1927 3851 2007 spiritus
3872 1928 4028 1992 alie·-

2458 2020 2712 2084 natione
2742 2031 3156 2101 praestantem
3181 2067 3200 2094 ‚
3232 2032 3298 2085 ut
3331 2024 3583 2087 omnino
3614 2025 4025 2108 obstupesce-

2457 2136 2580 2179 res.
2606 2125 2841 2181 Revera
2862 2140 3083 2182 omnes
3105 2141 3269 2201 quae
3297 2123 3584 2185 astabant
3603 2129 3865 2187 Sorores
3886 2144 4018 2187 rem

2459 2220 2694 2276 tantam
2734 2215 2999 2296 prodigii
3045 2216 3314 2278 similem
3358 2224 3653 2296 putarunt
3679 2262 3698 2289 ,
3756 2239 4020 2300 quarum

2457 2311 2659 2375 oculis
2688 2310 3193 2392 splendidissima
3227 2313 3334 2378 lux
3366 2315 3755 2379 offerebatur
3781 2316 4019 2381 circum

2459 2427 2527 2469 se
2554 2409 2811 2472 volvens
2838 2430 2909 2473 os
2932 2452 2952 2478 ,
2984 2419 3433 2492 aspectumque
3463 2411 3833 2476 Cathariuae
3865 2414 4031 2477 miri-

2454 2504 2569 2569 fica
2598 2505 2896 2571 varietate
2931 2507 3231 2571 colorum.
3273 2538 3295 2563 ·

2593 2634 2615 2659 ·
2641 2602 2877 2668 Sileaut
2897 2626 3049 2669 vero
3072 2607 3405 2672 domestici
3423 2612 3642 2679 testes.
3664 2629 3805 2673 cum
3829 2610 4026 2673 aliun-

2457 2700 2537 2764 de
2567 2702 2944 2767 tutissimam
2978 2704 3081 2775 iis,
3101 2724 3262 2785 quae
3293 2705 3373 2768 de
3403 2713 3572 2769 tanta
3604 2706 3906 2772 charitate
3937 2709 4027 2771 di·

2456 2800 2685 2874 ximus,
2716 2800 2904 2864 fidem
2932 2821 3149 2882 parare
3184 2805 3524 2883 possimus.
3547 2805 3728 2868 Enim
3747 2826 3904 2870 vero
3934 2814 4024 2871 te·

2456 2901 2572 2962 stis
2615 2898 3044 2980 amplissimus
3073 2900 3370 2964 Bavariae
3415 2902 3604 2965 Ducis
3633 2902 3868 2972 Filius,
3912 2904 4021 2985 qui

2457 2997 2654 3060 Patris
2681 2997 2858 3081 jussu
2890 2997 3090 3078 ipsam
3123 2996 3299 3067 adiit,
3326 2998 3525 3073 vidit,
3554 2989 3895 3065 admiratus
3927 3009 4028 3066 est

2457 3103 2746 3176 tanquam
2781 3095 3075 3160 divinitus
3107 3095 3183 3156 de
3213 3096 3401 3160 Caelo
3430 3098 3804 3171 demissam;
3837 3100 4022 3184 cujus

2455 3211 2533 3255 ex
2565 3214 2672 3257 ore
2700 3192 2982 3273 pendens
3025 3214 3247 3258 arcana
3277 3196 3513 3257 audivit
3539 3240 3561 3271 ‚
3591 3218 3754 3278 quae
3783 3219 3906 3261 non
3952 3199 4025 3261 li-

2457 3297 2558 3354 cet
2598 3290 2839 3354 bomini
2870 3291 3045 3372 loqui
3066 3335 3087 3361 .
3135 3291 3214 3355 de
3245 3294 3563 3377 mysteriis
3597 3295 3975 3378 Epiphaniae
4003 3343 4024 3369 ‚

2455 3388 2534 3451 de
2555 3387 2829 3452 mirabili
2854 3393 3176 3472 Magorum
3198 3390 3488 3465 adventu,
3520 3393 3596 3455 de
3622 3395 3815 3473 prima
3845 3395 4020 3457 Cb'ri·

2457 3486 2537 3550 sti
2571 3487 3076 3553 manifestatione
3099 3532 3119 3558 ,
3160 3489 3338 3571 cujus
3366 3509 3445 3552 eo
3477 3490 3581 3554 die
3626 3490 4033 3555 recolebatur

2460 3583 2789 3647 memoria.
2822 3591 2952 3658 Qua
2984 3583 3046 3646 in
3078 3604 3149 3649 re
3186 3584 3339 3647 illud
3373 3593 3699 3666 praeterea
3722 3588 4032 3650 admiran-

2458 3680 2603 3742 dum
2635 3681 2901 3755 videtur,
2919 3681 3088 3763 quod
3122 3681 3433 3747 sermonis
3466 3704 3603 3746 cum
3638 3683 3859 3749 eodem
3892 3685 4029 3748 diu-

2460 3777 2583 3842 tius
2611 3778 2806 3842 babiti
2851 3777 3002 3840 nibil
3045 3797 3303 3861 prorsus
3330 3779 3475 3844 inde
3509 3781 3911 3852 meminerit,
3957 3790 4028 3844 ut

2460 3875 2722 3938 dubium
2767 3875 3024 3940 minime
3055 3875 3174 3947 sit,
3219 3876 3365 3955 quin
3397 3884 3563 3940 Deus
3594 3888 3761 3941 esset
3808 3879 3869 3940 in
3915 3900 4026 3944 ore

2462 3971 2639 4055 ejus,
2683 3972 2986 4051 daretque
3017 3971 3168 4053 quid
3212 3972 3273 4034 in
3306 3970 3414 4035 illa
3446 3972 3594 4038 bora
3640 3972 4030 4054 loqueretur.

2464 4069 2670 4133 Testis
2714 4068 2901 4133 etiam
2946 4067 3183 4148 pietate
3227 4068 3649 4133 celeberrima
3692 4077 4031 4137 Hetrusco·

2462 4185 2600 4228 rum
2630 4166 2923 4246 Princeps
2951 4165 3263 4230 Eleonora
3287 4208 3306 4233 ,
3338 4185 3499 4247 quae
3529 4168 3779 4249 saepius
3811 4161 4029 4233 Catha-

2460 4263 2656 4326 rinam
2714 4264 3034 4345 alloquuta
3078 4262 3264 4327 facile
3305 4261 3618 4327 intellexit
3662 4285 3732 4328 se
3772 4285 3909 4329 cum
3953 4286 4032 4332 ea

2460 4361 2653 4424 verba
2696 4359 2903 4424 facere
2926 4404 2947 4432 ,
2977 4380 3139 4442 quae
3176 4369 3383 4423 utrum
3413 4360 3477 4421 in
3510 4380 3772 4442 corpore
3817 4372 3983 4427 esset
4007 4406 4027 4432 ,

2463 4476 2539 4520 an
2583 4466 2756 4521 extra
2785 4478 3012 4538 corpus
3042 4457 3466 4540 ignorabatur.
3506 4464 3727 4521 Testes
3757 4457 4031 4539 denique

2464 4554 2711 4635 puellae
2760 4575 2981 4618 omnes
3028 4552 3156 4635 (ne
3204 4554 3760 4619 innocentissimae
3807 4557 4032 4619 aetatis

2466 4652 2893 4716 testimonium
2925 4650 3316 4736 relinquam)
3343 4659 3585 4721 Testes.
3617 4652 3870 4732 inquam
3889 4695 3910 4725 ,
3938 4654 4032 4715 rei

2469 4759 2590 4813 tam
2624 4768 2844 4818 novae,
2876 4769 2994 4828 qua
3027 4768 3173 4811 sane
3204 4748 3586 4825 singularem
3622 4748 3885 4810 eandem
3920 4769 4031 4829 pu·

2467 4853 2690 4908 tamus.
2719 4848 2867 4906 Cum
2897 4845 3044 4909 illae
3069 4844 3326 4928 juvenili
3358 4844 3625 4924 quodam
3670 4844 3908 4926 impetu
3940 4844 4035 4908 ul·

2465 4948 2565 5005 tro
2593 4942 2880 5024 citroque
2911 4952 3360 5006 concursantes
3389 4942 3732 5005 Aediculae
3776 4962 3988 5006 sacrae
4011 4987 4032 5015 ,

791 5045 970 5108 Matri
1014 5053 1079 5109 et
1119 5044 1528 5129 magdalenae
1556 5046 1888 5110 videndum
1921 5048 2206 5131 praebuit
2235 5091 2254 5119 ,
2295 5057 2362 5110 et
2469 5061 2590 5121 qna
2622 5040 2842 5103 orabat
2870 5040 3064 5121 Virgo
3088 5084 3106 5112 ,
3137 5036 3300 5103 forte
3329 5039 3728 5121 impulissent
3759 5040 4031 5113 Ostium,

787 5142 1044 5205 vulnera
1076 5165 1184 5208 sua
1217 5143 1565 5209 deosculari
1595 5145 1927 5209 concessit.

930 5271 951 5295 ι
990 5242 1144 5314 Quid
1178 5259 1328 5306 vero
1350 5241 1617 5307 ebaritas
1636 5262 1757 5306 non
1789 5243 2127 5323 operatur?
2145 5239 2358 5304 Catba·

680 5331 721 5354 ‘⁸
797 5338 931 5403 rina
979 5359 1260 5403 seorsum
1307 5341 1387 5404 ab
1420 5337 1560 5404 aliis
1604 5339 1898 5422 Angelico
1944 5360 2102 5422 pane
2148 5336 2360 5410 retici,

2469 5139 2530 5199 in
2558 5149 2736 5218 caput
2782 5136 3061 5220 ejusdem
3091 5138 3393 5201 immotae
3434 5137 3791 5202 nescientes
3834 5136 4038 5218 impe-

2473 5244 2698 5318 gerunt
2726 5243 2895 5300 tanta
2924 5233 3175 5315 quidem
3206 5234 3264 5295 vi
3290 5278 3307 5299 .
3337 5241 3402 5296 ut
3438 5252 3873 5315 repercussum
3913 5235 4038 5322 3¹⁰·

2474 5352 2610 5398 rum
2642 5333 3041 5399 clauderetur
3066 5357 3085 5393 ι
3119 5331 3305 5413 Cujus
3335 5333 3426 5394 rei
3473 5352 3656 5397 causa
3702 5338 4031 5413 perspecta

803 5455 1085 5500 seorsum
1113 5437 1495 5511 comedere,
1538 5457 1823 5503 seorsum
1854 5456 2035 5502 orare
2075 5435 2362 5519 iubetur,
2472 5437 2776 5498 noverunt
2819 5427 3004 5494 simul
3048 5428 3410 5492 haerentem
3455 5427 3773 5512 Virginem
3823 5430 4031 5493 incon·
