4442 6300
917 522 1021 571 1ἇῦ

1874 519 2082 570 Α(;ΤΛ
2124 517 2783 573 etmoutzawottts

727 682 881 743 pore
918 662 1303 735 camerario,
1336 661 1910 727 viee-Cancellarlo
1932 707 1951 734 ,
1982 671 2047 725 et
2076 663 2295 747 Maiori
2402 676 2758 728 nostrarum
2789 662 3271 728 constitutionis
3293 707 3314 738 ‚
3374 663 3837 737 ordinationis,
3864 685 3972 729 vo·

619 826 636 835 ,
726 760 1242 832 poenitentiario,
1264 767 1329 821 ut
1363 780 1582 822 omues
1611 760 1734 822 sibi
1769 762 2122 843 respective
2147 762 2294 823 sub-

726 859 894 922 ditos
923 859 1251 922 Ministros
1284 865 1349 921 et
1379 856 1700 922 officiales
1725 904 1746 929 ,
1776 879 2119 942 eorumque
2153 858 2296 921 Col-

724 955 892 1038 legia
926 957 1057 1021 sive
1090 958 1400 1031 ordines,
1451 956 1560 1039 qui
1621 956 1980 1040 hujusmodi
2036 965 2293 1022 Proces-

727 1056 885 1120 sioni
920 1054 1198 1138 generali
1232 1055 1314 1118 de
1347 1075 1524 1119 more
1553 1056 1775 1118 adesse
1837 1055 2073 1118 debent
2096 1100 2116 1128 ‚
2177 1058 2293 1120 sub

2405 759 2701 833 luntatis,
2735 773 2793 824 et
2847 761 3274 844 derogationis
3327 759 3713 845 infringere,
3773 762 3871 825 vel
3906 762 3964 825 ei

2404 880 2556 923 ausu
2594 860 2937 923 temerario
2967 862 3297 924 contraire.
3330 863 3390 922 Si
3425 860 3572 942 quis
3601 865 3812 922 autem
3853 857 3970 923 boc

2405 966 2715 1021 attentare
2746 959 3283 1039 praesumpserit,
3311 958 3799 1041 indignationem
3828 962 3972 1021 om·

2404 1055 2751 1137 nipotentis
2784 1057 2894 1117 Dei
2928 1066 2993 1118 et
3026 1056 3351 1118 beatorum
3386 1056 3552 1119 Petri
3583 1063 3643 1117 et
3675 1054 3849 1118 Pauli
3892 1058 3970 1114 A·

726 1153 1047 1217 consuetis
1075 1154 1430 1235 praeceptis
1461 1162 1526 1216 et
1566 1155 1788 1234 poenis
1843 1154 2068 1218 adesse
2131 1175 2300 1218 com·
2372 1152 2797 1232 ‘postolorum
2839 1153 2981 1235 ejus
3013 1174 3080 1215 se
3113 1152 3355 1216 noverit
3384 1152 3802 1217 incursurum.

730 1251 966 1334 pellant
991 1277 1009 1313 ι
1042 1258 1130 1314 Ac
1162 1251 1416 1313 demum
1447 1251 1755 1314 Cardinali
1782 1295 1803 1326 ‚
1834 1252 1942 1335 qui
1975 1272 2090 1334 pro
2136 1260 2299 1317 tem-

725 1369 883 1431 pore
911 1349 973 1410 in
1004 1349 1170 1411 Urbe
1203 1347 1474 1430 ejusque
1508 1348 1826 1419 districtu,
1859 1352 2111 1413 Romani
2143 1357 2298 1414 Pon-

730 1445 920 1510 tificis
949 1446 1234 1509 vicarius
1265 1444 1537 1517 existet,
1570 1457 1639 1508 ut
1688 1467 1908 1510 omnes
1962 1445 2128 1510 Cleri
2192 1454 2300 1511 Se-

729 1543 958 1609 cularis
983 1552 1050 1607 et
1073 1542 1396 1626 Regularis
1413 1542 1706 1615 ordines,
1729 1545 1838 1625 qui
1870 1545 2119 1608 vivente
2141 1553 2295 1608 Pon·

729 1640 901 1706 tifice
928 1641 1141 1706 eidem
1199 1640 1434 1720 pariter
1497 1639 1930 1721 supplicationi
1987 1642 2299 1705 interesse

732 1738 939 1803 solent
967 1737 1251 1821 collegia
1274 1781 1295 1810 ,
1329 1737 1630 1818 capitula,
1660 1739 1855 1801 etiam
1885 1739 2295 1803 Basilicarum

729 1834 1235 1900 Patriarcbalium
1258 1874 1278 1907 ‚
1310 1843 1375 1899 et
1403 1833 1890 1918 collegiatarum
1953 1836 2143 1900 etiam
2174 1885 2179 1889 .
2205 1836 2298 1897 in-

729 1933 1001 2017 signium
1025 1975 1046 2006 ‚
1074 1931 1360 2015 aliosque
1410 1952 1629 1997 omnes
1686 1932 1879 1996 etiam
1934 1934 2295 1998 necessario

733 2031 1179 2113 exprimendos
1202 2074 1222 2102 ‚
1254 2030 1376 2093 sub
1408 2031 1726 2094 consuetis
1755 2031 1992 2113 pariter
2044 2052 2297 2112 praece·

729 2130 858 2213 ptis
887 2149 959 2191 ac
987 2128 1207 2208 poenis
1235 2126 1609 2191 auctoritate
1632 2128 1755 2191 sibi
1781 2149 1815 2192 a
1844 2129 2042 2192 Nobis
2061 2129 2123 2190 in
2155 2149 2296 2211 per-

727 2236 989 2309 petuum
1017 2225 1234 2289 barum
1270 2233 1489 2289 tenore
1522 2225 1810 2312 delegata
1838 2226 2056 2311 jubeat
2102 2228 2298 2293 inter-

733 2344 897 2387 esse.

859 2424 985 2484 Has
1012 2419 1181 2484 enim
1212 2425 1480 2487 Nostras
1536 2419 1759 2485 literas
1783 2430 1855 2486 et
1881 2423 1946 2484 in
2006 2423 2098 2487 eis
2153 2444 2298 2488 eon-

729 2526 901 2583 tenta
932 2537 1378 2599 quaecumque
1408 2527 1718 2599 perpetuo
1742 2516 1927 2582 firma
1959 2563 1980 2593 ,
2034 2528 2101 2584 et
2155 2518 2292 2585 effl-

733 2617 905 2680 cacia
934 2614 1215 2677 existere
1264 2613 1553 2677 volumus
1575 2656 1596 2687 ‚
1655 2635 1928 2697 suosque
1981 2615 2296 2698 plenarios

734 2722 800 2776 et
828 2713 1111 2795 integros
1133 2709 1402 2775 effectus
1432 2710 1638 2774 sortiri
1670 2720 1734 2774 et
1761 2713 2078 2784 obtinere,
2100 2723 2291 2794 atque

735 2811 817 2875 ab
849 2808 1145 2874 omnibus
1166 2848 1188 2880 ,
1218 2807 1298 2869 ad
1330 2828 1490 2890 quos
1522 2816 1764 2890 spectat
1794 2819 1856 2872 et
1882 2829 1997 2892 pro
2051 2818 2296 2893 tempo-

732 2929 804 2972 re
834 2907 1358 2990 quandocumque
1392 2907 1704 2987 spectabit
1753 2907 2125 2990 plenissime
2183 2909 2295 2972 ob·

734 3006 1018 3081 servari3
1049 3003 1295 3069 sublata
1326 3004 1621 3068 omnibus
1668 3012 1735 3068 et
1793 3006 2292 3089 quibuscumque

732 3103 927 3168 etiam
957 3108 1015 3165 S.
1047 3109 1120 3166 R.
1156 3107 1228 3164 E.
1258 3100 1698 3166 cardinalibus
1740 3104 2082 3185 praedictis
2108 3147 2128 3176 ‚
2188 3124 2294 3168 eo·

734 3220 1005 3282 rumque
1035 3198 1322 3283 collegio
1342 3208 1406 3263 et
1425 3200 1727 3264 ordinum
1757 3200 2100 3282 respective
2124 3203 2296 3266 Prio-

729 3298 913 3372 ribus
938 3338 959 3369 ‚
992 3304 1057 3359 et
1089 3302 1148 3359 S.
1184 3300 1247 3358 n.
1280 3301 1350 3359 E.
1392 3296 1754 3360 Camerario
1778 3338 1799 3369 ‚
1840 3296 2028 3361 aliter
2081 3298 2295 3362 decer-

731 3381 920 3458 nendi
955 3399 1021 3457 et
1054 3391 1367 3457 statuendi
1397 3390 1737 3468 facultate3
1765 3401 1832 3456 et
1859 3413 1983 3457 non
2041 3394 2296 3458 obstan-

732 3493 904 3556 tibus
930 3535 952 3564 ,
982 3491 1035 3554 si
1070 3510 1235 3572 quae
1264 3489 1327 3550 in
1358 3489 1743 3554 contrarium
1770 3489 2074 3555 facientes
2115 3491 2296 3556 ades-

737 3613 807 3655 se
842 3590 1169 3660 dicantur,
1199 3586 1577 3669 Apostolicis
1613 3586 2174 3652 constitutionibus
2232 3596 2297 3654 et

735 3684 1248 3752 ordinationibus
1276 3682 1826 3765 quibuscumque;
1854 3703 2096 3749 necnon
2137 3706 2286 3767 qua·

731 3802 1149 3862 rumcumque
1169 3779 1520 3844 Ecclesiam
1531 3799 1615 3854 m,
1644 3781 2080 3856 Basilicarum,
2100 3785 2293 3847 etiam

730 3877 1243 3949 Patriarcbalium
1265 3919 1286 3950 ‚
1314 3887 1383 3940 et
1407 3875 1893 3961 collegiatarum
1924 3881 2293 3965 insignium,

733 3987 798 4043 et
850 3974 1219 4060 quorumvis
1280 3975 1578 4038 ordinum
1609 4018 1632 4050 ,
1690 3979 2254 4063 congregationum
2273 4023 2294 4056 ‚

731 4076 1205 4146 institutorum,
1238 4070 1659 4155 Collegiorum
1685 4119 1705 4148 ,
1733 4076 2294 4151 Communitatum,

731 4175 1055 4259 ipsiusque
1090 4169 1255 4235 cleri
1285 4170 1506 4243 Urbis,
1538 4180 1604 4236 et
1633 4178 2051 4237 Personarum
2093 4175 2296 4260 singu·

735 4272 964 4336 larium
996 4270 1185 4335 etiam
1214 4270 1568 4353 juramento
1587 4311 1610 4342 ,
1639 4269 2108 4337 confirmatione
2135 4280 2298 4354 Apo-

731 4369 951 4435 stolica
977 4376 1046 4433 et
1073 4363 1293 4449 quavis
1319 4366 1445 4429 alia
1476 4365 1775 4431 firmitate
1807 4370 2123 4432 roboratis
2170 4371 2295 4450 pri-

726 4463 977 4550 vilegiis
998 4508 1019 4539 ‚
1051 4463 1311 4529 Statutis
1333 4506 1354 4537 ‚
1386 4464 1990 4540 constitutionibus,
2021 4467 2244 4532 usibus
2272 4511 2296 4543 ,

731 4576 800 4631 et
826 4562 1385 4632 consuetudinibus
1418 4562 1613 4625 etiam
1637 4561 2247 4630 immemorabilibus
2270 4610 2291 4641 ,

734 4662 983 4728 etiamsi
1016 4662 1097 4725 de
1116 4659 1195 4724 iis
1222 4679 1573 4742 eorumque
1593 4659 1941 4741 respective
1972 4663 2295 4728 tenoribus

733 4781 1032 4843 expressa
1064 4768 1130 4821 et
1158 4758 1479 4822 individua
1509 4757 1748 4821 mentio
1774 4756 2062 4823 habenda
2089 4759 2291 4837 foret3

728 4861 961 4942 quibus
991 4857 1285 4923 omnibus
1313 4863 1378 4920 et
1407 4854 1673 4938 singulis
1692 4897 1712 4929 ‚
1743 4854 1900 4920 alias
1927 4856 1993 4918 in
2024 4878 2140 4921 suo
2190 4877 2291 4922 ro-

728 4959 886 5021 bore
910 4953 1358 5037 permansuris,
1380 4952 1495 5017 hac
1519 4953 1656 5015 vice
1688 4952 1987 5018 duntaxat
2013 4954 2091 5016 ad
2114 4974 2293 5035 prae·

730 5056 1064 5119 missorum
1097 5051 1390 5116 effectum
1431 5048 1798 5131 plenissime
1858 5058 1924 5115 et
1980 5051 2294 5134 amplissi-

731 5173 837 5215 me
865 5157 1040 5213 motu
1071 5149 1202 5230 pari
1233 5148 1613 5230 derogamus
1636 5190 1659 5220 ,
1689 5157 1757 5212 et
1780 5147 2149 5231 derogatum
2183 5171 2289 5216 es·

733 5268 803 5311 se
832 5245 1123 5311 volumus
1144 5288 1166 5317 ‚
1225 5244 1584 5328 ceterisque
1640 5244 1976 5310 contrariis
2033 5246 2293 5330 quibus-

733 5365 1027 5425 cumque.

859 5440 1020 5507 Nulli
1046 5460 1195 5526 ergo
1224 5440 1562 5506 Hominum
1588 5437 1776 5506 liceat
1808 5438 2099 5524 paginam
2128 5440 2287 5509 haue

2542 1256 2756 1311 Datum
2792 1258 3025 1312 Romae
3057 1250 3220 1330 apud
3254 1259 3528 1312 sanctam
3558 1249 3815 1312 Mariam
3847 1252 3971 1311 ua·

2398 1345 2604 1429 jurem
2642 1354 2815 1409 Anno
2848 1347 3296 1410 lncaruatiouis
3332 1346 3680 1410 nominieae
3712 1345 3971 1408 millesi-

2405 1466 2510 1508 mo
2543 1446 3113 1528 septingentesimo
3166 1446 3644 1527 quadr-gesimo
3703 1450 3969 1524 quarto,

2405 1544 2881 1625 quartodecimo
2928 1543 3245 1608 Kalendas
3302 1545 3501 1609 Martii
3564 1540 3965 1606 pontificatus

2405 1641 2619 1704 Nostri
2652 1647 2828 1705 Anno
2861 1642 3107 1715 Quinto.

3256 1843 3325 1899 Ι).
3356 1838 3538 1903 Card.
3571 1834 3965 1900 l'assioneu&

2534 2038 2591 2096 1.
2625 2032 2928 2096 Datarius.

2698 2234 2745 2289 V
2770 2233 2856 2290 ts
2873 2232 2920 2287 Α

2405 2422 2484 2487 de
2514 2422 2693 2486 Curia
2724 2427 2771 2484 1.
2803 2427 2868 2484 c.
2901 2421 3148 2487 Boscbi.

3294 2623 3367 2687 L„
3393 2618 3732 2700 Eugenlus.

2606 2817 2954 2892 Regiseratn
2984 2817 3053 2875 in
3080 2767 3419 2877 secretaria
3469 2817 3774 2929 Bavium.

2445 3007 2761 3073 Schedula
2789 3014 2994 3073 Motus
3022 3008 3256 3089 proprii
3279 3051 3298 3080 ‚
3328 3008 3409 3072 de
3436 3029 3559 3090 qua
3590 3006 3661 3071 fit
3688 3007 3926 3073 mentio
3963 2996 3968 3000 ⁵

2901 3104 2962 3166 in
2993 3105 3473 3170 constitutione.
3930 3134 3939 3145 ·

2728 3277 3215 3364 ‘nen-emerus
3244 3305 3443 3364 PAPA
3485 3305 3644 3363 xlv.

2883 3497 3056 3558 Motu
3090 3497 3348 3573 Proprie
3379 3505 3491 3558 stc.

2530 3688 2832 3753 Omnibus
2859 3695 2923 3753 et
2979 3687 3244 3771 singulis
3304 3687 3695 3753 officialibus
3746 3693 3972 3754 Roma·

2404 3803 2522 3848 nae
2551 3786 2773 3849 Curiae
2799 3829 2820 3860 ,
2852 3786 2960 3868 qui
2993 3785 3152 3849 alias
3173 3786 3355 3869 juxta
3409 3786 3742 3867 antiquum
3800 3783 3968 3868 ejus·

2405 3883 2549 3947 dem
2578 3883 2801 3947 curiae
2833 3904 3073 3946 morem
3105 3890 3169 3947 et
3193 3885 3378 3947 ritum
3410 3883 3473 3944 in
3503 3882 3780 3966 generali
3816 3891 3967 3948 Pon-

2406 3980 2593 4045 tincta
2622 3981 3027 4044 Processioue
3054 3980 3438 4046 sanctissimi
3467 3979 3758 4060 corporis
3790 3982 3977 4043 cbri-·

2406 4081 2483 4142 sti
2537 4100 2677 4142 cum
2735 4077 2900 4142 albis
2955 4076 3330 4150 intortitiis,
3388 4076 3748 4159 Apostolica
3809 4079 3971 4143 Sede

2401 4176 2587 4256 plena
2610 4220 2629 4247 ‚
2662 4176 2966 4238 interesse
2997 4175 3205 4238 solent
3233 4194 3305 4238 ac
3363 4175 3602 4237 debent
3626 4217 3648 4245 ‚
3708 4174 3964 4256 quoties

2403 4273 2832 4337 Processionis
2862 4272 3302 4337 celebritatem
3333 4271 3698 4354 hujusmodi
3729 4279 3969 4355 tempo-

2404 4390 2473 4433 re
2502 4372 2856 4451 praedictae
2885 4371 3066 4434 Sedis
3098 4369 3376 4434 vacantia
3404 4389 3738 4435 occurrere
3767 4370 3967 4434 conti·

2403 4472 2567 4551 gerit
2590 4513 2610 4540 ,
2642 4467 3170 4551 quemadmodum
3231 4466 3408 4529 illius
3470 4475 3617 4532 tnnc
3665 4487 3967 4553 peragen-

2406 4564 2525 4627 dae
2553 4564 2819 4627 t'ormam
2865 4561 3247 4646 Apostolieis
3305 4557 3534 4628 nostris
3592 4562 3798 4627 literis
3853 4565 3969 4629 bac

2400 4660 2534 4742 ipsa
2578 4661 2682 4725 die
2742 4663 2862 4726 sub
2916 4660 3186 4724 Plumbo
3244 4661 3407 4725 datis
3463 4662 3528 4723 in
3586 4669 3965 4744 perpetuum

2401 4758 2960 4841 praescripsimus,
2991 4758 3079 4820 ita
3109 4758 3462 4839 praesentis
3500 4759 3701 4821 nostri
3756 4765 3964 4823 Motus

2404 4856 2642 4938 proprii
2676 4865 2798 4919 etc.
2832 4854 3139 4919 schedula
3174 4856 3461 4920 districte
3522 4853 3967 4938 praecipiendo

2403 4955 2808 5026 mandamus,
2842 4960 2909 5016 ut
2942 4953 3061 5037 ipsi
3099 4973 3212 5036 pro
3244 4973 3461 5017 eorum
3493 4954 3709 5017 debito
3729 4961 3788 5016 et
3822 4972 3967 5016 eon-
4009 5035 4015 5042 ἱ

2407 5052 2590 5135 digna
2622 5073 2770 5136 erga
2799 5059 3042 5118 tantum
3068 5059 3537 5115 Sacramentum
3569 5051 3968 5116 veneratione

2403 5148 2729 5230 celerique
2757 5161 2821 5214 et
2850 5149 3184 5232 tranquilla
3215 5157 3391 5213 actus
3441 5148 3801 5233 hujusmodi
3856 5168 3965 5211 ex-

2402 5248 2752 5332 peditione,
2783 5250 2899 5313 sub
2930 5268 3133 5331 poena
3158 5247 3527 5333 privationis
3558 5268 3594 5311 a
3622 5247 3973 5329 perceptio-

2399 5364 2479 5409 ne
2511 5346 3074 5410 emolumentorum
3104 5345 3341 5409 ratione
3375 5365 3629 5409 suorum
3669 5346 3968 5426 respecti·

2397 5463 2472 5510 ve
2509 5439 2870 5509 officiorum
2907 5465 3018 5528 per
3048 5442 3207 5508 duos
3240 5442 3570 5508 continuos
3602 5462 3849 5508 ineuses
3881 5462 3958 5506 ex
