4442 6300
942 514 1011 566 ts
1866 488 2114 567 ”Aen
2178 511 2837 581 cmomn‘rtoxts

748 663 971 721 Amato
1017 657 1381 721 Litterarum
1429 656 1928 739 Apostoliearum
1955 657 2033 719 ad
2082 656 2319 721 Princi-

751 776 867 838 pes
909 754 1254 818 secretario
1282 764 1577 819 consueta
1607 754 2139 818 Cubiculariorum
2167 759 2321 835 Cap·

751 873 831 935 pa
863 852 1079 913 induto
1110 851 1353 914 recitari
1386 853 1617 927 voluit3
1664 853 1742 915 ad
1791 852 2023 934 gratias
2069 859 2317 932 praete·

753 969 864 1013 rea
901 957 1026 1012 Deo
1053 949 1324 1031 agendas
1355 969 1467 1030 pro
1496 958 1666 1014 tanto
1696 949 2010 1015 beneflcio
2050 969 2314 1031 sequen-

750 1057 881 1111 tem
914 1047 1464 1127 Feriam-quintam
1499 1047 1849 1113 destinavit.

2555 658 2910 722 Transactis
2939 656 3209 721 subinde
3257 656 3569 723 Nataiitiis
3609 654 3853 720 Domini
3903 652 3995 720 fo·

2426 752 2562 825 riis,
2594 751 3120 834 paschalibusque
3150 754 3567 819 sacramentis
3599 772 3987 841 consumma*

2427 849 2511 913 tis
2543 848 2899 932 intelligens
2925 850 3204 915 Pontifex
3229 864 3262 924 ,’
3283 852 3623 935 Episcopos
3651 872 3687 916 a
3730 869 3986 914 suarum

2432 947 2826 1009 Dioecesium
2888 939 3322 1029 procuratione
3379 948 3803 1030 expeditiores
3855 946 3985 1028 jam

2429 1063 2572 1107 esse
2598 1087 2615 1113 ‚
2663 1052 2726 1107 ut
2758 1050 2882 1107 tam
2916 1065 3098 1128 grave
3131 1046 3619 1111 Canonizationis
3673 1043 3994 1128 negotium

880 1150 1142 1207 Postero
1170 1143 1380 1224 itaque
1412 1143 1561 1212 die,
1593 1162 1734 1207 cum
1782 1164 1896 1227 per
1943 1143 2318 1224 impressam
2430 1140 2689 1203 consitio
2740 1138 3029 1223 juvarent
3072 1163 3228 1214 suo,
3280 1143 3543 1227 ejusque
3593 1142 3991 1225 Majestatem

712 1278 725 1295 ·
753 1239 1112 1305 schedulam
1153 1241 1450 1304 admoniti
1500 1239 1769 1305 fuissent
1823 1239 2315 1304 Eminentissimi
2427 1246 2720 1320 augerent
2753 1240 3104 1321 praesentia
3129 1285 3149 1310 ,
3180 1261 3329 1309 eos,
3373 1240 3478 1321 qui
3531 1239 3691 1301 intra
3742 1237 4006 1304 centesi-

756 1343 978 1402 Patres
1003 1346 1065 1402 et
1096 1359 1317 1401 omnes
1364 1337 1792 1402 praelatorum
1847 1338 2148 1412 ordines;
2199 1337 2324 1399 fre-
2437 1354 2603 1394 mum
2636 1336 2715 1398 ab
2745 1338 2908 1397 Urbe
2937 1335 3204 1416 iapidem
3238 1344 3435 1408 erant,
3467 1337 3630 1399 datis
3661 1334 4001 1400 confestim

757 1457 994 1519 quens,
1026 1437 1181 1499 utin
1215 1436 1482 1498 maxima
1510 1437 1749 1500 taetitia
1773 1482 1791 1509 ,
1824 1437 2016 1500 etiam
2050 1434 2320 1518 populus

755 1533 1141 1600 Pontificium
1171 1535 1235 1595 in
1265 1533 1566 1608 Quirinali
1597 1534 1907 1599 Sacelium
1938 1533 2316 1614 complevit.

758 1637 912 1694 Rem
944 1631 1225 1694 Divinam
1257 1631 1318 1691 in
1350 1632 1685 1712 gratiarum
1718 1631 2026 1693 actionem
2075 1630 2318 1713 peregit

758 1728 1303 1801 Emjnenttssimus
1328 1729 1698 1792 Passioneus
1726 1728 2010 1791 Brevium
2046 1749 2079 1791 a
2113 1734 2325 1792 Secre-

759 1828 877 1890 tis.
911 1826 1126 1890 Adfuit
1151 1832 1311 1907 Papa
1343 1827 1537 1891 sacris
1567 1818 1861 1908 pretiosis
1902 1825 2184 1889 vestibus
2231 1826 2323 1886 in-

760 1927 986 1989 dutus:
1038 1923 1270 1987 Rubeis
1318 1944 1569 2005 quoque
1615 1923 1842 2004 cappis
1889 1943 2072 2004 supra
2117 1929 2325 1986 vestes

761 2022 1055 2089 similiter
1081 2022 1299 2085 rubeis
1322 2066 1341 2093 ,
1374 2020 1519 2086 iicet
1551 2021 1615 2083 id
1646 2020 1782 2083 fieri
1815 2040 1932 2083 non
1981 2040 2325 2084 consueve-

762 2119 845 2185 rit
890 2120 1206 2181 Adventus
1261 2125 1581 2199 tempore,
1637 2116 2089 2182 circumamicti
2136 2120 2333 2180 inter-

760 2215 942 2281 fuere
987 2214 1344 2278 cardinales
1367 2260 1382 2276 .
1434 2215 1596 2279 Urbs
1655 2222 1783 2278 tota
1840 2233 1983 2277 oum
2034 2214 2327 2296 privatim

759 2320 893 2377 tum
925 2311 1175 2393 publice
1203 2310 1270 2372 in
1300 2330 1518 2395 magna
1559 2310 1801 2375 laetitia
1844 2309 2040 2375 biduo
2087 2321 2335 2376 versata

767 2417 886 2475 082.

1279 2618 1833 2665 lurlns‘rlo

896 2806 1017 2865 Per
1045 2804 1344 2863 Cursores
1373 2794 1658 2860 facienda
1682 2842 1703 2867 ,
1736 2797 1913 2860 Domi
1944 2816 2212 2879 -quoque

1298 2895 1557 2958 dimissa
1599 2895 1777 2977 copia
1800 2939 1814 2954 .

908 3095 1020 3155 Die
1049 3089 1287 3155 decima
1319 3095 1496 3153 sexta
1518 3094 1800 3153 'labentis
1835 3090 2060 3150 Mensis
2092 3091 2335 3149 Decem·

773 3197 935 3261 bris,
962 3196 1122 3271 seria
1151 3195 1392 3267 quinta,
1424 3192 1495 3247 in
1520 3190 1759 3249 Sacello
1802 3190 2060 3248 Paulino
2097 3188 2337 3246 Palatii

774 3291 1116 3368 Apostolici
1132 3290 1470 3360 Quirinalis
1498 3283 1646 3345 bora
1672 3282 2196 3362 decima'septima
2223 3277 2342 3343 erit

782 3391 1124 3464 cappella,
1152 3388 1221 3443 in
1247 3402 1370 3459 qna
1399 3389 1680 3443 adstante
1717 3383 2114 3442 sanctissimo
2150 3383 2219 3439 D.
2255 3382 2337 3441 N.

778 3489 953 3560 BEN
962 3485 1105 3544 2121
1113 3487 1157 3543 G
1170 3481 1270 3544 TO
1301 3484 1424 3540 1²1³.
1464 3482 1628 3543 XIV.
1665 3482 1920 3541 Missam
1953 3483 2231 3540 cantabit
2275 3481 2343 3538 in

776 3590 1114 3662 arctim-nm
1147 3584 1451 3641 actionem
1494 3593 1615 3650 pro
1651 3579 1955 3637 Electione
2006 3580 2180 3651 Regis
2222 3578 2336 3635 Ro·

774 3695 1094 3744 manorum
1125 3678 1666 3747 Eminentissimus,
1700 3685 1756 3735 et
1785 3677 2344 3736 Reverendissimns

778 3779 855 3842 D.
887 3782 1060 3841 Gar-d.
1096 3778 1438 3836 Passionei.

913 3873 1411 3941 Eminentissimi,
1443 3880 1499 3929 et
1532 3870 2176 3930 ReverendissimiDD.
2205 3872 2349 3930 Gar·

782 3977 1016 4035 dinales
1044 3974 1380 4029 intererunt
1406 3971 1607 4027 induti
1648 3970 1961 4041 Vestibus,
2013 3976 2069 4025 et
2121 3970 2347 4040 cappis

784 4068 1037 4138 rubeis,
1070 4086 1188 4144 quo
1209 4070 1410 4127 colore
1455 4083 1568 4140 per
1612 4070 1907 4140 inteyram
1958 4068 2349 4125 enunciatam

783 4170 942 4227 diem
971 4174 1239 4224 utentur.
1964 4219 1987 4242 ·

918 4264 1000 4321 De
1030 4277 1162 4323 sero
1191 4270 1393 4320 autem
1423 4262 1611 4336 feriae
1631 4270 1884 4335 quartae
1903 4262 2344 4332 praecedentis,

787 4377 999 4434 nentpe
1034 4363 1123 4418 die
1157 4361 1233 4418 15
1283 4362 1549 4433 ejusdem
1588 4360 1854 4425 mensis,
1904 4366 1961 4415 et
2009 4359 2117 4416 snb
2170 4366 2345 4416 nocte

778 4462 1020 4536 pariter
1043 4460 1220 4533 ttuJus
1252 4458 1376 4515 diei
1401 4458 1732 4515 luminaria
1773 4458 1851 4513 ad
1900 4456 2197 4529 fenestras
2251 4471 2352 4515 ac·
2454 4449 2462 4458 “

791 4561 970 4620 cendi
995 4597 1014 4622 ,
1049 4562 1270 4614 stante
1300 4558 1551 4629 propria
1587 4554 1835 4611 Palatia
1877 4555 2045 4612 dolia
2089 4554 2355 4612 comburi

789 4663 856 4717 in
889 4658 1161 4715 laetitiae
1194 4654 1428 4727 signam
1455 4654 1852 4710 mandabunt.

927 4753 1070 4811 Ideo
1097 4753 1460 4811 intimentur
1488 4767 1689 4816 omnes
1721 4758 1778 4806 et
1818 4752 2049 4824 sinquli
2079 4750 2355 4806 Eminen-

792 4852 1014 4911 tissimi
1040 4858 1095 4907 et
1127 4849 1629 4907 Reverendissimi
1657 4847 1784 4905 DD.
1825 4848 2206 4913 cardinales,
2239 4845 2355 4904 Gu-

791 4952 1073 5009 bernator
1108 4946 1287 5004 Urbis
1307 4985 1328 5014 ,
1362 4944 1680 5016 Principes
1711 4943 1864 5002 Solii
1885 4983 1905 5013 ,
1935 4946 2234 5018 ceterique
2265 4945 2358 5000 in-

795 5047 1004 5105 timari
1031 5044 1222 5103 soliti.

2431 1429 2662 1494 titteris
2692 1432 2877 1495 acciri
2921 1433 3111 1515 jussit
3161 1455 3193 1498 a
3246 1435 3597 1497 secretario
3649 1438 3998 1514 Congrege-

2434 1529 2622 1591 tionis
2666 1530 3088 1594 Cardinaiium
3140 1532 3308 1594 Sacri
3358 1530 3612 1595 Conciiii
3661 1528 4004 1593 Tridentini

2434 1633 2889 1706 Interpretum‚
2949 1629 3056 1709 qui
3113 1629 3336 1693 eodem
3394 1649 3645 1714 prorsus
3704 1625 3996 1708 exempto

2435 1722 2696 1807 singuiis
2725 1726 2808 1787 ita
2842 1726 3110 1808 scripsit.

2435 1917 2762 1984 litustriss·
2785 1963 2806 1992 ,
2837 1930 2901 1984 et
2928 1921 3270 1984 Reverend.
3308 1927 3373 1983 t).
3417 1926 3482 1984 P.
3515 1917 3992 1983 observandiss.

2573 2122 2932 2179 Mandatum
2952 2163 2970 2189 ,
3001 2124 3163 2196 quod
3190 2117 3641 2179 SANCTITAS
3670 2115 3822 2177 SUA
3857 2116 4008 2172 mibi

2443 2218 2640 2283 dedit,
2675 2222 2751 2276 ad
2789 2206 2984 2288 Ahtpl.
3027 2218 3211 2275 Tuam
3246 2216 3345 2275 Ill.
3403 2218 3615 2274 haram
3667 2216 4007 2272 litterarum

2444 2315 2641 2389 officio
2668 2331 3002 2389 persequor
3024 2356 3044 2385 ,
3073 2325 3174 2384 ut,
3208 2331 3339 2373 cnm
3367 2315 3581 2386 primis
3634 2313 3865 2372 Mensis
3896 2309 4011 2368 Ju-

2444 2412 2541 2467 nit
2565 2413 2771 2471 diebus
2802 2413 3058 2486 quinque
3089 2412 3448 2471 consistoria
3474 2409 3882 2482 Semipublica
3904 2407 4011 2464 ha-

2449 2511 2640 2567 benda
2692 2511 2853 2577 sint,
2891 2512 3249 2585 priusquam
3289 2515 3359 2569 in
3398 2510 3756 2570 Sanctorum
3801 2504 4012 2564 Album

2448 2608 2699 2665 solemni
2727 2607 3028 2666 Ecclesiae
3061 2610 3188 2665 ritu
3237 2610 3482 2665 totidem
3524 2609 3705 2664 Beati
3746 2622 3785 2664 a
3834 2601 4010 2662 SAN«

2451 2703 2801 2761 CTITATE
2837 2703 2989 2763 SUA
3030 2706 3371 2779 reserantur
3401 2702 3723 2762 FIDELIS
3753 2720 3793 2762 a
3838 2699 4004 2763 SIG-

2452 2797 2874 2868 MARINGA,
2928 2800 3349 2861 CAMILLUS
3405 2804 3472 2861 de
3516 2800 3833 2871 LELLIS,
3886 2798 4012 2856 PE·

2454 2897 2656 2956 TRUS
2693 2896 3216 2969 REGALATU&
3245 2896 3562 2959 JOSEPH
3607 2916 3647 2958 a
3691 2895 4011 2979 LEONIS-

2449 2995 2575 3063 SA,
2624 3005 2682 3053 et
2736 2996 3209 3055 CATHARINA
3265 3001 3331 3056 de
3389 2995 3732 3063 RICCIIS,
3801 2988 4014 3054 Urbem

2444 3096 2764 3167 postremis
2820 3092 3044 3153 Mensis
3093 3094 3251 3170 Maji
3294 3095 3499 3153 diebus
3548 3097 3842 3162 accedas,
3895 3096 4018 3153 nisi

2450 3195 2842 3264 qravissimao
2889 3193 3220 3251 Pastoralis
3264 3193 3455 3267 officii
3504 3208 3683 3251 curae
3733 3207 4012 3265 praesen·

2452 3291 2598 3347 tiam
2626 3292 2763 3350 istic
2814 3300 2985 3349 tuam
3027 3291 3392 3350 desiderent.
3453 3290 3528 3348 Te
3580 3292 3822 3347 interim
3871 3292 4013 3347 reli-

2452 3403 2630 3461 quum
2660 3390 2811 3446 mibi
2837 3396 2925 3446 est
2969 3391 3285 3446 admonere
3316 3388 3725 3461 qratissimum
3758 3397 3813 3445 et
3842 3404 4016 3447 acce·

2450 3487 2791 3557 piissimum
2836 3483 3335 3545 SANCTITATI
3382 3485 3560 3544 stJAE
3606 3487 3907 3561 futurum,
3962 3489 4021 3543 si

2454 3591 2685 3642 statuto
2748 3592 3010 3657 tempore
3056 3594 3302 3657 praesto
3355 3585 3584 3659 fueris,
3628 3585 4014 3657 atque'ltanc

2453 3679 2760 3740 Ecclesiae
2792 3683 3192 3740 celebritatem
3229 3681 3427 3755 Ampl.
3466 3682 3623 3741 Tuae
3657 3679 3797 3748 Ill.,
3845 3686 4015 3755 enjus

2454 3781 2668 3836 manus
2713 3788 3051 3837 reverenter
3098 3781 3447 3848 deosculor,
3497 3780 3788 3853 dignitate
3834 3780 4014 3838 hone·

2457 3878 2730 3934 staveris.
3517 3873 3524 3886 '

2585 3967 2782 4049 Ampl.
2824 3975 2993 4033 Tuae
3037 3968 3547 4043 litustrissimae,
3594 3989 3667 4034 ac
3701 3976 4020 4034 Reveren-

2459 4065 2787 4131 dissimae.

2757 4263 2976 4360 Romae
3011 4265 3220 4325 Idibus
3251 4263 3485 4340 Aprilis
3525 4268 3716 4326 1726.

2756 4454 3085 4519 Addictiss.
3119 4463 3179 4518 et
3213 4456 3689 4539 Obsequentiss.
3731 4461 3960 4518 Servus

2756 4557 2988 4630 ,loseph
3022 4557 3276 4620 Furt‘etti
3307 4557 3370 4616 S.
3401 4560 3661 4618 Concilit‘
3687 4560 3933 4620 Secret.‘

2591 4747 2765 4820 Quod
2792 4746 2867 4810 ad
2899 4747 3056 4812 aiios
3087 4748 3412 4812 Antistites
3441 4749 3733 4830 pertinet,
3765 4750 3870 4832 qui
3895 4749 4032 4813 lon·

2467 4842 2606 4926 gius
2636 4844 2892 4906 aberant
2923 4846 3000 4906 ab
3044 4846 3246 4916 Urbe,
3294 4856 3512 4925 aperte
3566 4846 4031 4928 significaverat

2471 4938 2789 5010 Pontifex,
2821 4942 2869 5002 si
2906 4949 3163 5004 Romam
3195 4940 3394 5022 perid
3420 4952 3664 5023 tempus
3688 4944 4030 5017 venissent,

2473 5056 2691 5099 eorum
2722 5056 3038 5100 accessum
3073 5037 3211 5101 ioco
3242 5045 3508 5101 statutae
3551 5058 3585 5099 a
3632 5040 4031 5104 Constitutio-

2476 5134 2654 5196 nibus
2685 5133 3019 5198 pontificiis
3046 5154 3360 5196 sacrorum
3387 5135 3690 5198 Liminum
3716 5138 4032 5203 visitatio·

797 5242 886 5298 De
918 5234 1203 5297 Mandato
1232 5230 1618 5297 sanctissimi
1648 5229 1891 5293 Domini
1921 5228 2126 5292 Nostri
2158 5236 2361 5312 Papae
2477 5231 2571 5293 nis
2600 5253 2667 5294 se
2699 5232 3051 5296 habiturum
3077 5257 3095 5306 ς
3128 5231 3297 5313 quod
3331 5231 3643 5298 Pontifiois
3692 5236 4023 5301 consilium

951 5429 1230 5505 19natius
1260 5427 1436 5487 Beati
1474 5426 1677 5501 Δροσί.
1711 5428 1974 5487 Caerem.
2012 5426 2215 5503 Praes.

2476 5347 2546 5388 ac
2577 5326 2871 5409 placitum
2904 5330 3008 5391 ubi
3037 5327 3346 5410 cognitum
3378 5328 3454 5393 iis
3487 5328 3627 5403 suit,
3660 5323 3763 5413 qui
3802 5340 4034 5397 Romae

2481 5426 2925 5509 Episcoporum
2955 5444 3053 5489 res
3093 5436 3281 5511 agunt
3308 5470 3328 5500 ,
3376 5433 3580 5492 suum'
3605 5430 4036 5513 unusquisque
