4442 6300
1006 499 1115 553 ²78

2028 501 2236 556 ACTA
2273 500 2930 559 canonuartouts

827 600 1132 706 audituris
1152 685 1174 715 ,
1203 640 1375 726 quod
1402 658 1570 716 auno
1592 662 1629 709 a
1657 642 1982 710 Domlnlca
2011 646 2391 713 lucarnatio·
2506 664 2641 710 rem
2671 658 2861 729 super
2916 645 3286 723 sententiis,
3343 645 3610 721 consilio
3667 658 3734 714 et
3789 650 4056 716 unanimi

831 736 912 819 ne
939 740 1285 804 millesimo
1314 741 1879 828 septingentesimo
1908 744 2393 828 quadragesimo

830 844 1011 902 sexto
1065 838 1411 906 indictione
1462 854 1659 905 nona:
1716 840 1832 905 Die
1874 860 2026 905 vero
2088 844 2186 904 ss.
2217 858 2391 904 men·

828 933 919 999 sis
973 936 1139 999 Junii
1198 935 1354 1002 feria
1427 936 1652 1003 tertia=
1722 937 2123 1010 pontificatus
2178 948 2389 1003 autem

826 1029 1107 1113 ejusdem
1166 1032 1550 1098 sanctissimi
1611 1034 1856 1098 Domini
1914 1035 2125 1099 Nostri
2185 1040 2387 1116 Papae

826 1145 984 1209 anno
1042 1139 1260 1194 sextos
1308 1135 1462 1193 cnm
1520 1130 1686 1194 idem
1735 1131 2170 1196 sanctissimus
2211 1138 2394 1195 pater

808 1223 887 1283 ,in
936 1226 1324 1291 consistorio
1377 1227 1842 1309 semipublico‚
1872 1227 2096 1293 ultimo
2139 1228 2390 1311 quidem

821 1338 903 1382 ex
974 1322 1251 1404 quinque
1271 1367 1293 1398 ,
1353 1343 1514 1406 qnae
1585 1344 1700 1407 pro
1767 1326 2166 1390 absolvendis
2238 1332 2393 1390 cau-

823 1417 912 1480 sis
940 1418 1266 1484 beatorum
1292 1464 1311 1493 ,
1343 1418 1572 1484 melis
1604 1412 1835 1503 nempe
1869 1441 1904 1485 a
1953 1421 2388 1509 Sigmaringa',

824 1515 1071 1578 Camilli
1100 1518 1181 1579 de
1212 1517 1446 1589 Leltis,
1476 1518 1645 1582 petri
1679 1516 1951 1602 Regalati
1982 1563 2001 1592 ‚
2048 1519 2311 1603 losepbi
2355 1539 2389 1582 a

822 1614 1119 1676 Leonissa
1141 1656 1163 1684 ,
1192 1621 1256 1678 et
1283 1615 1655 1678 Catbarinae
1683 1615 1764 1678 de
1802 1615 2030 1680 Ricciis
2051 1615 2193 1699 jam,
2231 1614 2391 1679 indi-

823 1720 1049 1780 xerat,
1082 1710 1443 1783 assideret,
1470 1712 1534 1773 in
1564 1729 1774 1794 eoque
1803 1732 1881 1777 ex
1908 1712 2134 1777 ordine
2190 1715 2389 1774 causa

826 1809 895 1867 B.
925 1806 1286 1873 Gatbarinae
1315 1807 1479 1874 foret
1517 1809 1975 1891 pertractanda,
2006 1808 2393 1872 animadver-

826 1921 964 1965 sum
999 1911 1097 1967 est
1128 1906 1605 1971 protonotarios
1635 1905 2036 1989 Apostolicos
2065 1906 2143 1969 de
2174 1925 2395 1968 nume-

828 2017 899 2063 ro
959 2002 1470 2082 participantium
1496 2030 1537 2081 ‚·
1576 2024 1852 2087 quorum
1908 2003 2174 2068 interest
2220 2009 2393 2073 ‚Acta

827 2098 1034 2161 omnia
1063 2099 1403 2186 colligere,
1433 2109 1499 2166 et
1534 2119 1725 2183 super
1750 2100 1850 2169 bis
1912 2102 2230 2184 publicum
2290 2098 2389 2164 vel

828 2193 1104 2276 publica,
1122 2216 1310 2259 unum
1334 2204 1440 2261 aut
1469 2196 1648 2279 plura
1676 2195 1980 2260 conticere
2009 2203 2394 2260 instrumen-

825 2296 957 2354 tum
986 2292 1085 2356 vel
1116 2298 1575 2368 instrumenta,
1604 2295 1722 2359 etsi
1773 2292 2131 2375 specialiter
2179 2295 2395 2358 admo·

827 2389 996 2454 nites
1013 2432 1034 2462 ,
1059 2409 1097 2453 a
1123 2390 1410 2471 praefato
1437 2391 1824 2457 Consistorio
1852 2391 2110 2464 abesse,
2141 2410 2391 2473 unaque

827 2486 1012 2551 simul
1044 2508 1184 2553 cnm
1213 2488 1375 2572 ipsis
1405 2496 1873 2555 Procuratorem
1909 2487 2216 2553 Fiscalem
2273 2496 2389 2555 Re·

826 2583 1139 2648 verendae
1168 2589 1465 2648 camerae
1495 2585 1886 2667 Apostolicae
1909 2628 1931 2658 ,
1962 2584 2144 2668 cujus
2174 2592 2273 2649 est
2326 2605 2392 2650 a·

829 2680 955 2761 pud
985 2682 1241 2745 eosdem
1275 2681 1745 2747 protonotarios
1782 2682 2105 2749 pontilicis
2134 2684 2389 2748 nomine

830 2776 1098 2851 instare,
1131 2788 1199 2841 ut
1227 2798 1301 2843 ea
1333 2799 1495 2860 quae
1528 2787 1988 2860 pertractantur
2018 2780 2079 2841 in
2112 2778 2388 2862 publicis

828 2875 1106 2940 referant
1136 2876 1394 2942 Tabulis
1420 2900 1435 2936 ε
1466 2881 1557 2941 Ne
1585 2877 1664 2940 ab
1712 2874 2031 2939 homiuum
2091 2878 2391 2943 memoria

828 2973 1200 3041 abscederet
1228 2974 1475 3058 integra
1502 2975 1691 3058 buius
1718 2974 2086 3039 consistorii
2147 2975 2345 3040 series
2366 3017 2388 3049 ,

831 3068 1040 3152 deque
1070 3072 1188 3135 isto
1221 3074 1459 3155 pariter
1507 3079 1694 3154 prout
1723 3071 1802 3135 de
1829 3069 1974 3137 aliis
2024 3092 2137 3154 per
2190 3058 2391 3155 ips'os·

832 3178 960 3231 met
992 3169 1453 3233 protonotarios
1481 3178 1688 3234 aetum
1713 3169 1845 3253 jam
1879 3169 2127 3237 fuerat..
2174 3189 2396 3250 peren·

831 3265 1019 3328 netad
1045 3273 1336 3330 posteros
1365 3273 1764 3346 permanaret
1791 3266 2232 3328 documentum
2263 3273 2390 3326 tam

834 3361 1286 3427 disertissimae
1310 3360 1745 3434 allocutionis,
1775 3381 1898 3443 qua
1921 3368 2209 3425 Summus
2222 3362 2389 3425 idem

833 3455 1119 3523 Pontifex
1159 3462 1497 3525 Actionem·
1548 3460 2058 3524 consistorialem
2115 3459 2348 3540 inrepit
2369 3501 2390 3533 ‚

835 3575 1022 3638 quam
1062 3558 1511 3639 suffragiorum
1533 3599 1555 3629 ,
1612 3557 1839 3638 quibus
1898 3554 2386 3618 Eminentissimi

830 3671 904 3715 ac
934 3652 1458 3718 Reverendissimi
1493 3651 1738 3716 Domini
1793 3651 2149 3715 cardinales
2171 3694 2192 3724 ,
2253 3671 2393 3716 nec-

830 3766 957 3811 non
990 3746 1509 3812 Reverendissimi
1551 3744 1940 3809 patriarchae
1963 3787 1985 3817 ‚
2044 3745 2391 3827 Archiepis·

833 3843 973 3934 copj
1000 3886 1019 3912 ,
1049 3852 1115 3907 et
1143 3841 1444 3924 Episcopi
1478 3861 1699 3904 omnes
1731 3841 1792 3902 in
1824 3840 1991 3904 Urbe
2047 3841 2392 3924 degentes,

834 3938 1001 4002 etad
1031 3938 1147 4001 boc
1184 3935 1510 4018 speciatim
1572 3937 1760 3999 etiam
1818 3937 2171 4000 sanctitatis
2230 3943 2389 4002 Suae

828 4033 1081 4097 nomine
1112 4054 1228 4117 per
1259 4031 1472 4096 literas
1504 4032 1835 4096 secretarii
1885 4033 2393 4116 congregationis

833 4133 991 4197 sacri
1015 4131 1281 4197 concilii
1305 4129 1651 4194 Tridentini
1673 4129 1881 4202 acciti,
1902 4131 2063 4212 apud
2096 4131 2389 4195 eumdem

830 4229 1295 4294 Sanctissimnm
1328 4247 1442 4310 pro
1466 4227 1934 4310 complemento
1960 4226 2265 4291 solemnis
2287 4232 2396 4292 ca·

831 4324 1244 4391 nonizationis
1277 4323 1546 4389 indictae
1574 4322 1941 4407 suppliciter
1968 4322 2345 4388 insteterunt
2371 4347 2391 4386 ε

830 4423 980 4488 nihi
1005 4420 1404 4503 infrascripto
1433 4422 1645 4486 primo
1689 4419 2197 4505 Apostolicarum
2245 4425 2396 4485 cae·

832 4519 1256 4587 remoniarum
1284 4518 1584 4602 Magistro
1605 4560 1626 4592 ‚
1656 4536 1729 4581 ac
1759 4518 2157 4599 apostolicae
2188 4517 2393 4582 .Sedis

831 4619 1089 4686 Notario
1112 4661 1133 4690 ,
1164 4615 1595 4682 protonotario
1615 4622 1970 4698 nuncupato
1998 4615 2396 4697 stupentibus

832 4737 906 4782 ac
932 4712 1386 4780 admirantibus
1415 4714 1709 4777 omnibus
1736 4709 2289 4794 promptitudinem
2330 4731 2393 4774 a·

833 4814 1025 4883 nimi,
1054 4809 1297 4897 ingenii
1335 4809 1707 4875 felicitatem
1740 4827 1813 4873 ac
1872 4801 2194 4891 providam
2239 4814 2393 4871 San·

832 4910 1063 4974 etitatis
1092 4917 1247 4974 Silae
1279 4926 1490 4970 curam
1515 4949 1535 4979 ,
1567 4928 1688 4988 qua
1716 4905 2054 4986 inopinatis
2083 4906 2273 4971 etiam
2292 4927 2394 4971 ca·

833 5007 1003 5073 sibus
1029 5016 1522 5086 extemporanee
1549 5004 1863 5075 consulit,
1920 5000 2271 5067 formaliter
2297 5001 2389 5064 in·

828 5105 1070 5188 junxit,
1098 5098 1449 5164 mandando
1474 5108 1542 5164 ut
1573 5119 1763 5161 unum
1793 5099 1892 5163 vel
1921 5099 2107 5182 plura
2143 5115 2390 5164 eurum-

833 5203 975 5264 dem
1011 5198 1577 5264 protonotariomm
1612 5196 1689 5260 de
1723 5215 1982 5260 numero
2011 5197 2392 5280 participan-

834 5301 988 5366 tium
1019 5343 1039 5372 ‚
1068 5307 1137 5363 ut
1165 5297 1405 5384 dictum
1438 5304 1531 5359 est
1552 5337 1572 5368 ,
1603 5295 1958 5358 absentium
1989 5294 2130 5359 loco
2184 5294 2394 5378 publi·

833 5405 976 5461 enm
1006 5401 1481 5459 tna-trumentum
1508 5435 1528 5461 ,
1561 5390 1657 5455 vel
1692 5398 2104 5457 Instrumenta
2131 5390 2393 5456 confice·

2497 761 2805 807 consensu
2835 747 2970 805 turn
3006 743 3684 809 Reverendissimorum
3737 752 3864 810 nt).
3921 753 4060 812 car·

2497 838 2799 902 dinalium
2824 881 2846 911 ‚
2876 857 3116 903 necnon
3158 839 3691 916 patriarcharum,
3753 842 4060 927 archiepi-

2503 954 2830 1018 scoporum
2851 977 2873 1007 ,
2902 934 3376 1017 Episcopus-um,
3399 937 3610 1020 deque
3637 942 3879 1003 &sumi
3909 948 4056 1006 pon-

2499 1031 2690 1096 tificis
2716 1031 3004 1098 oratione
3026 1041 3092 1097 et
3119 1032 3577 1111 deliberatione
3603 1056 3798 1118 super
3831 1036 4057 1102 sotem·

2501 1128 2563 1190 ni
2594 1128 3068 1192 canonizatione
3093 1134 3159 1191 B.
3193 1127 3554 1197 catbarktae
3582 1129 3666 1195 de
3695 1132 3922 1197 Rieciis
3943 1152 4059 1198 ima

2500 1242 2642 1288 cum
2674 1224 2816 1293 aliis
2844 1234 3114 1307 quatuor
3144 1226 3669 1309 suprarecensitis
3698 1228 3912 1301 Beatis
3943 1228 4061 1297 ,lta-

2500 1322 2704 1389 benda
2735 1322 2797 1385 in
2827 1320 3092 1386 Basilica
3122 1323 3414 1388 Vaticana
3446 1324 3548 1388 die
3575 1328 3681 1390 89.
3714 1326 4061 1408 praesentis

2507 1419 2740 1483 mensis
2769 1418 2935 1482 Junii
2978 1426 3341 1484 Sanctorum
3398 1420 3841 1501 Apostolorum
3901 1421 4060 1487 petri

2499 1523 2566 1581 et
2596 1514 2767 1578 pauli
2789 1514 2979 1599 hujus
3009 1514 3223 1579 Alutae
3251 1514 3434 1579 Urbis
3459 1522 3872 1582 patronorum
3894 1517 4061 1583 prin·

2497 1608 2791 1693 cipalinm
2823 1610 3126 1696 martyrio
3152 1617 3530 1675 consecrata.
3551 1613 3746 1696 cujus
3776 1630 4062 1695 supre-

2501 1709 2786 1771 mandata
2819 1706 3300 1770 venerabundus
3326 1708 3590 1789 excepi,
3622 1718 3818 1791 atque
3847 1709 3910 1772 in
3961 1731 4061 1794 ge-

2496 1820 2619 1867 nua
2653 1804 3019 1884 provolutus
3049 1802 3377 1885 respondit
3428 1808 3806 1882 conficiente
3864 1815 3931 1872 et
3985 1808 4059 1871 ad

2499 1899 2865 1964 Familiares
2921 1898 3278 1965 Pontificius
3306 1919 3647 1965 conversus
3706 1903 4063 1969 advocando

2501 2017 2613 2060 eos
2646 1997 2706 2056 in
2738 1994 2961 2060 Testes
2981 2038 3003 2068 ,
3033 1995 3200 2059 dixi:
3242 2001 3418 2061 Vobis
3457 2001 3732 2063 Tuticus
3757 2023 3779 2061 ε

2627 2098 2828 2167 Quare
2859 2091 3229 2174 utinjuncto
3259 2091 3412 2156 mibi
3441 2096 3698 2160 muneri*
3713 2096 3942 2175 faciam
3972 2118 4065 2163 aa·

2504 2187 2583 2251 tis
2604 2232 2625 2260 ,
2657 2194 2950 2253 Actorum
2982 2190 3257 2252 omnium
3289 2189 3520 2256 seriem
3578 2191 3682 2257 hic
3731 2192 4060 2259 referendo

2505 2294 2744 2359 testor,
2772 2285 2940 2367 quod
2971 2285 3159 2351 bodie
3190 2287 3359 2351 idem
3391 2287 3842 2354 sanctissimus
3865 2289 4066 2356 Domi-

2501 2403 2617 2447 nus
2647 2388 2873 2447 Noster
2897 2387 3378 2457 BBNEDIOEUS
3408 2384 3626 2451 Divina
3675 2386 4064 2452 providentia

2501 2487 2660 2562 papa
2693 2487 2843 2543 xlv.
2874 2479 3028 2545 bora
3060 2485 3158 2547 13.
3188 2482 3271 2546 de
3298 2481 3429 2546 suis
3460 2481 3697 2547 intimis
3739 2483 4062 2550 cubiculis

2501 2577 2720 2644 palatii
2744 2575 3088 2660 Apostolici
3112 2577 3456 2653 Quirinalis
3478 2579 3544 2642 in
3564 2579 3725 2645 Aula
3743 2587 4065 2646 paramen-

2502 2683 2708 2741 torum
2735 2675 2861 2760 jam
2897 2675 3077 2740 Falda
3109 2676 3503 2759 praecinctus
3543 2678 3859 2760 processit
3881 2721 3904 2753 ,
3950 2678 4067 2741 ibi-

2499 2796 2624 2856 que
2653 2794 2765 2856 per
2796 2772 3340 2840 Eminentissimos
3371 2773 3452 2839 de
3481 2774 3742 2840 Uatinia
3770 2820 3792 2850 ‚
3850 2783 3916 2841 et
3968 2772 4069 2838 Al-

2505 2874 2730 2935 hanum
2763 2871 3068 2936 Diaconos
3097 2870 3457 2938 cardinales
3507 2871 3902 2956 antiquiores
3951 2871 4068 2937 fuit

2502 2969 2981 3043 sacris-‚indutus
3006 2969 3291 3036 vestibus
3322 2991 3440 3053 una
3469 2991 3614 3037 cum
3655 2968 3923 3037 pluviali
3973 2989 4069 3034 ru-
4169 2991 4173 2996 ·

2504 3069 2617 3131 bro
2647 3075 2710 3132 et
2734 3068 2913 3132 uiua
2943 3065 3215 3147 simplici
3247 3068 3616 3132 redimitusz
3647 3074 3811 3131 Tum
3857 3086 4064 3150 praee-

2502 3174 2647 3227 unte
2677 3163 2882 3246 papali
2908 3169 3107 3228 cruce
3137 3165 3217 3228 ab
3251 3165 3549 3228 Auditore
3580 3172 3777 3228 Rotae
3811 3186 3891 3228 ex
3941 3183 4068 3227 mo-

2507 3283 2574 3323 re
2604 3260 2811 3324 delata
2842 3260 2994 3323 exiit
3022 3261 3085 3323 in
3105 3259 3288 3326 ¹illam
3311 3260 3559 3332 Aulam,
3588 3281 3747 3342 quae
3779 3259 3924 3325 loco
3951 3266 4063 3324 Du·

2498 3357 2657 3422 calis
2688 3357 3022 3421 substituta
3049 3354 3294 3432 fuerat;
3324 3375 3440 3437 pro
3467 3356 3863 3422 Consistorio
3889 3374 4072 3440 paraq

2500 3463 2624 3518 tam
2650 3482 2666 3517 ι
2700 3454 2918 3519 statim
2949 3474 3021 3518 ac
3048 3453 3168 3517 fuit
3199 3455 3266 3517 in
3296 3454 3446 3518 sede
3475 3454 3910 3535 compositus,
3967 3470 4059 3515 sa-

2500 3573 2642 3617 crae
2679 3550 3143 3622 consistorialis
3172 3551 3370 3615 Aulae
3402 3556 3626 3615 custos
3655 3571 3772 3634 per
3812 3567 4070 3614 consue·

2505 3658 2562 3713 ta
2595 3653 2822 3715 verba=
2862 3655 3060 3712 Extra
3088 3667 3333 3712 omnen
3368 3651 3638 3712 Cunctos
3695 3647 4062 3718 admonuit,

2504 3757 2571 3811 ut
2603 3745 2768 3810 foras
2795 3745 3080 3811 exirent:
3114 3743 3482 3825 clausisque
3541 3745 3808 3809 subinde
3861 3742 4068 3829 januis

2505 3850 2663 3922 papa
2691 3862 2836 3907 cum
2864 3841 3299 3907 cardinalibus
3322 3849 3633 3908 secretum
3663 3841 3886 3906 habuit
3915 3846 4066 3904 con·

2501 3937 2820 4001 sistorium
2844 3981 2865 4009 ,
2897 3956 2934 3999 a
2961 3939 3138 4020 cujus
3168 3939 3441 4022 negotiis
3500 3941 3835 4021 expeditus
3895 3957 4060 4002 man·

2502 4033 2720 4108 davit,
2745 4043 2816 4096 ut
2844 4034 3231 4099 patriarchae
3252 4078 3273 4108 ,
3304 4035 3770 4121 Arcbiepiscopi
3800 4047 3871 4103 et
3931 4033 4067 4119 Epi-

2504 4132 2675 4212 scopi
2726 4131 3121 4215 sufl'ragaturi
3182 4132 3792 4210 intromitterentur3
3854 4136 4065 4215 sicque

2502 4228 2864 4294 executioni·
2887 4242 3030 4293 cum
3059 4226 3254 4293 fuerit
3282 4230 3753 4304 demandatum,
3778 4231 4063 4316 injunxit,

2501 4335 2571 4392 ut
2599 4345 2784 4391 nemo
2812 4325 3080 4407 amplius
3109 4325 3279 4391 tatus
3306 4328 3675 4401 accederet,
3704 4329 3828 4393 etsi
3855 4348 3933 4393 ex
3958 4346 4062 4411 po·

2501 4431 2637 4489 stea
2667 4424 3075 4496 adventaret,
3108 4443 3186 4485 ne
3217 4424 3529 4505 inceptam
3572 4426 3889 4492 actionem
3945 4441 4059 4490 suo

2501 4522 2872 4586 deturbaret
2897 4521 3185 4600 ingressu
3210 4545 3226 4580 z
3261 4526 3416 4586 cum
3445 4520 3663 4604 itaque
3688 4522 4061 4593 accidisset,

2499 4617 2670 4701 quod
2702 4615 3115 4682 protonotarii
3143 4624 3208 4682 et
3238 4624 3607 4683 procurator
3637 4617 3895 4684 piscalis
3950 4616 4059 4684 ἀα-

2504 4716 2587 4782 cti
2614 4713 2824 4779 forsan
2850 4735 2985 4796 spe,
3015 4719 3085 4778 ut
3112 4722 3422 4778 neretum
3454 4715 3908 4796 consistorium
3927 4712 4060 4777 lon·

2501 4814 2658 4897 giori
2690 4820 2976 4891 tempore
2995 4819 3168 4875 esset
3194 4810 3588 4884 duraturum,
3611 4813 3853 4878 tardius
3873 4826 4058 4894 quam

2503 4931 2659 4992 opus
2701 4906 3208 4985 erat‚Quirinale
3237 4908 3566 4989 petiissent
3586 4948 3607 4979 ,
3643 4927 3792 4990 prae
3819 4905 4059 4970 foribus

2501 5023 2828 5071 remanere
2859 5003 3060 5070 coacti
3112 5010 3275 5068 sunt.
3332 5005 3818 5069 considentibus
3876 5000 4058 5088 igitar

2501 5099 3028 5166 Eminentissimis
3081 5106 3205 5162 Di).
3270 5101 3706 5166 cardinalibus
3725 5145 3746 5176 ,
3803 5099 4057 5182 citeris·

2503 5220 2627 5282 que
2654 5199 2793 5268 allis
2822 5197 3137 5286 stantibus
3164 5195 3505 5280 praefatam
3537 5197 3754 5263 babuit
3783 5190 3939 5279 ,papa
3958 5194 4057 5259 Al-

2508 5293 2888 5358 locutionem
2915 5317 2937 5368 ς
2972 5291 3173 5375 eaque
3200 5293 3447 5375 expleta
3478 5295 3586 5375 qui
3618 5285 3906 5366 sta'bant,
3962 5313 4059 5357 aa·

2504 5392 2822 5455 siderant:
2854 5397 3025 5455 Tunc
3054 5389 3602 5454 Eminentissimus
3629 5391 3847 5455 carafa
3879 5390 4051 5471 Epis·
