4442 6300
1488 518 1834 588 eumont
1885 516 2355 574 sanctonum
2392 522 2560 574 mc.

426 660 819 749 gratissimos
847 682 1132 728 rosarum
1160 662 1353 728 flores
1408 669 1668 746 repente
1729 682 1991 728 conver·

427 780 534 825 sae
557 804 578 834 ‚
607 760 839 842 quihus
872 758 1099 825 eximia
1137 758 1304 824 Petri
1338 757 1617 843 Regalati
1650 758 1714 821 in
1755 767 1991 843 Paupe-

424 876 541 945 res¹
555 857 825 921 charitas
857 855 972 919 fuit
1001 857 1080 921 ab
1111 854 1472 938 improvidis
1499 850 1638 938 ejus
1681 856 1992 920 obtrecta-

427 954 670 1018 toribus
704 952 1084 1018 mirahiliter
1110 944 1444 1018 v'in'dicata.
1477 953 1599 1016 Sed
1638 952 1822 1039 longe
1860 972 1989 1015 me·

431 1047 553 1113 lior
581 1059 648 1116 et
677 1051 930 1116 suavior
958 1050 1184 1115 Christi
1218 1051 1375 1115 odor
1402 1049 1521 1115 tuit
1548 1051 1682 1134 ipse
1727 1058 1950 1117 Petrus
1970 1094 1992 1124 ‚

424 1152 627 1231 q'num
650 1149 1017 1230 Seraphicac
1049 1148 1339 1213 Familiae
1379 1148 1632 1214 hortum
1684 1171 1720 1215 a
1779 1148 1992 1232 primi-

425 1238 611 1331 genio
644 1246 1049 1334 Evangelicae
1083 1244 1486 1330 perfectionis
1508 1248 1664 1312 flore
1694 1244 1993 1312 deficien-

426 1351 556 1408 tem
578 1387 600 1419 ,
621 1351 921 1426 tanquam
948 1343 1153 1407 lilium
1182 1345 1246 1406 in
1274 1343 1533 1410 dumeto
1575 1342 1993 1409 foecundissi-

424 1461 528 1505 me
572 1440 927 1525 germinans
951 1484 972 1515 ‚
1030 1441 1294 1523 perenni
1353 1442 1654 1506 virtutum
1713 1440 1992 1505 omnium

419 1535 760 1629 fragrantia
790 1540 1096 1603 recreavit
1123 1536 1587 1623 roboravitque.
1617 1545 1808 1604 Decet
1832 1537 1992 1622 jam-

422 1655 576 1702 vero
600 1679 620 1707 ‚
649 1640 1112 1701 BEATtssmE
1143 1641 1394 1701 PATER
1416 1630 1447 1708 ,'
1470 1644 1790 1701 strennum
1831 1635 1993 1701 hunc

425 1731 763 1796 severioris
796 1730 1129 1813 religiosae
1160 1731 1535 1816 disciplinae
1591 1740 1996 1797 Restant-ato-

432 1838 567 1891 rem
599 1829 1036 1894 communibus
1063 1827 1392 1893 universae
1426 1827 1748 1893 Ecclesiae
1795 1826 1995 1892 laudi-

426 1926 549 1991 hns
578 1925 891 1991 celebrari
913 1969 936 2000 ,
963 1932 1031 1990 nt
1064 1926 1492 2008 unnsquisque
1517 1925 1817 1990 Fidelinm
1852 1926 1993 2008 ejus

426 2012 722 2107 exemplo
752 2034 941 2106 atque
972 2022 1284 2105 praesidio
1335 2022 1635 2097 fulcitus,
1691 2030 1992 2106 tanquam

423 2119 545 2185 flos
571 2128 777 2186 terrae
804 2120 1234 2187 fructificantis
1279 2128 1410 2186 Deo
1431 2165 1453 2196 ,
1514 2121 1777 2186 vividior
1830 2143 1995 2187 sem·

425 2226 544 2302 per
568 2214 858 2283 effloreat
885 2223 951 2282 in
980 2218 1534 2285 sanctificationem
1572 2238 1779 2285 suam.

470 2413 973 2478 temnamus
1005 2416 1121 2476 Tit.
1150 2414 1212 2478 S.
1267 2415 1590 2477 Pancmtti
1631 2416 1951 2494 Presbyter

887 2514 1244 2577 Cardinalis
1268 2514 1515 2576 Lentu.

470 2779 475 2782 g
551 2708 879 2779 Intertot,
940 2724 1097 2788 qnos
1151 2702 1607 2788 amplissimum
1665 2705 1989 2787 Hispania·

429 2817 571 2863 rum
601 2805 924 2884 Regnum,
954 2800 1150 2866 veluti
1181 2801 1445 2865 uberem
1503 2800 1758 2884 pietatis
1817 2819 1994 2893 sege-

425 2896 597 2973 te'm,
625 2899 793 2961 omni
821 2920 974 2964 aevo
1021 2896 1168 2963 tulit
1221 2897 1591 2980 conspicuos
1650 2899 1989 2963 Sanctitate

427 2994 652 3070 Viros,
684 2994 995 3080 insignem
1027 3004 1198 3061 certe
1226 2994 1481 3060 locum
1458 3015 1604 3079 jure
1643 2997 1890 3060 obtinet
1919 3001 1988 3059 B.

422 3094 645 3158 Petrus
669 3095 1005 3179 Regalatus
1037 3094 1372 3160 strictioris
1397 3092 1487 3157 ibt
1519 3093 1946 3178 disciplinae
1924 3113 1990 3157 m

428 3191 833 3257 franciscana
859 3193 1123 3258 Familia
1151 3191 1393 3257 Author
1431 3191 1716 3257 eximius.
1771 3198 1994 3267 Quam-

427 3308 614 3370 quam
642 3290 816 3353 enim
850 3289 1115 3356 oculatis
1138 3290 1434 3356 'restibus
1461 3332 1482 3364 ,
1541 3297 1728 3373 prout
1789 3289 1986 3355 moris

430 3395 531 3451 est
552 3430 571 3459 ,
605 3387 806 3469 ipsius
834 3386 1121 3452 heroicae
1149 3388 1410 3453 virtutes
1439 3388 1520 3452 ob
1551 3388 1859 3471 temporis
1887 3406 1992 3451 an-

424 3482 780 3565 tiquitatem
811 3484 1067 3550 minime
1097 3485 1348 3568 probari
1380 3491 1613 3566 queant
1634 3529 1656 3558 ,
1683 3482 1899 3547 floruit
1928 3504 1993 3548 e-

428 3580 559 3644 nim
591 3577 808 3647 seculo
836 3587 991 3658 XV„
1026 3582 1228 3666 Ipsius
1258 3591 1469 3646 tamen
1499 3588 1803 3666 perpetua
1861 3581 1994 3664 qui·

432 3675 576 3743 'd‘em
605 3700 677 3744 ac
707 3688 998 3745 constans
1030 3679 1200 3744 fama
1231 3679 1582 3743 sanctitatis
1610 3678 1798 3763 longe
1837 3678 1993 3743 late·

429 3794 552 3857 que
583 3795 698 3856 per
720 3777 1081 3859 Hispaniam
1110 3777 1461 3841 universam
1481 3820 1502 3851 ,
1533 3785 1661 3840 tam
1697 3775 1845 3839 dum
1908 3776 1995 3840 vi·

422 3877 639 3946 veret,
671 3894 858 3955 quam
890 3882 1034 3955 post
1063 3873 1203 3957 eins
1233 3872 1474 3936 obitum
1521 3872 1801 3938 omnium
1861 3891 1995 3937 ser-

430 3989 618 4054 mone
649 3969 973 4035 hominum
1007 3976 1338 4056 pervagata
1363 4013 1384 4044 ,
1411 3990 1485 4034 ac
1521 3969 1899 4034 certissimis
1923 3969 1995 4032 fl-

431 4065 512 4130 de
544 4068 968 4133 monumentis
986 4089 1099 4151 per
1117 4088 1334 4133 manns
1363 4066 1557 4131 veluti
1585 4067 1839 4150 tradita,
1858 4066 1994 4132 lon·

427 4182 660 4248 gaevus
690 4163 952 4250 insuper
977 4166 1041 4228 in
1071 4186 1216 4231 enm
1275 4164 1689 4247 Hispanorum
1748 4164 1952 4230 cultus
1971 4209 1994 4241 ,

429 4260 603 4346 signa
633 4259 822 4326 etia'm
850 4263 1056 4347 ipsius
1084 4262 1328 4328 meritis
1367 4282 1402 4327 a
1433 4268 1566 4327 Deo
1625 4280 1697 4326 ac
1754 4270 1995 4345 patrata

428 4360 717 4442 prodigia
751 4355 1003 4424 omnino
1034 4360 1379 4444 efflagitare
1426 4360 1759 4434 videntur,
1815 4366 1997 4425 ΒΕΑ-

428 4462 731 4526 Tlssmss
763 4464 1017 4523 ΡΔΞῙῈΒ
1043 4501 1063 4530 ,
1091 4457 1276 4520 illum
1334 4458 1502 4522 inter
1558 4462 1813 4523 sanctos
1870 4459 1995 4524 rite

429 4572 574 4646 esse
602 4554 1197 4621 connumerandum.

492 4749 1005 4812 -FRANclchs
1039 4753 1152 4812 Tit.
1186 4753 1246 4814 S.
1283 4752 1520 4813 Morino
1555 4755 1623 4813 do
1661 4751 1899 4827 Populo

606 4935 617 4941 ‘
713 4847 1036 4925 Presbyter
1066 4852 1416 4911 cardinalis
1447 4852 1714 4912 Riccius.

556 5039 1020 5109 Bsss'rrssmss
1051 5048 1327 5108 PATER.
1360 5049 1429 5107 B.
1459 5050 1683 5109 Petrus
1729 5040 1993 5127 Regela-

431 5141 534 5200 tns
561 5131 1212 5206 consummatissimae
1243 5139 1613 5206 christianae
1665 5139 1999 5224 perfectio·

431 5234 543 5298 nis
559 5248 924 5324 argumenta
955 5239 1019 5303 in
1046 5227 1183 5322 ipso
1213 5237 1572 5305 claustralis
1629 5238 1875 5302 Ordinis
1932 5243 1993 5302 S·

3385 524 3487 575 1⁹1

2100 662 2243 748 ejus
2266 706 2287 737 ,
2316 671 2385 728 et
2411 661 2680 728 erudivit
2710 682 2874 731 enm.
2905 662 3004 727 Nil
3029 662 3256 728 mirum
3286 663 3481 746 igitnr
3500 665 3670 747 quod

2098 760 2300 843 ipsius
2328 759 2856 843 praeclarissimas
2886 761 3204 834 virtutes,
3248 761 3457 835 Fidei,
3516 760 3664 844 Spei

2102 867 2170 923 et
2195 856 2524 923 Charitatis
2553 859 2967 925 cumulaverit
3022 859 3322 924 Dominus
3381 867 3472 923 tot
3513 858 3666 923 insi-

2103 955 2330 1038 gnibus
2356 955 2538 1020 donis
2568 964 2636 1020 et
2666 957 2984 1022 miraculis
3006 1000 3027 1031 ,
3059 958 3195 1040 ipsa
3245 976 3455 1020 rernm
3489 956 3664 1022 natu-

2101 1071 2169 1118 ra
2198 1050 2538 1118 famulante
2570 1051 2743 1118 fldeli
2772 1075 2843 1119 ac
2904 1054 3193 1139 prudenti
3257 1061 3484 1127 Servo,
3551 1054 3660 1138 qui

2101 1150 2550 1216 ardentissimo
2578 1171 2788 1216 amore
2815 1161 2884 1217 et
2910 1172 3071 1234 puro
3113 1153 3307 1218 corde
3363 1152 3505 1235 ejus
3562 1172 3667 1216 au-

2100 1255 2345 1313 ctorem
2378 1256 2513 1315 toto
2540 1248 2709 1315 vitae
2738 1249 3050 1315 curriculo
3082 1249 3509 1314 intensissime
3561 1269 3668 1315 co·

2101 1343 2244 1408 luit.
2275 1352 2447 1422 Quae
2474 1366 2618 1412 cum
2652 1348 2739 1413 ita
2771 1347 2890 1411 sint
2914 1390 2935 1421 ,
2968 1356 3146 1413 tuum
3178 1349 3306 1413 erit
3358 1352 3663 1411 BEATIS-

2103 1448 2286 1507 snm
2312 1450 2608 1520 PATER,
2636 1444 2853 1508 Virum
2883 1445 3074 1510 istum
3106 1444 3298 1509 tantis
3328 1445 3573 1510 meritis
3603 1450 3669 1510 et

2101 1540 2407 1627 prodigiis
2434 1551 2869 1608 coruscantem
2902 1550 3264 1608 Sanctorum
3297 1543 3499 1608 Fastis
3557 1543 3668 1607 ad·

2105 1638 2382 1704 scrihere
2403 1682 2425 1714 ,
2454 1647 2527 1704 nt
2552 1660 2780 1706 novum
2811 1640 3339 1707 christifidelibus
3370 1640 3452 1705 sit
3479 1641 3669 1704 virtu-

2100 1741 2233 1798 tum
2264 1737 2630 1819 exemplar,
2662 1736 2769 1819 qni
2796 1737 2858 1798 in
2890 1738 3184 1803 omnihus
3240 1758 3309 1803 se
3366 1738 3667 1822 praebuit

2100 1831 2403 1900 factorem
2437 1835 2751 1903 honorum
2780 1855 3055 1918 opernm.

2107 2125 2557 2190 Ana-omns
2591 2127 2706 2190 πε.
2740 2127 2802 2190 s.
2838 2129 3124 2191 samm
3146 2131 3214 2189 a·
3246 2131 3462 2205 capno
3489 2113 3681 2192 rna?

2478 2228 2648 2303 buter
2672 2229 3029 2289 Gordianus
3059 2228 3279 2304 Rufus.
3337 2322 3340 2327 .

2220 2519 2456 2582 Beatus
2483 2522 2707 2583 Petrus
2738 2516 3015 2601 Regalati
3041 2518 3204 2582 viam
3232 2515 3666 2583 mandatorum

2099 2611 2213 2676 Dei
2241 2614 2552 2688 cucurrit,
2579 2635 2720 2678 cnm
2752 2616 3049 2680 Dominus
3098 2618 3178 2680 ab
3233 2615 3663 2681 adolescentia

2101 2707 2389 2780 dilatavit
2416 2731 2528 2775 cor
2556 2711 2716 2795 ejus.
2744 2713 2925 2778 Viam
2957 2711 3311 2796 hujusmodi
3351 2711 3670 2795 ingressus

2099 2805 2337 2890 incepit
2357 2852 2377 2882 ,
2405 2807 2712 2891 perfecit,
2740 2810 3319 2891 consummavitque
3372 2810 3665 2874 innocen·

2101 2912 2216 2968 ter.
2266 2909 2556 2988 Impuher
2607 2907 2811 2970 adhuc
2871 2906 3309 2971 Franciscanae
3369 2905 3662 2972 Familiae

2100 2996 2332 3066 nomen
2361 3003 2558 3077 dedit,
2588 3012 2776 3086 atque
2807 3003 2921 3068 hac
2953 3023 3108 3067 nova
3141 3003 3203 3065 in
3236 3006 3462 3070 semita
3493 3005 3661 3069 exul·

2104 3094 2347 3164 tavitut
2367 3101 2543 3186 gigas
2562 3101 2640 3165 ad
2663 3101 3031 3168 currendam
3060 3098 3458 3182 perfectionis
3474 3103 3663 3169 viam.

2103 3202 2181 3261 Ut
2209 3198 2384 3262 enim
2418 3200 2776 3264 ostenderet
2803 3200 2973 3281 qnod
2997 3198 3237 3282 viveret
3292 3200 3427 3282 ipse
3447 3245 3467 3273 ,
3525 3202 3657 3286 jam

2100 3313 2226 3358 non
2255 3294 2391 3380 ipse
2413 3340 2434 3371 ,
2463 3295 2576 3361 sed
2603 3296 2841 3361 viveret
2874 3296 2937 3359 in
2967 3316 3047 3360 eo
3101 3298 3382 3361 cbristus
3434 3305 3621 3363 Iesus
3641 3322 3662 3360 ε

2103 3387 2155 3454 si
2189 3391 2359 3471 qu'od
2395 3391 2653 3455 arduum
2681 3391 3090 3466 humilitatis,
3137 3392 3474 3473 patientiae
3498 3438 3519 3468 ,
3564 3415 3671 3459 au·

2103 3487 2429 3562 steritatis,
2459 3487 2855 3570 flagrantisve
2886 3489 3204 3554 charitatis
3230 3483 3671 3576 argumentum

2102 3589 2241 3657 est,
2283 3584 2349 3647 in
2407 3606 2477 3651 se
2535 3585 2674 3668 ipso
2723 3585 3224 3652 cumulatissime
3282 3588 3663 3671 complevit3

2098 3678 2385 3764 hancque
2417 3681 2710 3747 crucifixi
2740 3683 3075 3768 imaginem
3103 3684 3235 3767 jam
3264 3685 3328 3747 in
3375 3706 3454 3750 eo
3483 3687 3670 3751 effor-

2103 3784 2336 3843 matam
2359 3823 2381 3853 ,
2411 3787 2479 3844 ut
2506 3779 2572 3843 in
2602 3779 2764 3846 alies
2793 3783 3343 3864 peu-imitationem
3373 3782 3672 3848 transfer-

2106 3884 2233 3950 ret,
2263 3883 2329 3941 et
2357 3877 2633 3942 studium
2662 3886 2730 3943 et
2759 3898 3011 3959 operam
3043 3879 3375 3962 impendit,
3398 3887 3466 3945 nt
3494 3886 3671 3945 Sera·

2102 3970 2282 4053 pbica
2301 3973 2519 4058 regula
2541 3974 2939 4039 exactissime
2959 3983 3316 4040 servaretur
3336 4002 3353 4038 ι
3385 3976 3672 4050 Quinim-

2109 4090 2213 4135 mo
2241 4072 2436 4136 sancti
2468 4069 2775 4135 Francisci
2808 4073 3090 4155 spiritum
3122 4073 3537 4150 aemulando,
3570 4096 3671 4139 so·

2101 4167 2354 4232 litndini
2386 4188 2424 4233 a
2450 4168 2696 4232 florenti
2730 4175 2936 4233 aetate
2956 4189 3025 4232 se
3048 4168 3327 4239 addixit,
3359 4178 3547 4253 atque
3571 4192 3671 4236 so-

2099 4266 2292 4333 litarii
2322 4285 2608 4331 recessus
2629 4265 2762 4348 jam
2795 4266 3036 4348 pridem
3090 4265 3153 4327 in
3185 4266 3416 4331 Ordine
3474 4266 3673 4331 Mino-

2100 4383 2239 4427 rum
2269 4361 2539 4427 instituti
2569 4361 2777 4426 extitit
2807 4368 3134 4427 Promotor
3174 4363 3452 4446 insignis.
3511 4370 3665 4428 Tam

2102 4460 2393 4543 operosis
2414 4458 2757 4523 virtutibus
2787 4466 3042 4524 ornatus
3071 4459 3148 4523 ad
3179 4458 3430 4525 culmen
3461 4460 3667 4542 perfe-

2102 4555 2326 4620 ctionis
2350 4563 2419 4621 et
2444 4554 2764 4621 charitatis
2802 4556 2868 4619 in
2922 4563 3120 4620 Deum
3180 4564 3244 4621 et
3301 4557 3663 4622 Proximum

2104 4652 2411 4736 pervenit,
2442 4659 2509 4715 nt
2537 4649 2636 4716 vel
2664 4659 2951 4717 mortuns
2981 4661 3047 4718 et
3069 4653 3195 4737 jam
3228 4652 3510 4735 sepultus
3533 4654 3671 4718 nul-

2104 4750 2169 4815 lo
2199 4749 2557 4814 mortalium
2623 4749 2927 4814 moliente
2946 4792 2969 4822 ‚
3037 4749 3438 4833 sepulchrum
3496 4749 3670 4818 illico

2078 4855 2388 4932 ‘apertum
2418 4855 2514 4912 est
2536 4890 2557 4921 ,
2587 4855 2653 4911 et
2683 4867 2933 4910 manum
2967 4867 3144 4911 snam
3198 4846 3443 4929 apernit
3497 4847 3670 4929 inopi

2107 4945 2393 5028 petenti,
2422 4952 2486 5009 et
2516 4943 2753 5029 palmas
2782 4964 2926 5008 snas
2965 4944 3248 5009 extendit
3303 4943 3381 5007 ad
3435 4949 3665 5027 paupe-³

2110 5063 2265 5107 rem.
2296 5050 2364 5105 ln
2395 5041 2555 5108 votis
2582 5061 2735 5126 ergo
2764 5041 3037 5104 omnium
3087 5050 3227 5116 est,
3286 5046 3663 5104 BEATISSI·

2105 5146 2217 5204 ME
2249 5146 2537 5210 PATER,
2570 5147 2640 5202 ut
2666 5158 2781 5221 per
2812 5159 3057 5205 sacrum
3089 5147 3155 5203 et
3184 5137 3504 5221 publicum
3533 5136 3671 5203 cnl-

2105 5245 2237 5301 tum
2265 5258 2300 5300 a
2330 5244 2418 5300 Te
2449 5237 2771 5301 decretum
2805 5235 2959 5298 fiat
2941 5257 3002 5298 m
3051 5235 3404 5320 praesentis
3460 5229 3674 5301 seculi

433 5332 744 5396 nancisci
772 5335 1085 5399 Tirocinio
1116 5337 1407 5400 omnibns
1425 5334 1744 5419 patefecit.
1778 5341 1866 5397 De
1890 5353 1996 5399 ex·
2097 5333 2570 5400 calamitatibus
2628 5332 2903 5399 omnium
2968 5333 3218 5417 adjutor
3267 5332 3492 5408 fortis,
3552 5333 3664 5417 qui

435 5426 610 5496 celso
639 5431 871 5498 etenim
897 5432 1073 5500 misit
1093 5433 1437 5501 Dominus
1418 5453 1631 5520 ignem
1658 5431 1725 5497 in
1742 5430 1996 5499 ossibus
2103 5431 2457 5519 prodigium
2483 5431 2683 5500 factus
2712 5437 2811 5498 est
2840 5429 3078 5498 multis.
