4442 6300
837 408 885 453 Χ

667 556 805 629 bus
831 543 1252 642 sustentata,
1293 554 1604 625 maximis
1640 551 1808 626 Tibi
1851 551 2218 627 beneficiis
2246 578 2394 627 sese
2425 554 2820 658 profitetur
2847 555 3297 628 obstrictam.
3321 554 3590 630 Eadem
3618 555 3877 632 domus

669 689 801 761 Dei
837 684 1231 789 appellatio
1272 689 1343 756 in
1383 683 1774 786 Religiosos
1807 682 2123 758 Ordines
2159 684 2355 760 cadit
2382 712 2770 790 „quorum
2809 684 2922 761 alii
2962 688 3072 762 Te
3110 686 3489 763 adnitente
3526 688 3614 763 ad
3676 707 3884 766 vete-

668 846 835 894 rum
868 817 1112 922 legum
1149 817 1679 893 observantiam
1714 817 2030 894 revocati
2069 835 2265 906 sunt,
2301 819 2415 893 alii
2449 819 2534 894 ad
2565 822 2999 896 severiorem
3037 823 3543 896 sanctimoniae
3572 820 3888 925 discipli-

665 979 831 1027 nam
866 968 1039 1026 sunt
1075 949 1417 1025 traducti.
1450 952 1600 1024 Pro
1634 947 1858 1024 domo
1888 952 2019 1024 Dei
2053 950 2361 1056 Templa
2391 954 2609 1028 etiam
2635 951 3103 1055 intelligenda
3140 969 3331 1041 sunt3
3370 957 3532 1054 quis
3552 981 3876 1055 unquam

673 1084 786 1158 Te
823 1089 900 1158 in
936 1085 1016 1157 iis
1041 1099 1172 1156 aut
1195 1080 1700 1172 instaurandis,
1724 1097 1853 1154 aut
1886 1083 2418 1173 construendis,
2442 1103 2572 1195 aut
2594 1088 2792 1161 omni
2819 1110 3180 1158 sacrarum
3232 1110 3479 1158 rerum
3517 1082 3890 1189 suppelle-

671 1212 843 1289 ctile
879 1211 1316 1290 exornandis
1343 1208 1956 1314 magnificentior?
1983 1217 2363 1289 Postremo
2385 1215 2480 1303 ad
2500 1216 2796 1291 domum
2834 1219 2964 1290 Dei
2998 1215 3410 1319 Catholicae
3444 1220 3655 1290 etiam
3698 1220 3888 1290 Pro-

677 1349 954 1423 vinciae
985 1362 1157 1420 sunt
1196 1342 1656 1433 referendae,
1704 1370 2022 1445 quarum
2054 1344 2256 1419 nulla
2294 1365 2401 1422 est
2429 1364 2634 1422 tanto
2671 1347 3000 1421 locorum
3041 1344 3424 1424 intervallo
3449 1376 3487 1419 a
3523 1349 3744 1421 Nobis
3777 1374 3894 1421 se-

676 1476 980 1578 juncta3
1033 1493 1120 1550 ut
1177 1502 1329 1550 non
1383 1472 1526 1548 illic
1559 1472 1870 1576 plurima
1906 1479 2050 1549 sint
2109 1477 2646 1552 munificentiae
2708 1481 2912 1553 Tuae
2949 1478 3038 1553 ad
3078 1481 3499 1581 sempiterni
3539 1483 3896 1583 temporis

682 1610 1292 1715 praedicationem
1330 1611 1670 1709 impressa
1706 1610 2018 1710 vestigia.
2055 1612 2292 1713 Perge
2325 1616 2551 1715 igitur
2587 1630 2883 1687 strenue
2918 1616 3098 1688 Divi
3130 1616 3347 1688 Petri
3384 1616 3642 1701 Miles,
3676 1615 3901 1688 Fidei

679 1754 910 1820 avmis
964 1751 1317 1842 insignite
1378 1756 1728 1841 tanquam
1788 1737 1977 1813 alter
2025 1739 2437 1845 Alphonsus
2472 1801 2490 1832 ,
2559 1746 3176 1819 obedientissime
3236 1745 3630 1818 Ecclesiae
3690 1747 3845 1819 Fili
3873 1801 3894 1833 ,

681 1890 1029 1977 tanquam
1059 1870 1245 1947 alter
1278 1870 1759 1961 Sebastianus,
1786 1874 2308 1949 Barbaramm
2346 1880 2695 1951 Gentium
2742 1879 3078 1952 Domitor·
3112 1890 3460 1976 tanquam
3497 1871 3682 1948 alter
3719 1878 3904 1949 Em-

681 2003 996 2098 manuel,
1027 2001 1477 2108 (Pontificiis
1508 2001 1649 2104 jam
1681 2003 1918 2079 verbis
1947 2005 2168 2108 utar)
2205 2009 2490 2109 Perge,
2528 2010 2690 2081 Rex
2747 2008 3197 2080 Fmemssmss
3220 2060 3239 2094 ‚
3277 2026 3570 2082 certare
3625 2008 3899 2084 bonum

689 2160 1064 2216 certamen
1131 2139 1400 2226 Fidei,
1460 2153 1542 2213 ut
1611 2146 1821 2214 vitae
1880 2159 2240 2214 aeternae
2293 2149 2640 2242 praemia
2676 2141 2772 2213 ab
2813 2143 3156 2213 Auctore
3196 2139 3419 2213 Fidei
3444 2109 3782 2215 'nostrae
3834 2160 3904 2214 et

687 2290 1283 2352 consmnmator·e
1317 2274 1503 2347 Jesu
1531 2269 1826 2347 Chr-isto
1854 2278 2359 2371 consequaris.
2402 2272 2706 2344 Interim
2768 2286 3008 2342 tamen
3040 2295 3152 2343 me
3184 2265 3384 2342 Solio
3422 2269 3592 2341 Tuo
3624 2268 3907 2371 suppli-

689 2406 875 2480 citer
910 2402 1340 2479 advolutum
1382 2398 1674 2474 mirifica
1713 2398 1829 2474 illa
1870 2417 1993 2473 tua
2032 2402 2105 2474 in
2145 2426 2394 2476 omnes
2431 2404 2882 2477 humanitate
2917 2403 3194 2503 suscipe
3226 2455 3248 2491 ,
3282 2417 3358 2472 et
3389 2398 3655 2473 librum
3699 2400 3899 2474 hunc

694 2535 1069 2631 pontificia
1095 2537 1535 2610 auctoritate
1570 2534 1734 2606 satis
1766 2532 2357 2607 commendatum
2393 2532 2640 2637 Regali
2682 2533 3091 2635 patrocinio
3130 2506 3644 2633 complectere.
3675 2532 3765 2604 D.
3808 2534 3893 2604 O.

695 2672 797 2745 Μ.
832 2667 1282 2770 Maiestatem
1325 2682 1525 2740 tuam
1564 2663 1657 2738 ad
1691 2666 2015 2738 Lusitani
2047 2668 2276 2768 Regni
2317 2665 2342 2760 (
2370 2664 2573 2767 quod
2608 2667 2664 2739 F
2669 2689 2785 2736 me
2823 2687 3066 2736 runnu
3118 2661 3254 2734 sub
3289 2663 3903 2737 Finssmssmoaurvt

696 2803 979 2905 Regum
1007 2797 1364 2905 praesidio
1402 2823 1689 2902 semper
1718 2796 1860 2871 fuit
1891 2853 1911 2890 ,
1948 2825 2232 2903 semper
2269 2800 2599 2874 futurum
2631 2820 3000 2900 speramus
3026 2792 3056 2896 )
3083 2794 3532 2869 Felicitatem
3561 2847 3582 2883 ‚
3618 2793 3704 2867 ad
3727 2883 3732 2889 ὁ
3754 2797 3904 2867 Re-

700 2936 855 3039 giae
892 2930 1229 3009 Familiae
1293 2929 1668 3023 solatium,
1722 2929 1815 3005 ad
1846 2930 2215 3006 Ecclesiae
2269 2931 2682 3007 Catholicae
2720 2927 3195 3033 praesidium,
3240 2925 3333 2999 ad
3372 2926 3673 2998 Sanctae
3709 2926 3914 3000 Sedis

702 3085 1214 3143 ornamentum
1248 3119 1270 3158 ‚
1326 3064 1419 3141 ad
1481 3066 1708 3140 totius
1760 3067 2107 3168 Europae
2158 3064 2430 3152 decus,
2490 3063 2579 3136 ad
2615 3084 3079 3134 communem
3132 3053 3545 3130 mortalium
3583 3059 3910 3132 omnium

703 3198 1086 3276 utilitatem
1123 3227 1340 3302 quam
1379 3196 1770 3274 diutissime
1807 3196 2240 3270 incolumem
2279 3210 2535 3271 servet.
