4442 6300
1500 496 1846 563 outuoun
1913 497 2382 553 sanem-onum
2425 503 2589 553 irre.
3397 466 3508 552 31⁹

463 638 977 739 obstrinxerat.
1012 634 1218 734 Quid
1264 662 1441 718 vero
1476 638 1739 744 loquar
1775 640 2063 718 vincula
2090 701 2112 732 ,
2148 642 2431 749 flagella
2466 699 2486 735 ‚
2546 642 2822 747 lapides
2855 700 2875 731 ‚
2928 642 3301 746 naufragia
3332 696 3352 731 ,
3413 645 3681 719 immis-

464 760 702 831 siones
736 757 1131 832 bestiarum
1161 813 1182 850 ,
1218 774 1442 862 atque
1477 757 1609 832 alia
1648 757 1962 863 plurima
1990 814 2012 849 ‚
2048 786 2238 861 quae
2275 786 2522 865 passus
2556 778 2663 836 est
2692 760 2959 836 Paulus
2984 816 3004 852 ‚
3040 786 3384 864 quaeque
3402 762 3551 863 ipse
3586 760 3679 835 ad
3717 828 3726 835 .

466 874 887 950 Corinthios
919 875 1239 950 scribens
1273 893 1657 951 enumerat
1687 931 1707 967 ‚
1741 903 2176 979 quamquam
2205 933 2227 965 ‚
2261 895 2348 951 ut
2383 880 2702 953 Joannes
2737 881 3289 983 chrysostomus
3325 877 3678 973 advertit,

472 989 691 1094 plura
725 990 1010 1067 fuerint
1042 994 1135 1067 ab
1172 1020 1264 1069 eo
1302 997 1798 1098 praetermissa
1825 1048 1846 1082 ‚
1880 1021 2097 1095 quam
2136 1012 2518 1071 numerata
2545 997 2583 1069 ’ἲ
2619 996 2828 1071 Adeo
2866 1014 2953 1073 ut
2980 1052 3001 1086 ‚
3049 999 3321 1070 etiamsi
3387 999 3452 1069 ei
3522 995 3678 1099 gla-

468 1107 593 1183 dio
626 1125 937 1184 mortem
979 1127 1340 1215 oppetere
1376 1136 1528 1184 non
1566 1111 1977 1211 contigisset
2008 1166 2030 1198 ,
2064 1124 2181 1183 tot
2218 1111 2686 1189 nihilominus
2722 1114 2984 1187 acerba
3025 1138 3261 1216 passus
3290 1167 3310 1201 ‚
3346 1138 3537 1213 quae
3574 1110 3675 1186 illi

470 1226 689 1302 vitam
729 1229 1032 1300 omnino
1067 1230 1358 1331 eripere
1395 1225 1815 1300 debuissent
1844 1280 1866 1315 ‚
1902 1229 2033 1300 nisi
2068 1242 2434 1330 superstes
2479 1228 2822 1305 divinitus
2880 1234 3218 1304 extitisset
3252 1286 3272 1319 ‚
3335 1230 3674 1331 profecto

471 1342 671 1416 inter
703 1342 1070 1446 Martyres
1102 1360 1690 1447 computaretur.
1735 1343 1920 1414 Hinc
1984 1369 2215 1446 porro
2278 1348 2605 1447 geminae
2671 1345 2891 1420 Caelo
2952 1345 3212 1449 januae
3275 1345 3674 1448 patefactae

461 1475 682 1534 sunt:
718 1457 949 1539 altera
986 1462 1068 1534 iis
1096 1515 1115 1550 ,
1154 1464 1284 1563 qui
1319 1459 1550 1535 effuso
1585 1462 1931 1563 sanguine
1973 1484 2115 1563 pro
2154 1459 2450 1536 Christo
2483 1464 2665 1537 caesi
2705 1478 2877 1535 sunt
2905 1518 2926 1553 ‚
2961 1477 3037 1536 et
3075 1465 3266 1535 inter
3313 1463 3676 1565 Martyres

461 1594 995 1667 recensentur3
1032 1576 1261 1653 altera
1300 1604 1480 1656 vero
1513 1580 1596 1652 iis
1623 1631 1645 1668 ,
1679 1579 1811 1679 qui
1846 1574 2213 1681 suppliciis
2238 1630 2260 1667 ‚
2294 1603 2484 1679 quae
2520 1605 2661 1682 pro
2694 1578 2873 1654 Fide
2908 1577 3209 1653 fortiter
3246 1581 3422 1681 passi
3463 1595 3675 1670 sunt,

459 1695 931 1797 superstites,
965 1692 1107 1796 jam
1147 1693 1319 1770 olim
1358 1695 1723 1798 Martyres
1757 1693 2209 1768 vocabantur
2239 1748 2262 1785 ‚
2295 1721 2496 1769 nunc
2531 1714 2778 1771 autem
2831 1694 3098 1773 ,illustri
3159 1694 3675 1769 Confessorum

458 1808 677 1883 titulo
713 1808 1180 1901 decorantur.
1202 1811 1369 1884 =Hac
1404 1808 1632 1903 altera
1674 1812 1786 1887 via
1824 1811 2105 1883 incessit
2139 1811 2502 1915 ,Iosephus
2536 1840 2575 1885 a
2611 1814 2946 1885 Leonissa
2979 1867 2999 1900 ‚
3035 1837 3257 1913 quem
3317 1811 3537 1885 modo
3601 1815 3676 1885 in

458 1916 897 2001 Sanctorum
934 1925 1451 2001 Confessorum
1486 1924 1681 2003 Albo
1717 1924 2118 2001 retulimus.
2153 1929 2289 2001 Hic
2329 1953 2462 2032 per
2497 1928 2746 2034 plures
2767 1927 2920 2002 dies
2952 1927 3384 2033 supplicium
3425 1930 3677 2001 imma-.-

463 2069 561 2118 ne
597 2059 675 2119 et
710 2047 1146 2146 exquisitum
1182 2069 1323 2149 pro
1362 2043 1633 2117 Christi
1672 2046 1969 2117 nomine
2005 2073 2044 2117 a
2081 2046 2422 2120 Barbaria
2467 2050 2737 2123 invicto
2798 2050 3040 2120 animo
3108 2044 3446 2121 toleravit
3475 2100 3495 2136 ‚
3556 2063 3674 2118 at-

455 2187 609 2265 que
644 2164 840 2236 inter
874 2163 1239 2236 cruciatus
1271 2161 1761 2245 acerbissimos
1793 2159 2270 2264 Evangelium
2329 2164 2755 2266 praedicare
2818 2191 2972 2238 non
3028 2162 3328 2238 destitit.
3390 2162 3674 2255 Quibus

455 2277 841 2382 capeditus
876 2277 1057 2352 nihil
1094 2278 1353 2353 habuit
1389 2279 1762 2379 antiquius
1794 2332 1814 2365 ‚
1850 2304 2069 2380 quam
2106 2282 2375 2353 animas
2411 2282 2706 2356 Christo
2740 2279 3148 2382 evangelica
3188 2279 3673 2383 praedicatio-

452 2420 549 2470 ne
587 2394 859 2470 lucrari
889 2450 910 2487 ,
945 2418 1294 2498 suamque
1331 2393 1773 2469 excelsarum
1811 2397 2141 2469 omnium
2173 2398 2526 2471 virtutum
2560 2454 2580 2487 ‚
2615 2424 2795 2501 quas
2830 2398 3156 2473 heroicas
3190 2397 3516 2486 dicimuS,
3551 2423 3674 2470 su·-

452 2510 809 2601 blimitate
844 2516 1279 2588 sanctiorem
1321 2514 1395 2586 in
1431 2509 1584 2587 dies
1623 2509 1867 2586 facere
1902 2537 2135 2615 usque
2171 2512 2264 2588 ad
2299 2531 2610 2591 mortem
2642 2570 2663 2607 ,
2699 2542 2916 2619 quam
2958 2541 3206 2589 coram
3266 2517 3424 2590 Deo
3487 2543 3664 2617 pre-

451 2633 703 2706 tiosam
738 2634 814 2705 in
854 2655 1031 2734 pace
1068 2630 1414 2705 obtinuit.

608 2746 1164 2825 Commendavit
1198 2745 1469 2822 Paulus
1503 2747 1581 2820 in
1614 2745 1851 2848 prima
1885 2743 1976 2819 ad
2012 2746 2437 2823 Corinthios
2472 2751 2901 2852 virginitatis
2919 2747 3342 2851 dignitatem
3377 2805 3396 2835 ‚
3432 2751 3507 2822 in
3534 2774 3669 2827 eu-

457 2862 572 2968 jus
603 2862 822 2943 laude
857 2867 1101 2969 posuit
1137 2862 1363 2941 multa
1392 2918 1415 2955 ‚
1449 2888 1640 2965 quae
1678 2863 1771 2936 ab
1804 2889 1897 2936 eo
1930 2877 2135 2973 statu
2169 2863 2601 2940 derivantur
2630 2921 2650 2957 ‚
2680 2864 3191 2940 emolumenta.
3223 2862 3518 2939 Nullum
3557 2883 3670 2939 ta-.

453 3006 626 3055 men
660 2978 755 3056 de
792 2984 1204 3085 virginitate
1241 2994 1720 3083 praeceptum
1757 3007 1798 3052 a
1833 2982 2149 3054 Domino
2181 3007 2334 3055 sese
2370 2987 2723 3089 accepisse
2759 2982 3146 3058 affirmavit
3174 3037 3194 3072 ,
3228 2982 3352 3055 sed
3391 2982 3484 3055 de
3549 2982 3666 3058 illa

454 3094 968 3175 tantummodo
1003 3096 1380 3173 consilium
1420 3123 1494 3172 se
1531 3095 1754 3171 dare:
1794 3098 1904 3171 De
1938 3123 2344 3198 vinciamus
2379 3126 2813 3176 rnAEcssr‘rulu
2855 3102 3128 3176 Domum
3189 3123 3330 3174 non
3389 3124 3618 3174 nanno
3645 3156 3668 3191 ‚

454 3243 839 3298 consulunt
874 3238 1121 3292 auum
1155 3241 1276 3291 no.
1313 3217 1509 3291 Haec
1544 3232 1792 3289 autem
1831 3214 2140 3290 Paulum
2178 3217 2700 3321 Coapostolum
2765 3217 3165 3293 secundum
3223 3215 3466 3291 datam
3533 3219 3667 3292 sibi

452 3338 872 3437 sapientiam
910 3334 1138 3409 literis
1175 3333 1589 3424 tradidisse,
1624 3335 1899 3408 Petrus·
1924 3335 2001 3407 in
2038 3332 2344 3438 epistola
2377 3336 2694 3411 secunda
2739 3351 3210 3422 contestatur.
3274 3332 3662 3410 Consilium

455 3476 758 3554 quoque
796 3450 1003 3526 Pauli
1037 3449 1181 3525 fuit
1212 3506 1232 3541 ,
1268 3466 1568 3554 praeter
1603 3452 2126 3524 continentiam
2161 3505 2181 3541 ‚
2218 3454 2622 3526 orationem
2654 3507 2674 3541 ‚
2721 3449 2988 3554 jejunia
3016 3506 3038 3540 ‚
3100 3466 3609 3554 paupertatem
3638 3505 3663 3541 ‚

449 3584 529 3641 et
566 3568 1050 3645 obedientiam
1089 3565 1383 3657 colere3
1422 3567 1690 3669 quibus
1728 3570 1805 3640 in
1840 3567 2061 3641 rebus
2108 3570 2559 3670 potissimum
2615 3572 2745 3643 sita
2807 3583 2913 3642 est
2975 3568 3165 3642 vitae
3228 3570 3660 3642 monasticae

447 3685 638 3774 ratio
668 3739 689 3776 ,
728 3713 766 3757 a
806 3687 1058 3789 primis
1092 3707 1323 3784 usque
1360 3679 1723 3756 Ecclesiae
1758 3679 2014 3756 seculis
2045 3698 2193 3758 tam
2236 3690 2309 3760 in
2351 3688 2518 3762 viris
2545 3744 2568 3776 ,
2603 3713 2819 3788 quam
2860 3688 2934 3757 in
2971 3683 3304 3758 foeminis
3348 3682 3660 3758 feliciter

448 3817 876 3904 propagata.
910 3801 1335 3883 Recentiori
1373 3822 1550 3874 vero
1584 3799 1934 3872 memoria
1977 3798 2071 3874 ad
2108 3806 2569 3877 monasticam
2607 3801 2742 3877 alia
2777 3805 3075 3905 insuper
3135 3803 3425 3878 accessit
3482 3798 3659 3874 reli-

443 3921 815 4023 giosorum
853 3920 1230 3993 hominum
1273 3920 1418 3993 vita
1448 3972 1469 4007 ‚
1504 3943 1767 3991 eorum
1808 3921 2235 4020 praesertim
2275 3918 2640 3993 Ordinum
2670 3975 2693 4008 ‚
2728 3921 2854 4020 qui
2903 3915 3402 3992 Mendicantes
3459 3943 3659 3990 nun-

441 4054 817 4141 cupantur
847 4092 867 4128 ‚
904 4039 980 4111 in
1015 4036 1291 4140 quibus
1320 4060 1473 4108 non
1509 4037 1745 4108 minus
1779 4034 2112 4108 doctrina
2144 4093 2166 4125 ,
2200 4062 2420 4137 quam
2455 4037 2834 4109 sanctitate
2873 4033 3289 4137 complures
3321 4060 3409 4107 ex
3443 4050 3658 4107 utro-

446 4180 595 4255 que
633 4180 809 4238 sexu
837 4150 1228 4229 Ecclesiam
1270 4154 1452 4225 mire
1489 4149 1969 4226 illustrarunt.
2008 4148 2195 4225 Tres
2228 4150 2371 4252 jam
2418 4149 2731 4254 inclytae
2799 4149 3158 4224 foeminae
3188 4205 3208 4239 ‚
3268 4150 3654 4223 Catharina

450 4269 787 4346 Senensis
816 4327 836 4363 ‚
869 4269 1055 4346 Rosa
1094 4269 1186 4344 de
1222 4271 1427 4343 Lima
1449 4323 1471 4360 ,
1510 4285 1589 4346 et
1614 4271 1857 4372 Agnes
1892 4268 1984 4345 de
2018 4270 2279 4343 Monte
2315 4265 2675 4342 Politiano
2710 4289 2798 4340 ex
2831 4259 3111 4339 Ordine
3149 4268 3227 4339 B.
3294 4268 3653 4366 Dominici

443 4386 748 4462 solemni
787 4390 940 4461 ritu
975 4402 1385 4460 sanctarum
1422 4386 1805 4489 Virginum
1842 4411 2153 4460 numero
2178 4383 2590 4488 adscriptae
2626 4399 2843 4473 sunt;
2882 4381 2968 4457 ad
3008 4409 3186 4485 quas
3220 4401 3297 4456 et
3330 4384 3476 4457 Nos
3509 4384 3653 4457 Ca·-

440 4503 803 4578 tharinam
841 4502 934 4577 de
968 4505 1223 4576 Ricciis
1257 4500 1479 4575 modo
1515 4506 2055 4605 aggregavimus
2080 4556 2105 4592 ‚
2138 4500 2504 4577 claustrali
2543 4505 2685 4580 vita
2722 4519 2870 4575 tam
2908 4498 3285 4589 illustrem,
3321 4516 3466 4573 tam
3505 4501 3652 4574 hu-

443 4618 736 4718 milem,
779 4638 931 4695 tam
970 4621 1462 4723 poenitentiae
1500 4619 1853 4693 addictam
1892 4675 1912 4711 ‚
1948 4637 2026 4694 et
2060 4648 2101 4693 a
2134 4623 2295 4694 Deo
2329 4622 2631 4694 maxime
2693 4616 3209 4720 locupletatam
3273 4620 3352 4690 iis
3410 4615 3649 4692 caele·-

437 4735 668 4812 stibus
706 4737 918 4813 donis
946 4792 967 4829 ,
1001 4736 1269 4840 quibus
1305 4738 1453 4839 ipse
1488 4737 1756 4810 animas
1788 4737 1919 4811 sibi
1954 4754 2287 4840 acceptas
2320 4738 2397 4811 in
2436 4739 2650 4811 terris
2683 4760 2984 4839 quoque
3031 4732 3404 4807 cumulare
3463 4758 3648 4808 con-

435 4858 688 4936 suevit.
1850 4875 1859 4884 '

594 4970 925 5047 Tandem
962 4967 1484 5075 Apostolorum
1520 4971 1750 5043 Actus
1788 4967 1983 5072 pleni
2020 4987 2190 5044 sunt
2224 4973 2430 5046 novis
2465 4987 2547 5044 et
2580 4969 2932 5044 inusitatis
2989 4963 3345 5040 miraculis
3373 5020 3394 5052 ‚
3451 4991 3640 5066 quae

436 5093 639 5165 Deus
672 5088 764 5164 ad
803 5087 1397 5163 manifestandam
1432 5088 1768 5189 gentibus
1802 5087 2184 5161 beatorum
2236 5085 2758 5191 Apostolorum
2819 5085 3162 5158 Petri-et
3222 5078 3427 5155 Pauli
3487 5100 3640 5153 tum

437 5206 847 5281 doctrinam
876 5261 896 5296 ,
936 5222 1093 5279 tum
1127 5205 1576 5278 sanctitatem
1620 5207 1911 5306 operari
1948 5205 2080 5278 sibi
2128 5202 2595 5307 complacuit.
2655 5203 3054 5276 Enimvero
3125 5195 3464 5270 nolumus
3523 5192 3643 5268 illa
3695 5287 3702 5292 ·

439 5322 782 5397 conferre
819 5347 984 5397 cum
1023 5324 1102 5395 iis
1132 5376 1152 5412 ‚
1189 5347 1374 5423 quae
1410 5321 1763 5394 Dominus
1804 5347 2017 5424 agere
2054 5320 2388 5423 dignatus
2422 5337 2530 5394 est
2567 5318 2655 5392 ad
2694 5316 3273 5390 intercessionem
3326 5327 3402 5385 et
3466 5336 3645 5415 pre-

438 5465 559 5517 ces
590 5442 922 5544 quinque
957 5442 1354 5515 Beatorum
1386 5493 1406 5530 ,
1441 5463 1627 5540 quos
1664 5437 1881 5516 modo
1917 5437 2335 5514 solemniter
2371 5427 2568 5513 inter
2602 5430 2907 5511 Caelites
2940 5433 3448 5505 recensuimus.
3477 5417 3645 5504 Non
