4442 6300
1531 522 1879 594 Qumous
1922 514 2389 570 sucronem
2433 518 2599 573 erc.

434 673 647 738 miliae
677 679 931 737 Patrum
964 674 1460 757 capuccinorum
1495 696 1528 739 a
1557 674 1853 755 Magistro
1880 671 2000 731 No-

432 772 720 837 vitiorum
776 771 1040 834 inditum
1063 815 1083 844 ‚
1128 793 1353 856 nempe
1383 771 1614 837 Fidelis
1650 785 1777 836 esto
1805 775 2000 850 fidelis

431 892 613 953 usque
636 878 718 935 ad
739 882 1032 935 mortem:
1062 871 1296 936 Fidelis
1322 873 1542 954 utique
1571 870 1687 935 fuit
1720 869 1994 941 nomine,

433 970 639 1034 {idelis
669 962 921 1051 quoque
949 968 1066 1033 fuit
1097 970 1159 1032 in
1180 990 1370 1053 opere
1400 979 1467 1036 et
1495 976 1815 1040 sermone,
1843 967 1995 1031 fide-

429 1067 512 1133 lis
542 1069 605 1130 in
639 1068 924 1145 minimo,
950 1065 1159 1133 fidelis
1190 1069 1251 1130 in
1287 1068 1589 1142 maximo,
1619 1074 1805 1152 atque
1846 1064 1998 1128 fide·

430 1167 670 1232 litatem
704 1156 882 1232 susm
904 1186 1108 1249 usque
1136 1166 1214 1232 ad
1244 1166 1505 1232 iteratas
1547 1165 1865 1251 sanguinis
1908 1162 1999 1228 ef-

429 1265 734 1338 fusiones,
770 1265 899 1329 imo
929 1256 1221 1347 et'usque
1249 1265 1324 1329 ad
1358 1259 1623 1331 mortem
1658 1265 1721 1326 in
1752 1264 1999 1329 Christo

339 1386 346 1401 ·
430 1371 579 1430 Jesn
609 1352 1270 1447 patienter’toleratam
1297 1374 1360 1428 et
1381 1364 1801 1434 subsecutam,
1833 1381 1998 1425 com·

428 1463 733 1544 probavit.
765 1469 1152 1545 Quapropter
1180 1462 1474 1527 ”ominus
1492 1469 1662 1526 Deus
1690 1459 1899 1525 fidelis
1928 1460 1994 1523 in

432 1563 721 1627 omnihus
748 1562 961 1624 verbis
994 1561 1121 1627 suis
1149 1560 1478 1644 justusque·
1504 1557 1698 1643 judex
1727 1557 2000 1623 reddidit

429 1657 551 1741 ipsi
598 1658 661 1721 in
706 1657 910 1723 Caelis
950 1657 1318 1740 promissam
1365 1656 1658 1722 fidelihus
1684 1674 1887 1735 usque
1916 1652 1993 1718 ad

427 1764 689 1821 mortem
719 1768 1007 1821 coronam
1040 1756 1277 1838 gloriae
1310 1763 1372 1821 et
1395 1755 1703 1839 justitiae,
1735 1773 1804 1816 ac
1834 1752 1999 1815 insu-

427 1874 545 1939 per
569 1854 873 1938 prodigiis
918 1852 1395 1936 quamplurimis
1439 1848 1994 1937 adimplementum

429 1953 764 2018 verborum
799 1937 1048 2017 suorum
1085 1950 1504 2016 manifestavit
1549 1951 1610 2012 in
1661 1950 1886 2022 terris,
1926 1955 1997 2012 ut

428 2050 695 2115 honores
726 2058 941 2114 sancto
969 2051 1226 2136 Martyri
1260 2050 1458 2113 dchiti
1489 2049 1768 2114 fideliter
1808 2051 1996 2114 heato

430 2148 626 2211 Fideli
651 2149 1091 2213 exhibeantur:
1116 2155 1320 2222 Quare
1350 2148 1531 2224 ilium
1563 2149 1729 2212 inter
1758 2156 1997 2212 sancto-

430 2236 946 2327 rumMartyrum
981 2251 1193 2308 Festos
1220 2245 1702 2309 adscribendum
1735 2248 1995 2318 censet,

426 2348 489 2405 et
518 2340 793 2407 adscribi
823 2340 1171 2406 humillime
1194 2346 1648 2406 SANCTITATI
1674 2347 1994 2407 VESTRAE

429 2439 755 2522 supplicat.

440 2634 906 2699 LUDOVICUS
931 2635 1647 2699 ANTONIUS‘Vamma
1688 2640 1829 2698 olari
1861 2638 1991 2700 ovo-

466 2752 650 2823 mona
682 2734 1023 2810 Episcopus
1069 2734 1599 2811 Hermopolituuus
1636 2737 1949 2796 Assistem.

552 2932 919 2993 coltoNE‘r
961 2932 1378 2991 SANc'rtTAs
1418 2926 1721 3003 vEsTRA
1766 2936 1995 3003 coron'a

425 3024 781 3090 sanctitatis
807 3031 873 3089 et
901 3024 1176 3108 gloriae,
1209 3031 1273 3088 et
1301 3024 1467 3087 inter
1494 3033 1742 3089 sanctos
1768 3030 1995 3112 Marty-

425 3142 529 3189 res
561 3120 826 3188 solemni
868 3123 992 3185 ritu
1023 3121 1339 3188 adscribat
1365 3120 1619 3185 beatum
1651 3120 1926 3187 Fidelem
1959 3142 1994 3188 a

424 3220 827 3305 Sigmaringa.
860 3221 998 3288 Fuit
1025 3219 1194 3285 enim
1225 3218 1438 3284 fidelis
1476 3226 1703 3284 servus
1747 3228 1814 3284 et
1856 3241 1995 3301 pru-

420 3316 600 3391 dens,
632 3318 740 3398 qui
770 3338 803 3382 a
835 3319 1103 3404 Domino
1130 3317 1356 3382 meruit
1386 3316 1672 3398 accipere
1701 3338 1995 3410 coronam

418 3415 607 3480 vitae.
640 3421 788 3478 Jesu
821 3414 1050 3479 Christi
1080 3420 1415 3495 perpetuus
1445 3413 1725 3476 imitator
1755 3415 2011 3498 ab'ipsa,

419 3512 686 3597 pueritia
718 3531 971 3592 semper
998 3509 1265 3594 profecit
1293 3510 1594 3594 sapientia
1614 3519 1654 3583 ,“
1679 3519 1883 3576 aetate
1926 3520 1992 3576 et

422 3595 620 3695 gratia
653 3609 817 3691 apud
845 3615 1046 3672 ‚Deum
1093 3616 1155 3672 et
1184 3609 1508 3676 Homines.
1542 3608 1850 3673 Grandior
1887 3630 1994 3674 na-

421 3714 528 3781 tu,
559 3725 743 3791 quam
774 3705 1058 3771 Christus
1086 3705 1390 3770 Dominus
1418 3704 1744 3788 professus
1773 3713 1870 3786 est
1898 3709 1988 3772 vi·

413 3809 586 3878 tam,
625 3803 765 3886 ipse
807 3802 1231 3890 manifestavit
1276 3802 1337 3864 iu
1381 3822 1563 3867 carne
1595 3823 1704 3869 sua
1735 3804 1986 3871 mortali

412 3900 479 3965 tn
523 3907 817 3966 Patruum
867 3898 1356 3983 capuccinorum
1407 3899 1708 3976 Familia,
1754 3901 1817 3964 in
1865 3920 1987 3985 qua

414 3996 963 4063 mortificationem
1005 4003 1158 4063 Iesu
1202 4016 1457 4078 semper
1496 3998 1987 4076 c'rrumferens‚

414 4102 686 4160 mortem
732 4094 981 4159 tandem
1010 4114 1124 4177 pro
1169 4093 1415 4159 Christo
1443 4095 1604 4160 obiit
1641 4082 1982 4161 furentium

409 4192 878 4257 naereticorum
909 4191 1281 4256 vulneribus
1312 4193 1577 4258 saucius..
1607 4193 1877 4258 similem
1908 4194 1984 4257 il·

407 4285 479 4362 ti,
514 4308 704 4372 quam
740 4288 887 4353 tulit
903 4289 1258 4373 Stephanus
1286 4288 1698 4370 lapidantium
1720 4292 1983 4358 Judaeo·

409 4405 551 4449 rum
587 4386 753 4450 saxis
784 4405 1160 4468 oppressns3
1193 4394 1259 4451 et
1288 4386 1450 4451 sicut
1479 4388 1825 4469 Stephanus
1866 4397 1976 4455 Ec·

409 4482 652 4549 clesiae'
674 4491 771 4547 est
791 4489 1241 4570 protomartyr-3
1269 4484 1353 4548 ita
1385 4484 1609 4549 b'eatus
1636 4485 1864 4551 Fidelis
1883 4497 1982 4554 est

407 4585 841 4667 Protomartyr
867 4587 1085 4646 Sacrae
1119 4580 1625 4667 Congrcgationis
1655 4581 1732 4648 de
1755 4591 1982 4671 Propa-

412 4676 616 4764 ganda
644 4677 811 4743 Fide.
1821 4673 1834 4682 ’

449 4867 892 4937 FABRICIUS
926 4875 1155 4951 Boram
1193 4865 1534 4951 Episcopus
1572 4857 1933 4938 Ferentinae

1027 4970 1368 5032 Λεύκου(

526 5159 988 5225 ΒΒΑΤῙΒΒῙΜΈ
1010 5166 1282 5225 PATER.
1302 5159 1635 5226 Praeclara
1663 5162 1814 5226 sane
1829 5159 1974 5226 laus

403 5247 748 5337 cujuslibet
776 5256 1103 5323 Christiani
1135 5256 1411 5322 hominis
1444 5251 1578 5330 estss
1618 5257 1706 5323 iia
1749 5261 1816 5322 'se
1859 5258 1975 5321 im-

405 5350 780 5416 maculatum
814 5353 1134 5418 custodire
1155 5355 1233 5416 ab
1263 5353 1384 5419 hoc
1415 5354 1652 5427 seculo,
1677 5364 1748 5418 ut
1770 5355 1973 5437 possit

406 5456 549 5513 ante
601 5449 898 5517 'tribunal
947 5451 1172 5517 Christi
1222 5450 1523 5518 exhibere
1571 5453 1968 5520 innocentiae

3387 519 3486 569 1ss

2111 661 2381 735 stolam,
2427 684 2612 746 qnam
2656 684 2772 748 per
2814 663 3201 746 Baptismum
3249 662 3524 743 acceptu
3572 669 3678 724 aut

2109 762 2537 842 poenitentiae
2582 763 2881 845 operibus
2920 762 3095 825 lavit.
3142 765 3231 824 De
3274 758 3393 824 hoc
3444 759 3677 839 quippe

2109 854 2365 922 homine
2396 859 2699 939 scriptum
2735 866 2873 923 este
2909 863 3141 923 Beatus
3170 861 3308 928 Vir,
3335 862 3446 934 que·
3468 861 3678 917 inven-

2110 967 2210 1020 tus
2231 968 2321 1021 ost
2347 963 2755 1022 stas-macula
2775 981 2801 1031 ,-
2846 958 2956 1023 sed
2986 953 3344 1039 hujusmodi
3387 954 3676 1018 innocen·

2107 1055 2235 1119 tiae
2264 1055 2528 1131 stolam,
2559 1046 2738 1139 cujus
2763 1055 2934 1121 nulla
2966 1056 3122 1120 satis
3148 1054 3335 1135 digna
3368 1057 3464 1114 est
3492 1053 3678 1116 aesti-

2109 1152 2345 1229 matio,
2390 1155 2533 1221 fuso
2576 1163 2903 1239 praeterea
2946 1174 3058 1236 pro
3102 1151 3326 1217 Christi
3373 1149 3500 1215 tide
3544 1170 3701 1215 san-⁷

2110 1251 2300 1335 guine
2340 1271 2733 1336 purpurare,
2775 1253 2895 1317 hoc
2934 1253 3107 1315 enim
3150 1269 3301 1314 vcro
3345 1250 3538 1314 decus
3578 1261 3683 1315 est

2109 1349 2473 1435 perinsigne
2490 1351 2890 1433 maximeque
2918 1347 3314 1413 admirabile.
3333 1353 3680 1429 t’trumquo

2107 1445 2295 1530 hujus
2332 1447 2539 1512 laudis
2568 1459 3003 1513 ornamentum
3032 1453 3100 1510 B.
3132 1443 3330 1510 Fideli
3362 1465 3397 1508 a
3440 1446 3678 1529 Sigma-

2112 1545 2293 1630 ringa
2321 1567 2401 1613 ex
2428 1545 2510 1610 iis
2537 1566 2697 1629 quae
2727 1546 3082 1628 accepimus
3112 1542 3412 1627 peculiari
3435 1545 3679 1609 Perbe·

2110 1643 2336 1709 neflcio
2363 1643 2664 1709 collatum
2692 1648 2835 1714 est,
2866 1643 3140 1724 primum
3171 1641 3235 1703 in
3264 1640 3569 1705 claustris
3598 1649 3674 1704 Α·

2111 1737 2470 1806 lumnorum
2515 1740 2648 1804 Divi
2691 1739 3046 1813 Francisci‚
3092 1760 3248 1821 quos
3292 1738 3674 1820 Capuecinos

2107 1837 2401 1912 dicimus,
2432 1839 2771 1904 secuudum
2800 1838 2864 1900 in
2896 1838 3048 1901 Acie
3075 1857 3214 1902 cum
3247 1843 3521 1901 armatus
3548 1835 3677 1917 gla-

2108 1936 2215 2001 dio
2243 1936 2496 2019 spiritus
2516 1982 2536 2011 ‚
2563 1938 2761 2001 verbo
2791 1934 3039 2001 scilicet
3066 1934 3171 2000 Dei
3194 1978 3214 2008 ‚
3258 1941 3475 1999 contra
3516 1938 3673 1999 Bae-

2106 2034 2342 2099 reticos
2370 2035 2433 2098 in
2462 2034 2720 2100 Rhaetis
2748 2042 3091 2119 pugnaret,
3121 2051 3156 2097 a
3187 2031 3419 2114 quibus
3448 2052 3528 2096 ex
3558 2040 3675 2098 Re-

2105 2131 2362 2216 ltgtonts
2392 2140 2643 2197 nostrae
2670 2132 2818 2197 odio
2838 2131 3137 2214 pluribus
3165 2129 3533 2196 vulneribus
3575 2151 3673 2197 ac-

2104 2232 2304 2312 ceptis
2334 2230 2591 2295 interiit.
2620 2229 2921 2306 Quocirca
2950 2228 3182 2311 duplici
3212 2227 3401 2293 titulo
3421 2230 3672 2313 gaudet,

2106 2348 2218 2392 cur
2244 2328 2306 2390 lu
2340 2328 2568 2392 Album
2602 2335 2962 2393 sanctorum
2990 2332 3266 2392 Heroum
3298 2328 3530 2391 merito
3574 2349 3673 2394 re·

2101 2424 2367 2491 feratur.

2147 2625 2223 2685 D.
2259 2625 2572 2687 PAULUS
2603 2623 2952 2686 YHOMAS
2984 2623 3247 2686 Murano
3282 2624 3629 2700 Episcopus

2363 2722 2702 2783 Ascalonita
2729 2725 2819 2782 in·
2840 2723 3076 2782 Picenis
3104 2721 3414 2784 brittone.
3476 2740 3503 2777 ·,

2232 2920 2533 2979 BEATUS
2556 2915 2788 2979 Fidelis
2818 2936 2852 2977 a
2880 2914 3267 3000 Sigmaringa
3294 2915 3403 2978 vir
3429 2915 3675 2981 tnumttt·

2105 3017 2237 3077 tate
2268 3032 2550 3098 magnus,
2570 3014 2872 3078 charitate
2900 3013 3125 3097 major,
3156 3002 3518 3096 Apostolico
3533 3015 3673 3083 zelo

2103 3109 2458 3176 animarum
2490 3116 2574 3174 ‹et
2614 3109 2759 3174 fidei
2804 3109 3187 3175 orthodoxae
3239 3112 3672 3195 propagandae

2105 3210 2333 3273 ardore
2356 3207 2672 3272 maximus
2699 3206 2820 3270 suit
2846 3227 2994 3272 sane
3014 3252 3034 3281 ‚
3067 3230 3139 3273 re
3159 3252 3181 3282 ‚
3212 3217 3277 3274 et
3304 3209 3555 3273 nomine
3602 3211 3671 3276 fl·

2105 3304 2272 3370 delis
2303 3325 2503 3388 usque
2530 3306 2604 3370 ad
2640 3316 2904 3370 mortem
2934 3301 3186 3388 proprio
3216 3309 3527 3394 Sanguine
3557 3330 3673 3392 per

2104 3402 2473 3489 martyrium
2528 3404 3039 3469 condecoratamz
3085 3408 3478 3488 Quapropter
3525 3427 3667 3473 cum

2098 3500 2232 3585 jam
2263 3499 2402 3565 sine
2430 3499 2630 3564 dubio
2654 3499 2752 3561 illi
2785 3515 3075 3563 coronam
3103 3501 3183 3562 de
3206 3501 3417 3585 lapide
3433 3504 3671 3585 pretio·

2098 3587 2176 3662 so
2203 3597 2270 3660 in
2299 3591 2681 3684 Apocaljpsi
2703 3595 3045 3679 pollicitam
3086 3597 3464 3680 imposuerit
3508 3610 3668 3669 Peus

2101 3695 2166 3757 in
2199 3695 2402 3762 Caelis
2427 3740 2446 3764 ,
2478 3716 2748 3777 aequum
2789 3703 2922 3769 est,
2967 3706 3035 3760 ut
3080 3701 3494 3764 SANCTITAS
3536 3707 3667 3765 vt!-

2101 3789 2294 3855 STRA
2316 3791 2427 3855 tali
2446 3791 3042 3857 laurea·redimitum
3067 3793 3353 3874 publicae
3376 3779 3661 3862 fidelium

2098 3890 2482 3955 venerationi
2515 3897 2817 3972 proponat
2846 3889 2908 3953 in
2941 3890 3148 3955 terris.

2142 4015 2213 4110 F,
2241 4049 2680 4115 SILVESTER
2714 4051 2955 4112 Heroni
2984 4054 3320 4130 Episcopus
3352 4056 3623 4136 Pomaq-

2620 4153 2774 4209 ἥσω.
2804 4148 3127 4211 Aestatem.

2221 4292 2292 4351 B.
2326 4293 2629 4352 FIDELIS
2672 4306 2707 4351 a
2749 4279 3134 4372 'Sigmaringa
3181 4311 3364 4374 supra
3403 4293 3660 4359 modum

2093 4383 2347 4450 refulsit
2374 4384 2438 4446 in
2472 4384 2582 4449 Dei
2628 4385 2907 4451 Ecclesia
2938 4389 3021 4452 ob
3053 4399 3340 4454 exactam
3387 4392 3663 4458 severio·

2092 4483 2182 4549 ris
2208 4483 2482 4549 Instituti
2511 4479 2968 4549 obser'vsutiam
2994 4529 3015 4558 ‚
3047 4487 3128 4550 oh
3160 4488 3484 4570 egregium
3528 4491 3659 4553 ani-

2090 4601 2337 4647 marum
2379 4580 2632 4655 zelum,
2676 4583 2760 4647 ob
2805 4583 3172 4669 martyrium
3221 4606 3331 4667 pro
3362 4587 3514 4651 Fide
3559 4609 3660 4654 or·

2090 4678 2363 4745 thodoxa
2384 4686 2749 4744 constanter
2768 4701 2840 4745 ac
2854 4679 3133 4756 feliciter
3148 4682 3486 4764 expletum.
3498 4685 3657 4752 Huic

2089 4796 2239 4860 ergo
2265 4774 2598 4856 multiplici
2615 4775 2958 4842 catholicae
2979 4777 3318 4862 Religionis
3340 4781 3554 4851 nerui,
3576 4781 3654 4847 de

2086 4871 2385 4936 Missione
2417 4879 2684 4936 Romana
2705 4874 2938 4955 optime
2968 4895 3041 4939 ac
3056 4875 3375 4956 praeclare
3401 4877 3650 4950 merito,

2087 4986 2229 5033 cum
2260 4975 2323 5031 et
2350 4969 2486 5053 ipsa
2517 4970 2628 5034 usi
2661 4972 3126 5051 Omnipotentia
3158 4973 3450 5036 eximiam
3483 4973 3654 5042 illius

2073 5066 2382 5130 ‘virtutem
2429 5067 2870 5134 miraculorum
2917 5071 3279 5150 testimonio
3324 5072 3651 5139 confirma·

2083 5162 2282 5233 verit,
2320 5162 2557 5246 justum
2589 5172 2724 5234 est,
2767 5173 2833 5227 ut
2866 5167 3154 5249 condigni
3200 5167 3496 5252 Religiosi
3542 5169 3648 5235 ho·

2083 5278 2272 5323 nores
2292 5303 2315 5334 ‚
2346 5260 2409 5322 in
2436 5269 2565 5326 tota
2599 5261 2877 5327 Ecclesia
2910 5285 3162 5345 semper
3191 5265 3509 5342 mansuri,
3543 5268 3648 5334 de-

2083 5365 2424 5421 cernantur
2449 5378 2482 5422 a
2517 5365 2574 5422 S.
2606 5366 2676 5419 V.
2700 5403 2719 5431 ‚
2764 5363 2943 5445 cujus
2973 5362 3156 5428 iactis
3188 5362 3493 5448 dictisque
3537 5368 3646 5432 de·

2084 5455 2274 5519 betur
2301 5456 2765 5523 immortalitas.
