4442 6300
981 505 1089 559 ns
1117 550 1126 559 .
1945 503 2151 559 acu
2217 484 2876 560 cmontzntoms

802 648 910 732 qui
941 648 1174 714 nostris
1215 649 1420 715 terme
1447 649 1849 733 temporibus
1887 650 2239 719 Ecclesiam
2262 671 2369 715 ex·

2478 649 2772 736 Martyri,
2794 648 2914 713 sed
2953 654 3273 731 tamquam
3302 646 3743 735 Protomartyri
3770 645 4033 712 'videan-

802 747 1043 811 ornavit
1074 789 1095 819 ,
1140 757 1425 812 meretur
1467 749 1724 813 omnino
1747 792 1769 822 ,
1796 759 1868 813 nt
1898 759 2228 830 postquam
2259 736 2389 830 per*
2480 758 2603 821 tur3
2635 747 2749 812 sed
2765 746 2921 830 quid
2949 745 3311 820 dicendum,
3334 766 3481 811 cum
3503 753 3595 810 tot
3623 744 3911 826 popnlo's,
3936 750 4036 807 tot

800 841 1094 906 miracula
1125 844 1410 930 martyrii
1455 844 1549 908 sui
1579 845 2013 913 testimonium
2058 846 2301 926 accepit
2329 865 2363 908 a
2478 846 2846 917 Provincias,
2870 843 3218 907 innumeris
3246 843 3585 908 exantlatis
3610 842 3939 907 laboribus
3963 863 4035 906 ac

795 935 1028 1012 Caelo,
1071 939 1353 1006 solemne
1396 942 1827 1026 testimonium
1884 962 1997 1025 per
2036 944 2366 1008 Cattoniza-

799 1036 1039 1101 tionem
1068 1038 1152 1103 ab
1194 1037 1479 1104 Ecclesia
1507 1038 1793 1123 recipiat.

877 1233 1247 1299 somnes
1291 1235 1885 1301 INNOGENTIUS
1927 1237 2270 1316 Episcopus

1377 1335 1788 1412 Fauorinus.

927 1531 1081 1591 Cum
1107 1544 1234 1591 non
1263 1527 1346 1592 sit
1371 1497 1648 1611 ‘am‘plins
1677 1527 1937 1592 dubium
1986 1526 2068 1590 de
2110 1524 2366 1590 eximiis

797 1623 1180 1698 virtutibus,
1233 1626 1539 1711 martyrio
1598 1633 1664 1690 et
1715 1623 2077 1696 miraculis,
2136 1622 2364 1706 quibus

804 1720 1211 1805 Omnipotens
1239 1728 1409 1788 Deus
1451 1723 1740 1803 dignatus
1787 1728 1886 1788 est
1940 1719 2361 1786 condecorare

799 1816 1105 1885 dilectum
1134 1825 1394 1885 Servum
1422 1840 1605 1885 suun
1634 1822 1889 1886 beatum
1917 1818 2230 1891 Fidelem,
2260 1824 2393 1883 San

799 1918 1120 1982 cerdotem
1164 1915 1521 1983 Professum
1553 1918 1808 1983 Ordinis
1860 1916 2360 1982 Reverendorum

796 2006 1047 2078 Pat‘rum
1090 2021 1369 2079 Fratrum
1430 2015 1740 2080 uiuorum
1798 2014 1993 2080 sancti
2052 2013 2360 2078 francisci

801 2112 1330 2195 capuccinorum,
1372 2111 1904 2195 quemadmodum
1951 2131 2034 2177 ex
2074 2111 2362 2193 ejusdem

802 2207 972 2274 vitae
1013 2209 1395 2291 Compendio
1435 2209 1729 2285 videtum
1781 2229 2011 2274 censeo
2068 2213 2365 2273 SANCTI-

802 2309 1069 2371 ‘raum
1111 2312 1476 2372 VEsTnAu
1507 2313 1641 2371 tute
1674 2328 1862 2391 posse
1889 2308 1968 2372 ad
1998 2306 2139 2389 ejus
2167 2311 2363 2372 Gano-

802 2402 1177 2467 nizationem
1222 2403 1607 2485 procedere,
1657 2424 1933 2486 eumque
1991 2410 2359 2468 Sanctorum

804 2517 1070 2565 numero
1098 2501 1490 2575 adscribere,
1517 2511 1583 2567 et
1614 2501 1845 2568 Christi
1876 2499 2198 2566 Fidelibus
2229 2501 2367 2564 imi-

803 2595 1060 2659 tandum
1094 2614 1469 2679 proponere.

785 2788 806 2801 ‘
883 2790 1261 2856 neonus
1307 2794 1774 2858 PHILIPPUS
1824 2797 2076 2860 Contuli
2128 2798 2282 2873 Epi·
2374 2846 2379 2853 .

1275 2910 1503 2970 scopus
1545 2895 1886 2959 Amerinus.

919 3088 1384 3152 Bsssrtsstuss
1424 3091 1712 3154 PATER.
1771 3092 1865 3152 Ex
1916 3088 2173 3155 Ioannis
2229 3108 2368 3154 sen·

803 3182 999 3247 tentia
1041 3182 1195 3249 satis
1234 3192 1423 3268 atque
1450 3186 1704 3251 abunde
1738 3187 2079 3252 edocemur
2104 3187 2370 3252 charita-

805 3287 933 3343 tem
964 3279 1289 3356 sufficere,
1336 3292 1407 3346 ut
1458 3290 1740 3367 Regnum
1784 3284 1896 3346 Dei
1937 3283 2239 3365 consequi
2302 3291 2366 3346 et

806 3374 1134 3457 possidere
1159 3397 1534 3443 mereamurz
1566 3384 1736 3454 Quae
1765 3388 1975 3444 autem
2004 3379 2204 3463 major
2230 3378 2371 3443 cba-

809 3472 965 3535 ritas
988 3513 1009 3545 ,
1051 3482 1322 3539 testante
1350 3476 1620 3540 Domino
1642 3519 1666 3549 ,
1705 3495 1844 3540 cum
1875 3476 2138 3541 animam
2185 3496 2363 3540 snam

809 3567 982 3648 ponit
1024 3569 1170 3650 quis
1198 3591 1312 3653 pro
1354 3571 1571 3636 amicis
1615 3572 1800 3637 suis?
1840 3571 1956 3637 boc
2012 3574 2210 3637 verbo
2258 3573 2367 3637 do·

2479 943 2797 1024 periculis,
2810 942 2893 1006 ab
2905 943 3243 1019 haereseos
3262 939 3411 1006 labe
3427 941 3808 1023 purgaverit,
3817 960 4036 1004 omnes

2475 1040 2540 1102 in
2570 1040 2764 1124 gradu
2795 1040 3047 1104 heroico
3077 1040 3345 1104 virtutes
3384 1046 3450 1104 et
3478 1038 3924 1103 miraculorum
3950 1035 4039 1102 fa·

2476 1158 2578 1203 ma
2610 1145 2744 1202 toto
2765 1136 3077 1202 catholico
3094 1138 3260 1201 orbe
3283 1135 3722 1209 celeberrima,
3748 1135 4036 1219 ejusdcm

2476 1234 2781 1321 martyrii)
2803 1235 3333 1301 accedanwratta
3361 1235 3517 1300 baec
3546 1233 3835 1317 profecto
3865 1243 4035 1307 sunt,

2474 1341 2545 1398 ut
2577 1332 2723 1416 jure
2770 1331 2993 1396 merito
3032 1351 3174 1395 cum
3225 1338 3483 1395 Beatum
3527 1331 3710 1394 illum
3761 1331 4036 1403 dixerint

2474 1451 2699 1496 omnes
2727 1430 3187 1513 generationes,
3209 1435 3598 1511 Beatumque
3627 1437 3847 1495 Sancta
3884 1429 4035 1493 baec

2474 1527 2826 1608 Apostolica
2859 1527 3053 1591 Sedes
3090 1545 3169 1591 ex
3201 1532 3465 1590 Decreto
3496 1532 3555 1590 S.
3603 1532 3795 1590 Mem.
3840 1531 4033 1589 Bene·

2474 1624 2618 1690 dicti
2662 1630 2825 1688 xm.
2852 1621 3293 1705 appellandum
3337 1622 3708 1693 indulserit,
3741 1630 4028 1688 Sanctum

2473 1741 2619 1786 mox
2668 1721 3093 1784 venerandum
3142 1725 3563 1785 SANCTITAS
3602 1726 3905 1784 VESTRA
3957 1739 4035 1785 ex

2471 1816 2780 1882 cathedra
2805 1817 2955 1880 item
2983 1816 3328 1881 decernere
3368 1816 3680 1901 dignetur.

2600 1922 2768 1979 Gens
2810 1923 3023 1979 sancta
3063 1912 3128 1977 id
3170 1920 3471 1997 exoptat,
3515 1912 3917 1996 populusque
3968 1911 4038 1977 fl-

2474 2012 2636 2076 delis
2675 2024 2767 2077 ea‘
2796 2031 2910 2094 spe
2952 2011 3177 2076 ductus
3218 2010 3338 2075 hoc
3379 2010 3549 2083 idem
3592 2020 3927 2094 expectat,
3967 2021 4040 2075 ut

2473 2109 2620 2173 dum
2662 2109 2840 2171 illius
2870 2107 3091 2173 merita
3125 2107 3484 2173 exaltantur
3513 2109 3575 2169 in
3604 2108 3862 2182 Terris,
3891 2128 4038 2173 con·

2475 2212 2572 2271 tra
2611 2205 2910 2271 haereses
2935 2248 2957 2278 ‚
2988 2227 3146 2287 quas
3177 2207 3390 2269 vivens
3415 2205 3808 2291 profligavit,
3838 2213 4042 2291 patro·

2472 2304 2707 2371 ciuium
2736 2312 3109 2387 assequatur
3133 2304 3198 2367 in
3228 2302 3459 2368 Caelis.

2564 2503 2835 2582 „Ioseph
2884 2501 3164 2577 cuppola
3196 2501 3537 2578 Episcopus
3561 2500 3921 2579 Aquitanas.

2609 2694 3155 2758 nurnomssffl
3174 2698 3546 2778 conantibus
3560 2699 3727 2758 vitas
3764 2710 4047 2758 coronam

2477 2796 2544 2852 in
2580 2794 2784 2853 Castis
2822 2790 2960 2874 (a),
2991 2787 3070 2854 de
3102 2809 3226 2871 qua
3269 2790 3547 2854 lacobus
3578 2790 3924 2871 Apostolus
3953 2791 4043 2855 lo·

2476 2887 2732 2972 quitur,
2760 2889 2822 2950 in
2874 2889 3059 2952 beato
3088 2887 3283 2961 Fideli
3317 2908 3351 2950 a
3378 2887 3775 2971 Sigmaringa
3823 2876 4047 2952 merito

2476 2985 2848 3068 completam
2891 2986 3177 3049 videmus
3203 2983 3338 3070 (b).
3377 2990 3737 3063 memorum
3774 2988 4043 3067 namque

2479 3089 2953 3147 sollicitudinem
2993 3090 3074 3146 ad
3113 3091 3458 3162 anysndum
3482 3128 3502 3157 ,
3555 3091 4046 3161 provocandam·
4156 3157 4167 3164 ι

2475 3203 2590 3262 qus
2633 3188 2776 3261 fidei
2814 3187 3284 3246 observationem
3333 3190 3503 3262 juris
3564 3188 3847 3259 praemio
3893 3188 4051 3265 ames·

2480 3287 2723 3355 debers,
2764 3281 2959 3345 etiam
3002 3279 3244 3346 Ethnici
3271 3286 3573 3345 caesares
3614 3282 4003 3363 rescripsere
4029 3329 4045 3344 .

2478 3384 2773 3459 Superest
2798 3399 2974 3461 ergo,
2991 3386 3060 3441 ut
3075 3398 3265 3460 quem
3296 3384 3470 3442 certe
3503 3384 3876 3442 Sanctorum
3909 3400 4055 3443 con-

2478 3477 2678 3540 sortio
2716 3475 2958 3558 perfrui
3004 3477 3267 3541 credere
3309 3475 3500 3548 licet,
3541 3475 3876 3541 infallibili
3923 3485 4057 3542 Tuo

2474 3573 2734 3657 judicio,
2764 3572 2840 3635 ad
2875 3572 3342 3653 omnipotentis
3365 3574 3475 3637 Dei
3507 3573 3773 3658 gloriam
3808 3573 4052 3637 tirm2’us

806 3664 938 3730 cuit
976 3675 1045 3732 et
1067 3668 1364 3750 exemplo
1395 3671 1616 3734 beatus
1658 3670 1887 3734 Fidelis
1917 3691 1951 3734 a
1981 3670 2367 3756 Sigmaringa
2481 3674 2869 3735 innotescat.
2914 3676 2993 3733 Et
3021 3669 3352 3735 consilium
3385 3670 3552 3753 quod
3580 3670 3773 3734 toties
3823 3672 3887 3734 in
3937 3671 4053 3735 bac

808 3765 1297 3847 Capuccinorum
1343 3767 1638 3842 Ordinis;
1678 3767 1733 3832 is
1763 3767 1961 3840 enim,
1992 3789 2134 3833 cum
2164 3789 2243 3831 ex
2278 3781 2371 3834 tot

808 3862 1128 3945 tantisque
1170 3865 1547 3947 Apostolicis
1589 3866 2057 3947 praeconibus,
2105 3887 2268 3948 quos
2307 3867 2371 3929 in

811 3959 1110 4023 nundum
1153 3962 1512 4027 universum
1556 3964 1635 4028 ad
1682 3964 1996 4047 Evangelii
2040 3965 2367 4029 veritatem

813 4054 1342 4124 disseminandam
1385 4059 1765 4148 Universalis
1804 4064 2217 4146 Congregatio
2241 4106 2262 4136 ,
2337 4083 2373 4127 a

819 4166 1036 4221 sancta
1072 4158 1235 4222 Sede
1279 4160 1555 4245 negotiis
1616 4160 1697 4223 de
1762 4161 2165 4242 Propaganda
2189 4187 2195 4194 ·
2223 4160 2375 4225 Fide

817 4256 1174 4336 praeposita
1195 4299 1217 4329 ,
1246 4256 1310 4319 in
1342 4258 1478 4323 dies
1507 4257 1762 4324 mittere
1790 4259 2223 4332 consueverit,
2253 4258 2378 4344 pri-

819 4371 962 4417 mus
1003 4356 1282 4420 omnium
1324 4355 1624 4422 charitate
1671 4358 1898 4422 ductus
1940 4356 2376 4441 Evangelicam

820 4450 1349 4532 praedicationem
1393 4476 1508 4520 suo
1549 4456 1847 4539 sanguine
1887 4454 2378 4528 confirmaverit,

822 4568 1010 4616 nemo
1039 4558 1173 4625 est,
1205 4553 1314 4636 qui
1347 4552 1591 4619 dubitet
1630 4553 1769 4636 ejus
1813 4554 2097 4639 martyrii
2128 4553 2381 4625 merito,

819 4655 1165 4735 Martyrum
1196 4650 1460 4735 gloriam
1491 4651 1616 4717 ritu
1646 4650 1912 4716 solemni
1942 4643 2381 4733 adjiciendam,

820 4756 1013 4830 atque
1043 4748 1504 4815 decernendam
1533 4771 1705 4818 esse:
1735 4750 1912 4814 Tanti
1943 4749 2241 4832 ponderis
2266 4749 2384 4815 boc

824 4865 969 4911 esse
1010 4846 1231 4912 eadem
1269 4852 1707 4913 'SANCTlTAS
1760 4852 2055 4912 VESTRA
2114 4847 2383 4910 firmavit

824 4944 890 5004 in
936 4965 1049 5009 suo
1072 4943 1547 5010 absolutissimo
1573 4951 1774 5028 Opere
1804 4945 1885 5010 de
1916 4942 2384 5011 Beatificatione

2482 3790 2549 3834 re
2595 3767 2981 3853 praebuisti,
3010 3777 3078 3832 et
3119 3767 3478 3852 quomodo,
3522 3767 3835 3849 quibusve
3879 3767 4052 3832 auxi·

2482 3867 2587 3932 liis
2629 3867 2899 3950 dandum
2929 3866 3011 3931 sit
3041 3865 3279 3929 diserte
3306 3865 3619 3938 docuisti,
3650 3864 3924 3951 benigno
3954 3886 4059 3930 su·

2495 3966 2736 4051 scip‘ere
2777 3964 2985 4031 animo
3023 3984 3145 4028 non
3189 3963 3545 4048 dedigneris
3568 4007 3585 4024 .

2640 4167 2701 4225 fl
2711 4164 2742 4222 1
2748 4160 2981 4224 ERON
2991 4161 3039 4220 Y
3046 4162 3109 4219 H
3119 4164 3168 4222 t]
3176 4162 3217 4221 S
3276 4163 3533 4222 lorensi
3596 4162 3933 4238 Episcopus

3079 4257 3463 4319 desnensis.

2619 4457 2770 4516 Cum
2806 4452 2973 4515 vitae
3003 4450 3189 4523 ratio,
3216 4459 3349 4514 tum
3379 4450 3599 4515 mortis
3630 4468 3855 4532 genus,
3882 4452 4061 4510 ΒΕΑ-

2496 4557 2803 4616 ‘rtssmss
2844 4556 3098 4615 PATER
3125 4592 3144 4618 ‚
3191 4547 3378 4613 facile
3411 4548 3783 4621 ostendunt,
3827 4554 4057 4630 quanta

2496 4650 2766 4714 extiterit
2811 4650 2872 4711 in
2917 4649 3100 4712 beato
3144 4646 3342 4710 Fideli
3390 4667 3423 4710 a
3454 4647 3836 4735 Sigmaringa
3868 4645 4059 4708 virtu·

2496 4760 2626 4814 tum
2672 4749 3043 4813 eximiarum
3086 4744 3486 4828 complexio.
3532 4751 3619 4806 tta
3650 4744 3816 4808 enim
3862 4742 4057 4813 vixit,

2497 4849 2653 4911 utin
2698 4865 2937 4912 summa
2966 4846 3131 4908 vitae
3162 4842 3529 4908 austeritate
3560 4862 3927 4922 morumque
3972 4842 4062 4903 in-

2496 4946 2782 5009 nocentia
2827 4949 3022 5006 Deum
3066 4942 3246 5006 unire
3277 4946 3589 5023 spectaret
3639 4947 3701 5003 ct
3735 4940 4057 5003 Proximo·

832 5049 899 5103 et
925 5043 1401 5108 canonizatione
1432 5048 1795 5106 Sanctorum
1840 5046 1948 5105 lio.
1981 5046 2035 5104 ί.
2070 5061 2210 5120 cap.
2240 5048 2300 5104 2.
2333 5056 2391 5106 st
2499 5062 2635 5105 rum
2681 5042 2992 5106 satutem:
3058 5039 3149 5104 ita
3209 5037 3574 5120 sanguinem
3632 5035 3952 5123 profudit,
3998 5042 4064 5098 ut

832 5147 888 5204 3.
930 5157 1048 5217 per
1081 5151 1232 5214 ton,
1275 5146 1344 5205 ut
1390 5138 1699 5205 solemnis
1739 5139 2240 5205 canonizationis
2282 5141 2387 5206 bo-

2501 5160 2613 5223 pro
2659 5139 2885 5206 tuenda
2931 5135 3235 5201 catholica
3283 5134 3407 5199 tide
3452 5133 3727 5199 animam
3775 5141 4063 5218 poneret.

831 5257 1019 5306 nores
1042 5239 1228 5303 beato
1246 5236 1441 5302 Fideli
1469 5236 1699 5311 debiti,
1719 5256 1843 5301 non
1868 5236 2388 5324 modotamqusm
2504 5244 2660 5304 Vere
2704 5238 2873 5324 quod
2904 5237 3053 5302 olim
3084 5236 3163 5300 de
3193 5232 3486 5298 Samuele
3516 5233 3755 5300 dictum
3787 5241 3934 5306 est,
3967 5250 4067 5293 su·

938 5482 1022 5554 (⁸)
1057 5484 1243 5542 J⁰⁶⁰5
1282 5483 1437 5556 ‘Pi-52·
1480 5486 1528 5536 ¹·
1678 5481 1770 5556 (b)
1810 5485 1982 5540 Dioc!
2038 5498 2091 5539 et
2128 5486 2360 5545 maxim.
2392 5491 2448 5543 ia
2480 5490 2514 5542 1.
2548 5490 2594 5540 ¹.
2633 5473 2762 5540 Coa.
2807 5485 2923 5536 Pro
2950 5479 3147 5552 quibus
3184 5476 3368 5534 causis
3400 5478 3547 5531 servi
3576 5495 3683 5549 pro
3718 5493 3930 5546 praem·
3972 5471 4067 5525 lib.
