<?xml version="1.0" encoding="UTF-8"?>
<!DOCTYPE html PUBLIC "-//W3C//DTD XHTML 1.0 Transitional//EN"
    "http://www.w3.org/TR/xhtml1/DTD/xhtml1-transitional.dtd">
<html xmlns="http://www.w3.org/1999/xhtml" xml:lang="en" lang="en">
 <head>
  <title>
</title>
<meta http-equiv="Content-Type" content="text/html;charset=utf-8" />
  <meta name='ocr-system' content='tesseract 3.04.00' />
  <meta name='ocr-capabilities' content='ocr_page ocr_carea ocr_par ocr_line ocrx_word'/>
</head>
<body>
  <div class='ocr_page' id='page_1' title='image "benedictixivpon00benegoog_0343.png"; bbox 0 0 4442 6300; ppageno 0'>
   <div class='ocr_carea' id='block_1_1' title="bbox 1556 543 2627 610">
    <p class='ocr_par' dir='ltr' id='par_1_1' title="bbox 1556 543 2627 610">
     <span class='ocr_line' id='line_1_1' title="bbox 1556 543 2627 610; baseline 0 -15"><span class='ocrx_word' id='word_1_1' title='bbox 1556 544 1847 610; x_wconf 70' lang='lat' dir='ltr'>QtjtrtQtJ</span> <span class='ocrx_word' id='word_1_2' title='bbox 1861 546 1901 594; x_wconf 68' lang='grc' dir='ltr'><strong>Ε</strong></span> <span class='ocrx_word' id='word_1_3' title='bbox 1954 543 2419 595; x_wconf 69' lang='lat' dir='ltr'>SAN12‘1·‹›ttt3m</span> <span class='ocrx_word' id='word_1_4' title='bbox 2465 547 2627 596; x_wconf 48' lang='lat'>11:122.</span> 
     </span>
    </p>
   </div>
   <div class='ocr_carea' id='block_1_2' title="bbox 3442 545 3552 599">
    <p class='ocr_par' dir='ltr' id='par_1_2' title="bbox 3442 545 3552 599">
     <span class='ocr_line' id='line_1_2' title="bbox 3442 545 3552 599; baseline 0.045 -5"><span class='ocrx_word' id='word_1_5' title='bbox 3442 545 3552 599; x_wconf 72' lang='lat'>295</span> 
     </span>
    </p>
   </div>
   <div class='ocr_carea' id='block_1_3' title="bbox 497 684 3828 1065">
    <p class='ocr_par' dir='ltr' id='par_1_3' title="bbox 500 684 3828 857">
     <span class='ocr_line' id='line_1_3' title="bbox 502 684 3828 771; baseline 0 -19"><span class='ocrx_word' id='word_1_6' title='bbox 502 685 755 752; x_wconf 75' lang='lat' dir='ltr'>Gratiae</span> <span class='ocrx_word' id='word_1_7' title='bbox 791 684 1214 771; x_wconf 82' lang='lat' dir='ltr'>appellatum,</span> <span class='ocrx_word' id='word_1_8' title='bbox 1248 688 1307 749; x_wconf 92' lang='lat' dir='ltr'>in</span> <span class='ocrx_word' id='word_1_9' title='bbox 1341 709 1464 770; x_wconf 88' lang='lat' dir='ltr'>quo</span> <span class='ocrx_word' id='word_1_10' title='bbox 1494 687 1758 752; x_wconf 89' lang='lat' dir='ltr'>totidem</span> <span class='ocrx_word' id='word_1_11' title='bbox 1798 687 2058 751; x_wconf 67' lang='lat' dir='ltr'>praelati</span> <span class='ocrx_word' id='word_1_12' title='bbox 2173 698 2475 763; x_wconf 86' lang='lat' dir='ltr'>ornatus,</span> <span class='ocrx_word' id='word_1_13' title='bbox 2517 687 2648 753; x_wconf 82' lang='lat' dir='ltr'>sive</span> <span class='ocrx_word' id='word_1_14' title='bbox 2692 708 3091 770; x_wconf 84' lang='lat' dir='ltr'>quocumque</span> <span class='ocrx_word' id='word_1_15' title='bbox 3134 684 3261 752; x_wconf 83' lang='lat' dir='ltr'>alio</span> <span class='ocrx_word' id='word_1_16' title='bbox 3281 686 3575 771; x_wconf 76' lang='lat' dir='ltr'>,ejusdem</span> <span class='ocrx_word' id='word_1_17' title='bbox 3611 696 3727 752; x_wconf 81' lang='lat' dir='ltr'>Ro·</span> <span class='ocrx_word' id='word_1_18' title='bbox 3823 708 3828 713; x_wconf 82' lang='lat'><strong>·</strong></span> 
     </span>
     <span class='ocr_line' id='line_1_4' title="bbox 500 782 3782 857; baseline 0.001 -12"><span class='ocrx_word' id='word_1_19' title='bbox 500 789 801 850; x_wconf 82' lang='lat' dir='ltr'>vetantes</span> <span class='ocrx_word' id='word_1_20' title='bbox 841 787 1169 850; x_wconf 78' lang='lat' dir='ltr'>habentur.</span> <span class='ocrx_word' id='word_1_21' title='bbox 1221 792 1285 849; x_wconf 86' lang='lat' dir='ltr'>ln</span> <span class='ocrx_word' id='word_1_22' title='bbox 1312 786 1552 849; x_wconf 65' lang='lat' dir='ltr'>horum</span> <span class='ocrx_word' id='word_1_23' title='bbox 1609 806 1760 850; x_wconf 80' lang='lat' dir='ltr'>sane</span> <span class='ocrx_word' id='word_1_24' title='bbox 1804 806 2062 850; x_wconf 86' lang='lat' dir='ltr'>numero</span> <span class='ocrx_word' id='word_1_25' title='bbox 2174 803 2389 848; x_wconf 88' lang='lat' dir='ltr'>manae</span> <span class='ocrx_word' id='word_1_26' title='bbox 2436 784 2658 850; x_wconf 89' lang='lat' dir='ltr'>Curiae</span> <span class='ocrx_word' id='word_1_27' title='bbox 2700 803 2994 857; x_wconf 81' lang='lat' dir='ltr'>munere,</span> <span class='ocrx_word' id='word_1_28' title='bbox 3020 782 3122 851; x_wconf 77' lang='lat' dir='ltr'>vel</span> <span class='ocrx_word' id='word_1_29' title='bbox 3151 782 3367 849; x_wconf 76' lang='lat' dir='ltr'>officio</span> <span class='ocrx_word' id='word_1_30' title='bbox 3395 784 3726 850; x_wconf 82' lang='lat' dir='ltr'>decoratus</span> <span class='ocrx_word' id='word_1_31' title='bbox 3778 839 3782 844; x_wconf 93' lang='lat'>.</span> 
     </span>
    </p>

    <p class='ocr_par' dir='ltr' id='par_1_4' title="bbox 497 879 3728 1065">
     <span class='ocr_line' id='line_1_5' title="bbox 497 879 3728 966; baseline 0 -22"><span class='ocrx_word' id='word_1_32' title='bbox 497 885 625 945; x_wconf 81' lang='lat' dir='ltr'>Nos</span> <span class='ocrx_word' id='word_1_33' title='bbox 653 885 885 963; x_wconf 86' lang='lat' dir='ltr'>pariter</span> <span class='ocrx_word' id='word_1_34' title='bbox 911 884 1090 956; x_wconf 90' lang='lat' dir='ltr'>olim,</span> <span class='ocrx_word' id='word_1_35' title='bbox 1118 883 1269 947; x_wconf 85' lang='lat' dir='ltr'>dum</span> <span class='ocrx_word' id='word_1_36' title='bbox 1302 885 1361 945; x_wconf 87' lang='lat' dir='ltr'>in</span> <span class='ocrx_word' id='word_1_37' title='bbox 1386 884 1728 948; x_wconf 71' lang='lat' dir='ltr'>Minoribus</span> <span class='ocrx_word' id='word_1_38' title='bbox 1753 903 2058 956; x_wconf 70' lang='lat' dir='ltr'>essentne,</span> <span class='ocrx_word' id='word_1_39' title='bbox 2171 881 2559 963; x_wconf 75' lang='lat' dir='ltr'>reperiatur,</span> <span class='ocrx_word' id='word_1_40' title='bbox 2606 882 3015 966; x_wconf 85' lang='lat' dir='ltr'>praecipimus</span> <span class='ocrx_word' id='word_1_41' title='bbox 3053 879 3312 962; x_wconf 85' lang='lat' dir='ltr'>insuper</span> <span class='ocrx_word' id='word_1_42' title='bbox 3363 889 3426 946; x_wconf 89' lang='lat' dir='ltr'>et</span> <span class='ocrx_word' id='word_1_43' title='bbox 3482 884 3728 949; x_wconf 83' lang='lat' dir='ltr'>mauda-</span> 
     </span>
     <span class='ocr_line' id='line_1_6' title="bbox 499 978 3728 1065; baseline 0 -24"><span class='ocrx_word' id='word_1_44' title='bbox 499 978 697 1051; x_wconf 81' lang='lat' dir='ltr'>t&#39;uisse</span> <span class='ocrx_word' id='word_1_45' title='bbox 751 981 1131 1065; x_wconf 77' lang='lat' dir='ltr'>gloriamur.</span> <span class='ocrx_word' id='word_1_46' title='bbox 1186 988 1377 1046; x_wconf 82' lang='lat' dir='ltr'>Porro</span> <span class='ocrx_word' id='word_1_47' title='bbox 1437 1002 1752 1064; x_wconf 87' lang='lat' dir='ltr'>nunqnam</span> <span class='ocrx_word' id='word_1_48' title='bbox 1808 983 2056 1063; x_wconf 86' lang='lat' dir='ltr'>utrique</span> <span class='ocrx_word' id='word_1_49' title='bbox 2173 1000 2354 1053; x_wconf 86' lang='lat' dir='ltr'>mus,</span> <span class='ocrx_word' id='word_1_50' title='bbox 2396 990 2464 1043; x_wconf 91' lang='lat' dir='ltr'>ut</span> <span class='ocrx_word' id='word_1_51' title='bbox 2507 980 2675 1044; x_wconf 87' lang='lat' dir='ltr'>nulla</span> <span class='ocrx_word' id='word_1_52' title='bbox 2720 980 2925 1043; x_wconf 84' lang='lat' dir='ltr'>habita</span> <span class='ocrx_word' id='word_1_53' title='bbox 2982 979 3345 1063; x_wconf 74' lang='lat' dir='ltr'>signaturae</span> <span class='ocrx_word' id='word_1_54' title='bbox 3399 980 3728 1054; x_wconf 60' lang='lat' dir='ltr'>sominae,</span> 
     </span>
    </p>
   </div>
   <div class='ocr_carea' id='block_1_4' title="bbox 492 1079 2061 1840">
    <p class='ocr_par' dir='ltr' id='par_1_5' title="bbox 492 1079 2061 1840">
     <span class='ocr_line' id='line_1_7' title="bbox 494 1079 2053 1161; baseline 0.001 -22"><span class='ocrx_word' id='word_1_55' title='bbox 494 1084 793 1143; x_wconf 79' lang='lat' dir='ltr'>Votantes</span> <span class='ocrx_word' id='word_1_56' title='bbox 824 1090 1115 1161; x_wconf 82' lang='lat' dir='ltr'>tanquam</span> <span class='ocrx_word' id='word_1_57' title='bbox 1136 1079 1210 1141; x_wconf 71' lang='lat' dir='ltr'>‘iu</span> <span class='ocrx_word' id='word_1_58' title='bbox 1241 1080 1370 1142; x_wconf 85' lang='lat' dir='ltr'>sive</span> <span class='ocrx_word' id='word_1_59' title='bbox 1402 1081 1696 1159; x_wconf 76' lang='lat' dir='ltr'>Corporis</span> <span class='ocrx_word' id='word_1_60' title='bbox 1715 1112 1737 1151; x_wconf 57' lang='grc' dir='ltr'><strong>ς</strong></span> <span class='ocrx_word' id='word_1_61' title='bbox 1764 1080 1897 1144; x_wconf 82' lang='lat' dir='ltr'>sive</span> <span class='ocrx_word' id='word_1_62' title='bbox 1923 1079 2053 1143; x_wconf 86' lang='lat' dir='ltr'>Tri·</span> 
     </span>
     <span class='ocr_line' id='line_1_8' title="bbox 500 1174 2055 1259; baseline 0.002 -22"><span class='ocrx_word' id='word_1_63' title='bbox 500 1174 749 1240; x_wconf 87' lang='lat' dir='ltr'>bunalis</span> <span class='ocrx_word' id='word_1_64' title='bbox 766 1178 1037 1259; x_wconf 83' lang='lat' dir='ltr'>speciem</span> <span class='ocrx_word' id='word_1_65' title='bbox 1061 1178 1461 1252; x_wconf 73' lang='lat' dir='ltr'>conveniunt3</span> <span class='ocrx_word' id='word_1_66' title='bbox 1490 1198 1563 1241; x_wconf 87' lang='lat' dir='ltr'>ea</span> <span class='ocrx_word' id='word_1_67' title='bbox 1597 1188 1852 1258; x_wconf 69' lang='lat' dir='ltr'>propter</span> <span class='ocrx_word' id='word_1_68' title='bbox 1883 1175 2055 1240; x_wconf 91' lang='lat' dir='ltr'>nulla</span> 
     </span>
     <span class='ocr_line' id='line_1_9' title="bbox 499 1271 2057 1354; baseline 0.002 -22"><span class='ocrx_word' id='word_1_69' title='bbox 499 1271 752 1352; x_wconf 88' lang='lat' dir='ltr'>quidem</span> <span class='ocrx_word' id='word_1_70' title='bbox 784 1273 896 1336; x_wconf 84' lang='lat' dir='ltr'>hac</span> <span class='ocrx_word' id='word_1_71' title='bbox 926 1272 991 1336; x_wconf 88' lang='lat' dir='ltr'>in</span> <span class='ocrx_word' id='word_1_72' title='bbox 1024 1283 1202 1354; x_wconf 83' lang='lat' dir='ltr'>parte</span> <span class='ocrx_word' id='word_1_73' title='bbox 1233 1273 1586 1339; x_wconf 79' lang='lat' dir='ltr'>necessaria</span> <span class='ocrx_word' id='word_1_74' title='bbox 1616 1281 1718 1338; x_wconf 84' lang='lat' dir='ltr'>est</span> <span class='ocrx_word' id='word_1_75' title='bbox 1751 1272 2057 1354; x_wconf 79' lang='lat' dir='ltr'>Apostoli-</span> 
     </span>
     <span class='ocr_line' id='line_1_10' title="bbox 494 1370 2059 1455; baseline 0.003 -23"><span class='ocrx_word' id='word_1_76' title='bbox 494 1388 606 1432; x_wconf 86' lang='lat' dir='ltr'>cae</span> <span class='ocrx_word' id='word_1_77' title='bbox 632 1377 883 1439; x_wconf 83' lang='lat' dir='ltr'>nostrae</span> <span class='ocrx_word' id='word_1_78' title='bbox 915 1370 1337 1454; x_wconf 83' lang='lat' dir='ltr'>providentiae</span> <span class='ocrx_word' id='word_1_79' title='bbox 1367 1370 1561 1455; x_wconf 84' lang='lat' dir='ltr'>ratio;</span> <span class='ocrx_word' id='word_1_80' title='bbox 1592 1371 1704 1435; x_wconf 87' lang='lat' dir='ltr'>sed</span> <span class='ocrx_word' id='word_1_81' title='bbox 1736 1370 1854 1438; x_wconf 78' lang='lat' dir='ltr'>hoc</span> <span class='ocrx_word' id='word_1_82' title='bbox 1884 1391 2059 1453; x_wconf 89' lang='lat' dir='ltr'>prae·</span> 
     </span>
     <span class='ocr_line' id='line_1_11' title="bbox 502 1466 2061 1549; baseline 0.003 -20"><span class='ocrx_word' id='word_1_83' title='bbox 502 1466 721 1531; x_wconf 75' lang='lat' dir='ltr'>sertim</span> <span class='ocrx_word' id='word_1_84' title='bbox 756 1467 1170 1549; x_wconf 75' lang='lat' dir='ltr'>praecipimus</span> <span class='ocrx_word' id='word_1_85' title='bbox 1215 1477 1280 1532; x_wconf 88' lang='lat' dir='ltr'>et</span> <span class='ocrx_word' id='word_1_86' title='bbox 1333 1470 1736 1538; x_wconf 79' lang='lat' dir='ltr'>mandamns:</span> <span class='ocrx_word' id='word_1_87' title='bbox 1790 1478 1859 1533; x_wconf 87' lang='lat' dir='ltr'>ut</span> <span class='ocrx_word' id='word_1_88' title='bbox 1908 1490 2061 1547; x_wconf 82' lang='lat' dir='ltr'>qno·</span> 
     </span>
     <span class='ocr_line' id='line_1_12' title="bbox 500 1561 2057 1650; baseline 0.001 -23"><span class='ocrx_word' id='word_1_89' title='bbox 500 1561 898 1645; x_wconf 86' lang='lat' dir='ltr'>tiescumqne</span> <span class='ocrx_word' id='word_1_90' title='bbox 943 1576 1065 1629; x_wconf 81' lang='lat' dir='ltr'>tam</span> <span class='ocrx_word' id='word_1_91' title='bbox 1126 1566 1243 1648; x_wconf 83' lang='lat' dir='ltr'>ipsi</span> <span class='ocrx_word' id='word_1_92' title='bbox 1299 1568 1663 1650; x_wconf 80' lang='lat' dir='ltr'>signaturae</span> <span class='ocrx_word' id='word_1_93' title='bbox 1718 1566 2005 1630; x_wconf 65' lang='lat' dir='ltr'>«institiae</span> <span class='ocrx_word' id='word_1_94' title='bbox 2035 1612 2057 1642; x_wconf 90' lang='lat'><strong>‚</strong></span> 
     </span>
     <span class='ocr_line' id='line_1_13' title="bbox 499 1660 2059 1746; baseline 0.002 -23"><span class='ocrx_word' id='word_1_95' title='bbox 499 1679 684 1740; x_wconf 86' lang='lat' dir='ltr'>quam</span> <span class='ocrx_word' id='word_1_96' title='bbox 714 1660 1082 1744; x_wconf 69' lang='lat' dir='ltr'>signaturam</span> <span class='ocrx_word' id='word_1_97' title='bbox 1128 1662 1372 1727; x_wconf 83' lang='lat' dir='ltr'>Gratiae</span> <span class='ocrx_word' id='word_1_98' title='bbox 1415 1671 1720 1727; x_wconf 83' lang='lat' dir='ltr'>Votantes</span> <span class='ocrx_word' id='word_1_99' title='bbox 1769 1683 1880 1746; x_wconf 90' lang='lat' dir='ltr'>pro</span> <span class='ocrx_word' id='word_1_100' title='bbox 1929 1662 2059 1726; x_wconf 84' lang='lat' dir='ltr'>suis</span> 
     </span>
     <span class='ocr_line' id='line_1_14' title="bbox 492 1759 2056 1840; baseline 0.002 -20"><span class='ocrx_word' id='word_1_101' title='bbox 492 1766 785 1839; x_wconf 85' lang='lat' dir='ltr'>respectu</span> <span class='ocrx_word' id='word_1_102' title='bbox 818 1760 1051 1840; x_wconf 82' lang='lat' dir='ltr'>proprii</span> <span class='ocrx_word' id='word_1_103' title='bbox 1084 1759 1441 1823; x_wconf 80' lang='lat' dir='ltr'>Tribunalis</span> <span class='ocrx_word' id='word_1_104' title='bbox 1462 1761 1726 1824; x_wconf 83' lang='lat' dir='ltr'>seorsim</span> <span class='ocrx_word' id='word_1_105' title='bbox 1749 1761 2056 1824; x_wconf 77' lang='lat' dir='ltr'>obeundis</span> 
     </span>
    </p>
   </div>
   <div class='ocr_carea' id='block_1_5' title="bbox 493 1853 2067 1951">
    <p class='ocr_par' dir='ltr' id='par_1_6' title="bbox 493 1853 2067 1951">
     <span class='ocr_line' id='line_1_15' title="bbox 493 1853 2067 1951; baseline 0.001 -36"><span class='ocrx_word' id='word_1_106' title='bbox 493 1853 1036 1938; x_wconf 80' lang='lat' dir='ltr'>adimplendisque</span> <span class='ocrx_word' id='word_1_107' title='bbox 1068 1857 1437 1951; x_wconf 72' lang='lat' dir='ltr'>muneribus</span> <span class='ocrx_word' id='word_1_108' title='bbox 1460 1858 1731 1921; x_wconf 81' lang='lat' dir='ltr'>invicem</span> <span class='ocrx_word' id='word_1_109' title='bbox 1764 1856 2067 1922; x_wconf 55' lang='lat' dir='ltr'>conveni-²</span> 
     </span>
    </p>
   </div>
   <div class='ocr_carea' id='block_1_6' title="bbox 485 1951 2058 3499">
    <p class='ocr_par' dir='ltr' id='par_1_7' title="bbox 485 1951 2058 3499">
     <span class='ocr_line' id='line_1_16' title="bbox 491 1951 2057 2033; baseline 0.001 -17"><span class='ocrx_word' id='word_1_110' title='bbox 491 1971 560 2016; x_wconf 85' lang='lat' dir='ltr'>re</span> <span class='ocrx_word' id='word_1_111' title='bbox 601 1951 872 2022; x_wconf 86' lang='lat' dir='ltr'>debent..</span> <span class='ocrx_word' id='word_1_112' title='bbox 904 1953 1071 2017; x_wconf 87' lang='lat' dir='ltr'>idem</span> <span class='ocrx_word' id='word_1_113' title='bbox 1103 1954 1266 2016; x_wconf 90' lang='lat' dir='ltr'>inter</span> <span class='ocrx_word' id='word_1_114' title='bbox 1288 1955 1468 2033; x_wconf 81' lang='lat' dir='ltr'>,ipsos</span> <span class='ocrx_word' id='word_1_115' title='bbox 1499 1965 1626 2017; x_wconf 91' lang='lat' dir='ltr'>tum</span> <span class='ocrx_word' id='word_1_116' title='bbox 1658 1953 1719 2016; x_wconf 88' lang='lat' dir='ltr'>in</span> <span class='ocrx_word' id='word_1_117' title='bbox 1750 1953 2057 2029; x_wconf 64' lang='lat' dir='ltr'>sedendo,</span> 
     </span>
     <span class='ocr_line' id='line_1_17' title="bbox 490 2048 2056 2136; baseline 0.003 -26"><span class='ocrx_word' id='word_1_118' title='bbox 490 2055 623 2111; x_wconf 85' lang='lat' dir='ltr'>tum</span> <span class='ocrx_word' id='word_1_119' title='bbox 653 2048 718 2110; x_wconf 86' lang='lat' dir='ltr'>in</span> <span class='ocrx_word' id='word_1_120' title='bbox 747 2058 988 2123; x_wconf 82' lang='lat' dir='ltr'>votum,</span> <span class='ocrx_word' id='word_1_121' title='bbox 1021 2050 1155 2115; x_wconf 86' lang='lat' dir='ltr'>sive</span> <span class='ocrx_word' id='word_1_122' title='bbox 1188 2052 1550 2136; x_wconf 76' lang='lat' dir='ltr'>suffragium</span> <span class='ocrx_word' id='word_1_123' title='bbox 1586 2051 1848 2118; x_wconf 74' lang='lat' dir='ltr'>ferendo</span> <span class='ocrx_word' id='word_1_124' title='bbox 1878 2073 2056 2134; x_wconf 86' lang='lat' dir='ltr'>prae·</span> 
     </span>
     <span class='ocr_line' id='line_1_18' title="bbox 488 2146 2056 2232; baseline 0.002 -21"><span class='ocrx_word' id='word_1_125' title='bbox 488 2146 813 2213; x_wconf 85' lang='lat' dir='ltr'>cedentiae</span> <span class='ocrx_word' id='word_1_126' title='bbox 855 2148 1026 2213; x_wconf 86' lang='lat' dir='ltr'>Ordo</span> <span class='ocrx_word' id='word_1_127' title='bbox 1055 2159 1379 2220; x_wconf 82' lang='lat' dir='ltr'>servetur,</span> <span class='ocrx_word' id='word_1_128' title='bbox 1421 2150 1526 2231; x_wconf 87' lang='lat' dir='ltr'>qui</span> <span class='ocrx_word' id='word_1_129' title='bbox 1559 2151 1635 2213; x_wconf 85' lang='lat' dir='ltr'>ad</span> <span class='ocrx_word' id='word_1_130' title='bbox 1669 2151 1825 2213; x_wconf 84' lang='lat' dir='ltr'>hanc</span> <span class='ocrx_word' id='word_1_131' title='bbox 1855 2171 2056 2232; x_wconf 83' lang='lat' dir='ltr'>usque</span> 
     </span>
     <span class='ocr_line' id='line_1_19' title="bbox 488 2243 2051 2328; baseline 0.002 -21"><span class='ocrx_word' id='word_1_132' title='bbox 488 2243 655 2307; x_wconf 85' lang='lat' dir='ltr'>diem</span> <span class='ocrx_word' id='word_1_133' title='bbox 699 2254 1421 2328; x_wconf 83' lang='lat' dir='ltr'>retentus·servatusque</span> <span class='ocrx_word' id='word_1_134' title='bbox 1465 2258 1583 2314; x_wconf 80' lang='lat' dir='ltr'>est.</span> <span class='ocrx_word' id='word_1_135' title='bbox 1629 2249 1937 2323; x_wconf 77' lang='lat' dir='ltr'>Quoniam</span> <span class='ocrx_word' id='word_1_136' title='bbox 1984 2256 2051 2312; x_wconf 90' lang='lat' dir='ltr'>ut</span> 
     </span>
     <span class='ocr_line' id='line_1_20' title="bbox 491 2338 2056 2425; baseline 0.007 -26"><span class='ocrx_word' id='word_1_137' title='bbox 491 2338 827 2422; x_wconf 76' lang='lat' dir='ltr'>plurimum</span> <span class='ocrx_word' id='word_1_138' title='bbox 855 2342 1140 2406; x_wconf 79' lang='lat' dir='ltr'>accidere</span> <span class='ocrx_word' id='word_1_139' title='bbox 1171 2354 1413 2425; x_wconf 89' lang='lat' dir='ltr'>potest,</span> <span class='ocrx_word' id='word_1_140' title='bbox 1443 2354 1510 2407; x_wconf 91' lang='lat' dir='ltr'>ut</span> <span class='ocrx_word' id='word_1_141' title='bbox 1542 2346 1677 2409; x_wconf 82' lang='lat' dir='ltr'>sive</span> <span class='ocrx_word' id='word_1_142' title='bbox 1707 2366 1889 2416; x_wconf 83' lang='lat' dir='ltr'>nnus,</span> <span class='ocrx_word' id='word_1_143' title='bbox 1924 2345 2056 2410; x_wconf 70' lang='lat' dir='ltr'>sive</span> 
     </span>
     <span class='ocr_line' id='line_1_21' title="bbox 485 2432 2058 2519; baseline 0.005 -22"><span class='ocrx_word' id='word_1_144' title='bbox 485 2436 698 2518; x_wconf 83' lang='lat' dir='ltr'>plures</span> <span class='ocrx_word' id='word_1_145' title='bbox 713 2458 793 2500; x_wconf 72' lang='lat' dir='ltr'>ex</span> <span class='ocrx_word' id='word_1_146' title='bbox 816 2445 1078 2519; x_wconf 79' lang='lat' dir='ltr'>utroque</span> <span class='ocrx_word' id='word_1_147' title='bbox 1101 2432 1466 2519; x_wconf 67' lang='lat' dir='ltr'>signaturae</span> <span class='ocrx_word' id='word_1_148' title='bbox 1488 2444 1780 2506; x_wconf 84' lang='lat' dir='ltr'>Justitine</span> <span class='ocrx_word' id='word_1_149' title='bbox 1817 2451 1881 2504; x_wconf 85' lang='lat' dir='ltr'>et</span> <span class='ocrx_word' id='word_1_150' title='bbox 1906 2449 2058 2508; x_wconf 85' lang='lat' dir='ltr'>Gra-</span> 
     </span>
     <span class='ocr_line' id='line_1_22' title="bbox 490 2532 2055 2621; baseline 0.003 -23"><span class='ocrx_word' id='word_1_151' title='bbox 490 2533 612 2598; x_wconf 89' lang='lat' dir='ltr'>tiae</span> <span class='ocrx_word' id='word_1_152' title='bbox 644 2532 963 2596; x_wconf 71' lang='lat' dir='ltr'>‘tribunali</span> <span class='ocrx_word' id='word_1_153' title='bbox 999 2539 1295 2600; x_wconf 71' lang='lat' dir='ltr'>Votantes</span> <span class='ocrx_word' id='word_1_154' title='bbox 1322 2558 1714 2621; x_wconf 82' lang='lat' dir='ltr'>quacumque</span> <span class='ocrx_word' id='word_1_155' title='bbox 1745 2560 1826 2602; x_wconf 83' lang='lat' dir='ltr'>ex</span> <span class='ocrx_word' id='word_1_156' title='bbox 1868 2560 2055 2603; x_wconf 75' lang='lat' dir='ltr'>causa</span> 
     </span>
     <span class='ocr_line' id='line_1_23' title="bbox 489 2628 2050 2718; baseline 0.005 -26"><span class='ocrx_word' id='word_1_157' title='bbox 489 2628 617 2692; x_wconf 78' lang='lat' dir='ltr'>aive</span> <span class='ocrx_word' id='word_1_158' title='bbox 655 2630 1014 2696; x_wconf 77' lang='lat' dir='ltr'>Praelatitio</span> <span class='ocrx_word' id='word_1_159' title='bbox 1034 2675 1053 2703; x_wconf 84' lang='lat'>‚</span> <span class='ocrx_word' id='word_1_160' title='bbox 1084 2633 1214 2697; x_wconf 77' lang='lat' dir='ltr'>sive</span> <span class='ocrx_word' id='word_1_161' title='bbox 1244 2656 1636 2718; x_wconf 86' lang='lat' dir='ltr'>quocumque</span> <span class='ocrx_word' id='word_1_162' title='bbox 1673 2636 1801 2699; x_wconf 80' lang='lat' dir='ltr'>alio</span> <span class='ocrx_word' id='word_1_163' title='bbox 1831 2637 2050 2701; x_wconf 82' lang='lat' dir='ltr'>habitu</span> 
     </span>
     <span class='ocr_line' id='line_1_24' title="bbox 488 2716 2051 2816; baseline 0.005 -28"><span class='ocrx_word' id='word_1_164' title='bbox 488 2716 685 2790; x_wconf 78' lang='lat' dir='ltr'>induti</span> <span class='ocrx_word' id='word_1_165' title='bbox 727 2729 1204 2815; x_wconf 51' lang='lat' dir='ltr'>quemodolibet</span> <span class='ocrx_word' id='word_1_166' title='bbox 1250 2743 1318 2796; x_wconf 87' lang='lat' dir='ltr'>et</span> <span class='ocrx_word' id='word_1_167' title='bbox 1362 2734 1745 2816; x_wconf 84' lang='lat' dir='ltr'>ubicumque</span> <span class='ocrx_word' id='word_1_168' title='bbox 1795 2733 2051 2798; x_wconf 77' lang='lat' dir='ltr'>insimul</span> 
     </span>
     <span class='ocr_line' id='line_1_25' title="bbox 486 2820 2051 2913; baseline 0.007 -28"><span class='ocrx_word' id='word_1_169' title='bbox 486 2825 749 2907; x_wconf 88' lang='lat' dir='ltr'>reperiri</span> <span class='ocrx_word' id='word_1_170' title='bbox 792 2820 1031 2908; x_wconf 76' lang='lat' dir='ltr'>possint</span> <span class='ocrx_word' id='word_1_171' title='bbox 1055 2855 1073 2891; x_wconf 74' lang='grc' dir='ltr'>ι</span> <span class='ocrx_word' id='word_1_172' title='bbox 1112 2830 1278 2895; x_wconf 73' lang='lat' dir='ltr'>Hinc</span> <span class='ocrx_word' id='word_1_173' title='bbox 1325 2840 1467 2904; x_wconf 88' lang='lat' dir='ltr'>est,</span> <span class='ocrx_word' id='word_1_174' title='bbox 1500 2832 1669 2913; x_wconf 83' lang='lat' dir='ltr'>quod</span> <span class='ocrx_word' id='word_1_175' title='bbox 1703 2837 1827 2895; x_wconf 85' lang='lat' dir='ltr'>Nos</span> <span class='ocrx_word' id='word_1_176' title='bbox 1876 2843 2051 2896; x_wconf 90' lang='lat' dir='ltr'>motu</span> 
     </span>
     <span class='ocr_line' id='line_1_26' title="bbox 490 2922 2054 3003; baseline 0.008 -21"><span class='ocrx_word' id='word_1_177' title='bbox 490 2922 778 3003; x_wconf 77' lang='lat' dir='ltr'>proprio,</span> <span class='ocrx_word' id='word_1_178' title='bbox 824 2943 897 2990; x_wconf 90' lang='lat' dir='ltr'>ac</span> <span class='ocrx_word' id='word_1_179' title='bbox 938 2946 1017 2989; x_wconf 82' lang='lat' dir='ltr'>ex</span> <span class='ocrx_word' id='word_1_180' title='bbox 1048 2936 1221 2992; x_wconf 76' lang='lat' dir='ltr'>certa</span> <span class='ocrx_word' id='word_1_181' title='bbox 1252 2929 1553 2999; x_wconf 73' lang='lat' dir='ltr'>scientia,</span> <span class='ocrx_word' id='word_1_182' title='bbox 1580 2936 1642 2991; x_wconf 87' lang='lat' dir='ltr'>et</span> <span class='ocrx_word' id='word_1_183' title='bbox 1676 2938 1919 2998; x_wconf 80' lang='lat' dir='ltr'>matura</span> <span class='ocrx_word' id='word_1_184' title='bbox 1947 2930 2054 2994; x_wconf 87' lang='lat' dir='ltr'>de-</span> 
     </span>
     <span class='ocr_line' id='line_1_27' title="bbox 489 3017 2051 3109; baseline 0.007 -30"><span class='ocrx_word' id='word_1_185' title='bbox 489 3017 859 3084; x_wconf 87' lang='lat' dir='ltr'>liberatione</span> <span class='ocrx_word' id='word_1_186' title='bbox 902 3024 1172 3098; x_wconf 82' lang='lat' dir='ltr'>nostris,</span> <span class='ocrx_word' id='word_1_187' title='bbox 1218 3025 1425 3108; x_wconf 82' lang='lat' dir='ltr'>deque</span> <span class='ocrx_word' id='word_1_188' title='bbox 1455 3025 1848 3107; x_wconf 81' lang='lat' dir='ltr'>Apostolieae</span> <span class='ocrx_word' id='word_1_189' title='bbox 1878 3034 2051 3109; x_wconf 88' lang='lat' dir='ltr'>pote·</span> 
     </span>
     <span class='ocr_line' id='line_1_28' title="bbox 488 3112 2050 3200; baseline 0.004 -20"><span class='ocrx_word' id='word_1_190' title='bbox 488 3116 668 3182; x_wconf 83' lang='lat' dir='ltr'>statis</span> <span class='ocrx_word' id='word_1_191' title='bbox 708 3112 1093 3200; x_wconf 83' lang='lat' dir='ltr'>plenitudine</span> <span class='ocrx_word' id='word_1_192' title='bbox 1124 3121 1413 3191; x_wconf 76' lang='lat' dir='ltr'>volumus</span> <span class='ocrx_word' id='word_1_193' title='bbox 1442 3131 1505 3188; x_wconf 88' lang='lat' dir='ltr'>et</span> <span class='ocrx_word' id='word_1_194' title='bbox 1539 3123 1903 3188; x_wconf 85' lang='lat' dir='ltr'>mandamus</span> <span class='ocrx_word' id='word_1_195' title='bbox 1928 3166 1949 3196; x_wconf 84' lang='lat'>‚</span> <span class='ocrx_word' id='word_1_196' title='bbox 1980 3129 2050 3187; x_wconf 84' lang='lat' dir='ltr'>ut</span> 
     </span>
     <span class='ocr_line' id='line_1_29' title="bbox 486 3213 2051 3306; baseline 0.004 -30"><span class='ocrx_word' id='word_1_197' title='bbox 486 3213 550 3276; x_wconf 87' lang='lat' dir='ltr'>in</span> <span class='ocrx_word' id='word_1_198' title='bbox 590 3214 949 3300; x_wconf 78' lang='lat' dir='ltr'>hujusmodi</span> <span class='ocrx_word' id='word_1_199' title='bbox 993 3231 1296 3285; x_wconf 79' lang='lat' dir='ltr'>conventu</span> <span class='ocrx_word' id='word_1_200' title='bbox 1345 3221 1456 3285; x_wconf 90' lang='lat' dir='ltr'>ille</span> <span class='ocrx_word' id='word_1_201' title='bbox 1505 3230 1783 3306; x_wconf 55' lang='lat' dir='ltr'>Votags,</span> <span class='ocrx_word' id='word_1_202' title='bbox 1825 3222 1930 3303; x_wconf 89' lang='lat' dir='ltr'>qni</span> <span class='ocrx_word' id='word_1_203' title='bbox 1986 3222 2051 3283; x_wconf 90' lang='lat' dir='ltr'>in</span> 
     </span>
     <span class='ocr_line' id='line_1_30' title="bbox 489 3314 2053 3402; baseline 0.006 -27"><span class='ocrx_word' id='word_1_204' title='bbox 489 3331 605 3376; x_wconf 88' lang='lat' dir='ltr'>suo</span> <span class='ocrx_word' id='word_1_205' title='bbox 644 3314 965 3379; x_wconf 75' lang='lat' dir='ltr'>Tribunali</span> <span class='ocrx_word' id='word_1_206' title='bbox 993 3318 1351 3400; x_wconf 70' lang='lat' dir='ltr'>antiquior,</span> <span class='ocrx_word' id='word_1_207' title='bbox 1380 3329 1447 3382; x_wconf 88' lang='lat' dir='ltr'>et</span> <span class='ocrx_word' id='word_1_208' title='bbox 1478 3319 1649 3402; x_wconf 84' lang='lat' dir='ltr'>prior</span> <span class='ocrx_word' id='word_1_209' title='bbox 1672 3320 2053 3384; x_wconf 86' lang='lat' dir='ltr'>constitutus</span> 
     </span>
     <span class='ocr_line' id='line_1_31' title="bbox 488 3406 2051 3499; baseline 0.006 -27"><span class='ocrx_word' id='word_1_210' title='bbox 488 3406 676 3474; x_wconf 70' lang='lat' dir='ltr'>fuel-it</span> <span class='ocrx_word' id='word_1_211' title='bbox 696 3454 717 3484; x_wconf 84' lang='lat'>‚</span> <span class='ocrx_word' id='word_1_212' title='bbox 769 3412 889 3475; x_wconf 82' lang='lat' dir='ltr'>hoc</span> <span class='ocrx_word' id='word_1_213' title='bbox 941 3414 1126 3478; x_wconf 89' lang='lat' dir='ltr'>modo</span> <span class='ocrx_word' id='word_1_214' title='bbox 1171 3418 1543 3499; x_wconf 78' lang='lat' dir='ltr'>praecedat,</span> <span class='ocrx_word' id='word_1_215' title='bbox 1570 3416 1921 3482; x_wconf 72' lang='lat' dir='ltr'>&#39;videlicete</span> <span class='ocrx_word' id='word_1_216' title='bbox 1977 3425 2051 3482; x_wconf 86' lang='lat' dir='ltr'>Ut</span> 
     </span>
    </p>
   </div>
   <div class='ocr_carea' id='block_1_7' title="bbox 483 3509 2089 3595">
    <p class='ocr_par' dir='ltr' id='par_1_8' title="bbox 483 3509 2089 3595">
     <span class='ocr_line' id='line_1_32' title="bbox 483 3509 2089 3595; baseline 0.005 -24"><span class='ocrx_word' id='word_1_217' title='bbox 483 3515 722 3572; x_wconf 83' lang='lat' dir='ltr'>Votans</span> <span class='ocrx_word' id='word_1_218' title='bbox 753 3509 920 3591; x_wconf 92' lang='lat' dir='ltr'>prior</span> <span class='ocrx_word' id='word_1_219' title='bbox 941 3511 1003 3573; x_wconf 93' lang='lat' dir='ltr'>in</span> <span class='ocrx_word' id='word_1_220' title='bbox 1025 3513 1702 3595; x_wconf 78' lang='lat' dir='ltr'>signaturae-Justitiae</span> <span class='ocrx_word' id='word_1_221' title='bbox 1732 3514 2052 3580; x_wconf 72' lang='lat' dir='ltr'>‘tribunali</span> <span class='ocrx_word' id='word_1_222' title='bbox 2078 3539 2089 3548; x_wconf 90' lang='lat'><strong>·</strong></span> 
     </span>
    </p>
   </div>
   <div class='ocr_carea' id='block_1_8' title="bbox 479 3602 2052 5537">
    <p class='ocr_par' dir='ltr' id='par_1_9' title="bbox 479 3602 2052 5537">
     <span class='ocr_line' id='line_1_33' title="bbox 488 3602 2051 3692; baseline 0.007 -23"><span class='ocrx_word' id='word_1_223' title='bbox 488 3604 814 3677; x_wconf 82' lang='lat' dir='ltr'>adlectus,</span> <span class='ocrx_word' id='word_1_224' title='bbox 857 3628 1043 3688; x_wconf 91' lang='lat' dir='ltr'>quam</span> <span class='ocrx_word' id='word_1_225' title='bbox 1108 3608 1470 3692; x_wconf 77' lang='lat' dir='ltr'>signaturae</span> <span class='ocrx_word' id='word_1_226' title='bbox 1529 3602 1775 3677; x_wconf 75' lang='lat' dir='ltr'>Gratiae</span> <span class='ocrx_word' id='word_1_227' title='bbox 1819 3620 2051 3680; x_wconf 85' lang='lat' dir='ltr'>Votans</span> 
     </span>
     <span class='ocr_line' id='line_1_34' title="bbox 487 3700 2052 3780; baseline 0.008 -17"><span class='ocrx_word' id='word_1_228' title='bbox 487 3700 553 3763; x_wconf 90' lang='lat' dir='ltr'>in</span> <span class='ocrx_word' id='word_1_229' title='bbox 598 3722 713 3765; x_wconf 89' lang='lat' dir='ltr'>suo</span> <span class='ocrx_word' id='word_1_230' title='bbox 755 3703 1071 3767; x_wconf 85' lang='lat' dir='ltr'>admissus</span> <span class='ocrx_word' id='word_1_231' title='bbox 1113 3704 1339 3780; x_wconf 77' lang='lat' dir='ltr'>suerit,</span> <span class='ocrx_word' id='word_1_232' title='bbox 1384 3707 1527 3772; x_wconf 86' lang='lat' dir='ltr'>hnic</span> <span class='ocrx_word' id='word_1_233' title='bbox 1570 3710 1849 3773; x_wconf 86' lang='lat' dir='ltr'>secundo</span> <span class='ocrx_word' id='word_1_234' title='bbox 1880 3711 2052 3776; x_wconf 90' lang='lat' dir='ltr'>dicto</span> 
     </span>
     <span class='ocr_line' id='line_1_35' title="bbox 490 3795 2047 3886; baseline 0.006 -24"><span class='ocrx_word' id='word_1_235' title='bbox 490 3797 855 3880; x_wconf 77' lang='lat' dir='ltr'>Signaturae</span> <span class='ocrx_word' id='word_1_236' title='bbox 900 3801 1142 3864; x_wconf 79' lang='lat' dir='ltr'>Gratiae</span> <span class='ocrx_word' id='word_1_237' title='bbox 1169 3804 1417 3867; x_wconf 81' lang='lat' dir='ltr'>V-otanti</span> <span class='ocrx_word' id='word_1_238' title='bbox 1449 3795 1783 3886; x_wconf 78' lang='lat' dir='ltr'>praecedat</span> <span class='ocrx_word' id='word_1_239' title='bbox 1815 3806 1926 3872; x_wconf 90' lang='lat' dir='ltr'>ille</span> <span class='ocrx_word' id='word_1_240' title='bbox 1957 3808 2047 3872; x_wconf 90' lang='lat' dir='ltr'>Si·</span> 
     </span>
     <span class='ocr_line' id='line_1_36' title="bbox 489 3898 2049 3985; baseline 0.011 -32"><span class='ocrx_word' id='word_1_241' title='bbox 489 3902 785 3978; x_wconf 77' lang='lat' dir='ltr'>gnaturae</span> <span class='ocrx_word' id='word_1_242' title='bbox 829 3898 1123 3963; x_wconf 66' lang='lat' dir='ltr'>Iustitiae</span> <span class='ocrx_word' id='word_1_243' title='bbox 1170 3904 1438 3976; x_wconf 79' lang='lat' dir='ltr'>Votans3</span> <span class='ocrx_word' id='word_1_244' title='bbox 1493 3899 1580 3967; x_wconf 83' lang='lat' dir='ltr'>ita</span> <span class='ocrx_word' id='word_1_245' title='bbox 1627 3904 1865 3985; x_wconf 82' lang='lat' dir='ltr'>pariter</span> <span class='ocrx_word' id='word_1_246' title='bbox 1904 3904 2049 3970; x_wconf 83' lang='lat' dir='ltr'>huie</span> 
     </span>
     <span class='ocr_line' id='line_1_37' title="bbox 491 3992 2048 4082; baseline 0.008 -28"><span class='ocrx_word' id='word_1_247' title='bbox 491 3992 858 4075; x_wconf 77' lang='lat' dir='ltr'>Signatnrae</span> <span class='ocrx_word' id='word_1_248' title='bbox 904 3995 1200 4061; x_wconf 74' lang='lat' dir='ltr'>Iustitiae</span> <span class='ocrx_word' id='word_1_249' title='bbox 1242 4000 1490 4061; x_wconf 81' lang='lat' dir='ltr'>vetanti</span> <span class='ocrx_word' id='word_1_250' title='bbox 1522 4003 1898 4082; x_wconf 73' lang='lat' dir='ltr'>praecedere</span> <span class='ocrx_word' id='word_1_251' title='bbox 1941 4002 2048 4065; x_wconf 91' lang='lat' dir='ltr'>de·</span> 
     </span>
     <span class='ocr_line' id='line_1_38' title="bbox 484 4089 2049 4180; baseline 0.006 -29"><span class='ocrx_word' id='word_1_252' title='bbox 484 4089 634 4153; x_wconf 86' lang='lat' dir='ltr'>beat</span> <span class='ocrx_word' id='word_1_253' title='bbox 663 4089 774 4152; x_wconf 90' lang='lat' dir='ltr'>ille</span> <span class='ocrx_word' id='word_1_254' title='bbox 804 4091 1166 4173; x_wconf 75' lang='lat' dir='ltr'>signaturae</span> <span class='ocrx_word' id='word_1_255' title='bbox 1214 4096 1467 4160; x_wconf 79' lang='lat' dir='ltr'>Gratiae</span> <span class='ocrx_word' id='word_1_256' title='bbox 1491 4105 1756 4163; x_wconf 84' lang='lat' dir='ltr'>vetans.</span> <span class='ocrx_word' id='word_1_257' title='bbox 1788 4100 1897 4180; x_wconf 85' lang='lat' dir='ltr'>qni</span> <span class='ocrx_word' id='word_1_258' title='bbox 1944 4119 2049 4165; x_wconf 86' lang='lat' dir='ltr'>an·</span> 
     </span>
     <span class='ocr_line' id='line_1_39' title="bbox 485 4187 2046 4270; baseline 0.007 -22"><span class='ocrx_word' id='word_1_259' title='bbox 485 4194 740 4267; x_wconf 87' lang='lat' dir='ltr'>tequam</span> <span class='ocrx_word' id='word_1_260' title='bbox 771 4187 1132 4270; x_wconf 75' lang='lat' dir='ltr'>signaturae</span> <span class='ocrx_word' id='word_1_261' title='bbox 1163 4193 1456 4255; x_wconf 74' lang='lat' dir='ltr'>Iustitiae</span> <span class='ocrx_word' id='word_1_262' title='bbox 1486 4193 1549 4255; x_wconf 93' lang='lat' dir='ltr'>in</span> <span class='ocrx_word' id='word_1_263' title='bbox 1593 4214 1777 4258; x_wconf 90' lang='lat' dir='ltr'>suum</span> <span class='ocrx_word' id='word_1_264' title='bbox 1828 4195 2046 4259; x_wconf 84' lang='lat' dir='ltr'>Tribu-</span> 
     </span>
     <span class='ocr_line' id='line_1_40' title="bbox 484 4271 2047 4372; baseline 0.007 -30"><span class='ocrx_word' id='word_1_265' title='bbox 484 4280 592 4345; x_wconf 87' lang='lat' dir='ltr'>nal</span> <span class='ocrx_word' id='word_1_266' title='bbox 641 4271 1117 4360; x_wconf 80' lang='lat' dir='ltr'>admitteretur,</span> <span class='ocrx_word' id='word_1_267' title='bbox 1153 4288 1282 4369; x_wconf 87' lang='lat' dir='ltr'>jam</span> <span class='ocrx_word' id='word_1_268' title='bbox 1333 4290 1397 4349; x_wconf 86' lang='lat' dir='ltr'>in</span> <span class='ocrx_word' id='word_1_269' title='bbox 1449 4290 1767 4372; x_wconf 87' lang='lat' dir='ltr'>proprium</span> <span class='ocrx_word' id='word_1_270' title='bbox 1827 4290 2047 4356; x_wconf 88' lang='lat' dir='ltr'>itidem</span> 
     </span>
     <span class='ocr_line' id='line_1_41' title="bbox 481 4378 2049 4470; baseline 0.006 -30"><span class='ocrx_word' id='word_1_271' title='bbox 481 4378 776 4443; x_wconf 83' lang='lat' dir='ltr'>Tribunal</span> <span class='ocrx_word' id='word_1_272' title='bbox 820 4390 1119 4465; x_wconf 75' lang='lat' dir='ltr'>receptus</span> <span class='ocrx_word' id='word_1_273' title='bbox 1156 4382 1390 4448; x_wconf 79' lang='lat' dir='ltr'>fuerat:</span> <span class='ocrx_word' id='word_1_274' title='bbox 1423 4386 1600 4458; x_wconf 89' lang='lat' dir='ltr'>Quod</span> <span class='ocrx_word' id='word_1_275' title='bbox 1631 4387 1682 4447; x_wconf 83' lang='lat' dir='ltr'>si</span> <span class='ocrx_word' id='word_1_276' title='bbox 1714 4387 2049 4470; x_wconf 80' lang='lat' dir='ltr'>contigerit</span> 
     </span>
     <span class='ocr_line' id='line_1_42' title="bbox 481 4475 2049 4564; baseline 0.008 -27"><span class='ocrx_word' id='word_1_277' title='bbox 481 4476 666 4539; x_wconf 88' lang='lat' dir='ltr'>ambo</span> <span class='ocrx_word' id='word_1_278' title='bbox 693 4475 952 4542; x_wconf 78' lang='lat' dir='ltr'>alterius</span> <span class='ocrx_word' id='word_1_279' title='bbox 988 4480 1348 4564; x_wconf 77' lang='lat' dir='ltr'>signaturae</span> <span class='ocrx_word' id='word_1_280' title='bbox 1376 4490 1673 4546; x_wconf 85' lang='lat' dir='ltr'>Votuntes</span> <span class='ocrx_word' id='word_1_281' title='bbox 1697 4484 1920 4549; x_wconf 84' lang='lat' dir='ltr'>eodem</span> <span class='ocrx_word' id='word_1_282' title='bbox 1942 4485 2049 4549; x_wconf 89' lang='lat' dir='ltr'>die</span> 
     </span>
     <span class='ocr_line' id='line_1_43' title="bbox 483 4576 2046 4655; baseline 0.006 -21"><span class='ocrx_word' id='word_1_283' title='bbox 483 4577 802 4655; x_wconf 80' lang='lat' dir='ltr'>quemque</span> <span class='ocrx_word' id='word_1_284' title='bbox 848 4576 1173 4640; x_wconf 67' lang='lat' dir='ltr'>&#39;tribunali</span> <span class='ocrx_word' id='word_1_285' title='bbox 1203 4578 1575 4643; x_wconf 86' lang='lat' dir='ltr'>constitutos</span> <span class='ocrx_word' id='word_1_286' title='bbox 1616 4578 1851 4653; x_wconf 80' lang='lat' dir='ltr'>fuisse,</span> <span class='ocrx_word' id='word_1_287' title='bbox 1897 4590 2046 4644; x_wconf 85' lang='lat' dir='ltr'>tunc</span> 
     </span>
     <span class='ocr_line' id='line_1_44' title="bbox 485 4670 2046 4757; baseline 0.011 -30"><span class='ocrx_word' id='word_1_288' title='bbox 485 4670 923 4751; x_wconf 78' lang='lat' dir='ltr'>praecedentia</span> <span class='ocrx_word' id='word_1_289' title='bbox 977 4673 1071 4736; x_wconf 87' lang='lat' dir='ltr'>illi</span> <span class='ocrx_word' id='word_1_290' title='bbox 1132 4675 1356 4749; x_wconf 87' lang='lat' dir='ltr'>detur,</span> <span class='ocrx_word' id='word_1_291' title='bbox 1412 4675 1516 4757; x_wconf 87' lang='lat' dir='ltr'>qni</span> <span class='ocrx_word' id='word_1_292' title='bbox 1570 4677 1633 4738; x_wconf 89' lang='lat' dir='ltr'>in</span> <span class='ocrx_word' id='word_1_293' title='bbox 1690 4678 2046 4744; x_wconf 71' lang='lat' dir='ltr'>praelatura</span> 
     </span>
     <span class='ocr_line' id='line_1_45' title="bbox 483 4771 2043 4855; baseline 0.009 -30"><span class='ocrx_word' id='word_1_294' title='bbox 483 4785 876 4850; x_wconf 68' lang='lat' dir='ltr'>quincumque</span> <span class='ocrx_word' id='word_1_295' title='bbox 908 4771 1229 4853; x_wconf 82' lang='lat' dir='ltr'>antiquior</span> <span class='ocrx_word' id='word_1_296' title='bbox 1254 4783 1321 4837; x_wconf 91' lang='lat' dir='ltr'>et</span> <span class='ocrx_word' id='word_1_297' title='bbox 1346 4775 1522 4854; x_wconf 86' lang='lat' dir='ltr'>prior</span> <span class='ocrx_word' id='word_1_298' title='bbox 1543 4774 1871 4855; x_wconf 76' lang='lat' dir='ltr'>reperitur.</span> <span class='ocrx_word' id='word_1_299' title='bbox 1896 4782 2043 4839; x_wconf 87' lang='lat' dir='ltr'>Tra-</span> 
     </span>
     <span class='ocr_line' id='line_1_46' title="bbox 481 4861 2048 4953; baseline 0.009 -30"><span class='ocrx_word' id='word_1_300' title='bbox 481 4862 673 4926; x_wconf 89' lang='lat' dir='ltr'>ditam</span> <span class='ocrx_word' id='word_1_301' title='bbox 716 4865 927 4947; x_wconf 85' lang='lat' dir='ltr'>itaque</span> <span class='ocrx_word' id='word_1_302' title='bbox 955 4879 1381 4953; x_wconf 75' lang='lat' dir='ltr'>statutamque</span> <span class='ocrx_word' id='word_1_303' title='bbox 1426 4872 1728 4953; x_wconf 76' lang='lat' dir='ltr'>reguiam</span> <span class='ocrx_word' id='word_1_304' title='bbox 1760 4861 1822 4933; x_wconf 79' lang='lat' dir='ltr'>i&#39;u</span> <span class='ocrx_word' id='word_1_305' title='bbox 1871 4893 2048 4953; x_wconf 77' lang='lat' dir='ltr'>prae·</span> 
     </span>
     <span class='ocr_line' id='line_1_47' title="bbox 485 4960 2041 5050; baseline 0.008 -30"><span class='ocrx_word' id='word_1_306' title='bbox 485 4960 721 5033; x_wconf 77' lang='lat' dir='ltr'>missis,</span> <span class='ocrx_word' id='word_1_307' title='bbox 754 4962 1099 5029; x_wconf 88' lang='lat' dir='ltr'>dummodo</span> <span class='ocrx_word' id='word_1_308' title='bbox 1130 4967 1341 5031; x_wconf 82' lang='lat' dir='ltr'>nullus</span> <span class='ocrx_word' id='word_1_309' title='bbox 1370 4967 1532 5032; x_wconf 82' lang='lat' dir='ltr'>alius</span> <span class='ocrx_word' id='word_1_310' title='bbox 1561 4970 2041 5050; x_wconf 80' lang='lat' dir='ltr'>praecedentiae</span> 
     </span>
     <span class='ocr_line' id='line_1_48' title="bbox 481 5054 2043 5135; baseline 0.01 -20"><span class='ocrx_word' id='word_1_311' title='bbox 481 5054 704 5121; x_wconf 89' lang='lat' dir='ltr'>titulus</span> <span class='ocrx_word' id='word_1_312' title='bbox 733 5059 1118 5135; x_wconf 84' lang='lat' dir='ltr'>intercedat,</span> <span class='ocrx_word' id='word_1_313' title='bbox 1149 5065 1403 5132; x_wconf 84' lang='lat' dir='ltr'>omnino</span> <span class='ocrx_word' id='word_1_314' title='bbox 1432 5066 1799 5128; x_wconf 81' lang='lat' dir='ltr'>servandam</span> <span class='ocrx_word' id='word_1_315' title='bbox 1831 5075 2043 5131; x_wconf 88' lang='lat' dir='ltr'>custo·</span> 
     </span>
     <span class='ocr_line' id='line_1_49' title="bbox 483 5143 2040 5238; baseline 0.01 -24"><span class='ocrx_word' id='word_1_316' title='bbox 483 5151 903 5238; x_wconf 83' lang='lat' dir='ltr'>diendamque</span> <span class='ocrx_word' id='word_1_317' title='bbox 936 5143 1078 5222; x_wconf 63' lang='lat' dir='ltr'>esse</span> <span class='ocrx_word' id='word_1_318' title='bbox 1108 5160 1395 5224; x_wconf 82' lang='lat' dir='ltr'>volumus</span> <span class='ocrx_word' id='word_1_319' title='bbox 1425 5171 1488 5224; x_wconf 91' lang='lat' dir='ltr'>et</span> <span class='ocrx_word' id='word_1_320' title='bbox 1510 5162 1899 5226; x_wconf 84' lang='lat' dir='ltr'>mandamus.</span> <span class='ocrx_word' id='word_1_321' title='bbox 1924 5172 2040 5229; x_wconf 82' lang='lat' dir='ltr'>Ve-</span> 
     </span>
     <span class='ocr_line' id='line_1_50' title="bbox 483 5253 2044 5336; baseline 0.01 -25"><span class='ocrx_word' id='word_1_322' title='bbox 483 5268 627 5312; x_wconf 87' lang='lat' dir='ltr'>rum</span> <span class='ocrx_word' id='word_1_323' title='bbox 670 5271 811 5316; x_wconf 89' lang='lat' dir='ltr'>cum</span> <span class='ocrx_word' id='word_1_324' title='bbox 856 5253 1087 5336; x_wconf 87' lang='lat' dir='ltr'>aliquis</span> <span class='ocrx_word' id='word_1_325' title='bbox 1114 5264 1349 5321; x_wconf 83' lang='lat' dir='ltr'>vetans</span> <span class='ocrx_word' id='word_1_326' title='bbox 1392 5258 1653 5321; x_wconf 77' lang='lat' dir='ltr'>alterius</span> <span class='ocrx_word' id='word_1_327' title='bbox 1682 5260 2044 5326; x_wconf 69' lang='lat' dir='ltr'>&#39;tribunalis</span> 
     </span>
     <span class='ocr_line' id='line_1_51' title="bbox 479 5343 2044 5437; baseline 0.008 -29"><span class='ocrx_word' id='word_1_328' title='bbox 479 5343 838 5427; x_wconf 81' lang='lat' dir='ltr'>hujusmodi</span> <span class='ocrx_word' id='word_1_329' title='bbox 886 5351 1016 5416; x_wconf 81' lang='lat' dir='ltr'>sive</span> <span class='ocrx_word' id='word_1_330' title='bbox 1079 5353 1429 5437; x_wconf 82' lang='lat' dir='ltr'>Episcopali</span> <span class='ocrx_word' id='word_1_331' title='bbox 1481 5354 1838 5421; x_wconf 78' lang='lat' dir='ltr'>charactere</span> <span class='ocrx_word' id='word_1_332' title='bbox 1896 5358 2044 5422; x_wconf 81' lang='lat' dir='ltr'>insi-</span> 
     </span>
     <span class='ocr_line' id='line_1_52' title="bbox 483 5443 2040 5537; baseline 0.011 -36"><span class='ocrx_word' id='word_1_333' title='bbox 483 5443 725 5524; x_wconf 75' lang='lat' dir='ltr'>gnitus,</span> <span class='ocrx_word' id='word_1_334' title='bbox 758 5445 890 5510; x_wconf 81' lang='lat' dir='ltr'>sive</span> <span class='ocrx_word' id='word_1_335' title='bbox 923 5450 1328 5513; x_wconf 80' lang='lat' dir='ltr'>t’rutunotarii</span> <span class='ocrx_word' id='word_1_336' title='bbox 1367 5452 1703 5533; x_wconf 62' lang='lat' dir='ltr'>apostolici</span> <span class='ocrx_word' id='word_1_337' title='bbox 1739 5452 2040 5537; x_wconf 81' lang='lat' dir='ltr'>dignitate</span> 
     </span>
    </p>
   </div>
   <div class='ocr_carea' id='block_1_9' title="bbox 2159 1077 3816 3972">
    <p class='ocr_par' dir='ltr' id='par_1_10' title="bbox 2159 1077 3816 3972">
     <span class='ocr_line' id='line_1_53' title="bbox 2167 1077 3729 1147; baseline 0.003 -8"><span class='ocrx_word' id='word_1_338' title='bbox 2167 1083 2272 1139; x_wconf 91' lang='lat' dir='ltr'>aut</span> <span class='ocrx_word' id='word_1_339' title='bbox 2319 1077 2564 1142; x_wconf 85' lang='lat' dir='ltr'>Gratiae</span> <span class='ocrx_word' id='word_1_340' title='bbox 2593 1078 2877 1141; x_wconf 80' lang='lat' dir='ltr'>volantis</span> <span class='ocrx_word' id='word_1_341' title='bbox 2921 1077 3190 1147; x_wconf 84' lang='lat' dir='ltr'>ratione,</span> <span class='ocrx_word' id='word_1_342' title='bbox 3233 1077 3345 1140; x_wconf 85' lang='lat' dir='ltr'>sed</span> <span class='ocrx_word' id='word_1_343' title='bbox 3377 1097 3449 1142; x_wconf 87' lang='lat' dir='ltr'>ea</span> <span class='ocrx_word' id='word_1_344' title='bbox 3483 1079 3729 1143; x_wconf 90' lang='lat' dir='ltr'>dumta-</span> 
     </span>
     <span class='ocr_line' id='line_1_54' title="bbox 2166 1173 3732 1256; baseline 0.003 -22"><span class='ocrx_word' id='word_1_345' title='bbox 2166 1181 2270 1236; x_wconf 82' lang='lat' dir='ltr'>xat</span> <span class='ocrx_word' id='word_1_346' title='bbox 2312 1175 2749 1255; x_wconf 83' lang='lat' dir='ltr'>praecedentia</span> <span class='ocrx_word' id='word_1_347' title='bbox 2777 1173 2996 1238; x_wconf 86' lang='lat' dir='ltr'>illaesa</span> <span class='ocrx_word' id='word_1_348' title='bbox 3033 1183 3388 1248; x_wconf 84' lang='lat' dir='ltr'>remaneat,</span> <span class='ocrx_word' id='word_1_349' title='bbox 3420 1197 3579 1256; x_wconf 82' lang='lat' dir='ltr'>quae</span> <span class='ocrx_word' id='word_1_350' title='bbox 3615 1183 3732 1239; x_wconf 90' lang='lat' dir='ltr'>vo·</span> 
     </span>
     <span class='ocr_line' id='line_1_55' title="bbox 2169 1270 3727 1355; baseline 0.003 -25"><span class='ocrx_word' id='word_1_351' title='bbox 2169 1270 2322 1334; x_wconf 87' lang='lat' dir='ltr'>tanti</span> <span class='ocrx_word' id='word_1_352' title='bbox 2367 1282 2657 1355; x_wconf 77' lang='lat' dir='ltr'>respectu</span> <span class='ocrx_word' id='word_1_353' title='bbox 2702 1270 2834 1336; x_wconf 78' lang='lat' dir='ltr'>sive</span> <span class='ocrx_word' id='word_1_354' title='bbox 2878 1270 3251 1335; x_wconf 73' lang='lat' dir='ltr'>characteris</span> <span class='ocrx_word' id='word_1_355' title='bbox 3297 1271 3727 1355; x_wconf 76' lang='lat' dir='ltr'>Episcopalis,</span> 
     </span>
     <span class='ocr_line' id='line_1_56' title="bbox 2170 1368 3731 1453; baseline -0.001 -21"><span class='ocrx_word' id='word_1_356' title='bbox 2170 1368 2300 1433; x_wconf 80' lang='lat' dir='ltr'>sive</span> <span class='ocrx_word' id='word_1_357' title='bbox 2348 1369 2670 1453; x_wconf 79' lang='lat' dir='ltr'>Dignitatis</span> <span class='ocrx_word' id='word_1_358' title='bbox 2715 1368 3131 1433; x_wconf 70' lang='lat' dir='ltr'>protonotarii</span> <span class='ocrx_word' id='word_1_359' title='bbox 3166 1369 3540 1450; x_wconf 72' lang='lat' dir='ltr'>Apostoliei,</span> <span class='ocrx_word' id='word_1_360' title='bbox 3600 1373 3731 1437; x_wconf 77' lang='lat' dir='ltr'>sive</span> 
     </span>
     <span class='ocr_line' id='line_1_57' title="bbox 2166 1465 3728 1549; baseline 0.003 -19"><span class='ocrx_word' id='word_1_361' title='bbox 2166 1465 2443 1549; x_wconf 85' lang='lat' dir='ltr'>cujusvis</span> <span class='ocrx_word' id='word_1_362' title='bbox 2468 1465 2732 1531; x_wconf 84' lang='lat' dir='ltr'>alterius</span> <span class='ocrx_word' id='word_1_363' title='bbox 2761 1466 3039 1531; x_wconf 81' lang='lat' dir='ltr'>muneris</span> <span class='ocrx_word' id='word_1_364' title='bbox 3082 1465 3579 1547; x_wconf 83' lang='lat' dir='ltr'>praecedentiam</span> <span class='ocrx_word' id='word_1_365' title='bbox 3614 1469 3728 1535; x_wconf 85' lang='lat' dir='ltr'>hac</span> 
     </span>
     <span class='ocr_line' id='line_1_58' title="bbox 2167 1561 3732 1645; baseline 0.004 -23"><span class='ocrx_word' id='word_1_366' title='bbox 2167 1561 2231 1624; x_wconf 89' lang='lat' dir='ltr'>in</span> <span class='ocrx_word' id='word_1_367' title='bbox 2264 1583 2332 1626; x_wconf 91' lang='lat' dir='ltr'>re</span> <span class='ocrx_word' id='word_1_368' title='bbox 2375 1564 2748 1645; x_wconf 87' lang='lat' dir='ltr'>requirentis</span> <span class='ocrx_word' id='word_1_369' title='bbox 2779 1564 3080 1644; x_wconf 90' lang='lat' dir='ltr'>competit</span> <span class='ocrx_word' id='word_1_370' title='bbox 3123 1570 3187 1624; x_wconf 85' lang='lat' dir='ltr'>et</span> <span class='ocrx_word' id='word_1_371' title='bbox 3231 1564 3521 1627; x_wconf 88' lang='lat' dir='ltr'>debetur.</span> <span class='ocrx_word' id='word_1_372' title='bbox 3552 1567 3732 1629; x_wconf 87' lang='lat' dir='ltr'>Deni-</span> 
     </span>
     <span class='ocr_line' id='line_1_59' title="bbox 2168 1661 3732 1748; baseline 0.006 -28"><span class='ocrx_word' id='word_1_373' title='bbox 2168 1679 2291 1742; x_wconf 90' lang='lat' dir='ltr'>que</span> <span class='ocrx_word' id='word_1_374' title='bbox 2322 1662 2652 1727; x_wconf 73' lang='lat' dir='ltr'>statuimus</span> <span class='ocrx_word' id='word_1_375' title='bbox 2672 1670 2736 1728; x_wconf 90' lang='lat' dir='ltr'>et</span> <span class='ocrx_word' id='word_1_376' title='bbox 2756 1661 3151 1726; x_wconf 84' lang='lat' dir='ltr'>deceruimus</span> <span class='ocrx_word' id='word_1_377' title='bbox 3179 1661 3535 1746; x_wconf 81' lang='lat' dir='ltr'>hujusmodi</span> <span class='ocrx_word' id='word_1_378' title='bbox 3560 1684 3732 1748; x_wconf 87' lang='lat' dir='ltr'>prae·</span> 
     </span>
     <span class='ocr_line' id='line_1_60' title="bbox 2167 1758 3731 1842; baseline 0 -19"><span class='ocrx_word' id='word_1_379' title='bbox 2167 1759 2518 1824; x_wconf 81' lang='lat' dir='ltr'>cedentiam</span> <span class='ocrx_word' id='word_1_380' title='bbox 2544 1804 2564 1832; x_wconf 83' lang='lat'>,</span> <span class='ocrx_word' id='word_1_381' title='bbox 2596 1778 2740 1823; x_wconf 89' lang='lat' dir='ltr'>cum</span> <span class='ocrx_word' id='word_1_382' title='bbox 2776 1758 2975 1840; x_wconf 85' lang='lat' dir='ltr'>quivis</span> <span class='ocrx_word' id='word_1_383' title='bbox 2996 1767 3226 1824; x_wconf 74' lang='lat' dir='ltr'>Votans</span> <span class='ocrx_word' id='word_1_384' title='bbox 3255 1759 3316 1821; x_wconf 92' lang='lat' dir='ltr'>in</span> <span class='ocrx_word' id='word_1_385' title='bbox 3349 1769 3615 1842; x_wconf 80' lang='lat' dir='ltr'>utroque</span> <span class='ocrx_word' id='word_1_386' title='bbox 3640 1763 3731 1825; x_wconf 87' lang='lat' dir='ltr'>Si·</span> 
     </span>
     <span class='ocr_line' id='line_1_61' title="bbox 2167 1857 3735 1939; baseline 0.004 -22"><span class='ocrx_word' id='word_1_387' title='bbox 2167 1863 2462 1939; x_wconf 75' lang='lat' dir='ltr'>gnaturae</span> <span class='ocrx_word' id='word_1_388' title='bbox 2491 1858 2783 1922; x_wconf 76' lang='lat' dir='ltr'>Iustitiae</span> <span class='ocrx_word' id='word_1_389' title='bbox 2806 1863 2872 1921; x_wconf 88' lang='lat' dir='ltr'>et</span> <span class='ocrx_word' id='word_1_390' title='bbox 2890 1857 3131 1922; x_wconf 83' lang='lat' dir='ltr'>Gratiae</span> <span class='ocrx_word' id='word_1_391' title='bbox 3153 1858 3470 1923; x_wconf 72' lang='lat' dir='ltr'>‘tribunali</span> <span class='ocrx_word' id='word_1_392' title='bbox 3504 1860 3735 1925; x_wconf 84' lang='lat' dir='ltr'>adscri-</span> 
     </span>
     <span class='ocr_line' id='line_1_62' title="bbox 2168 1953 3732 2038; baseline 0.003 -24"><span class='ocrx_word' id='word_1_393' title='bbox 2168 1961 2311 2033; x_wconf 86' lang='lat' dir='ltr'>ptus</span> <span class='ocrx_word' id='word_1_394' title='bbox 2339 1953 2526 2019; x_wconf 80' lang='lat' dir='ltr'>tuerit</span> <span class='ocrx_word' id='word_1_395' title='bbox 2550 1997 2571 2028; x_wconf 92' lang='lat'>,</span> <span class='ocrx_word' id='word_1_396' title='bbox 2603 1975 2637 2018; x_wconf 88' lang='lat' dir='ltr'>a</span> <span class='ocrx_word' id='word_1_397' title='bbox 2666 1954 2980 2036; x_wconf 87' lang='lat' dir='ltr'>primaeva</span> <span class='ocrx_word' id='word_1_398' title='bbox 3007 1954 3207 2038; x_wconf 77' lang='lat' dir='ltr'>ipsius</span> <span class='ocrx_word' id='word_1_399' title='bbox 3235 1958 3523 2021; x_wconf 87' lang='lat' dir='ltr'>Votantis</span> <span class='ocrx_word' id='word_1_400' title='bbox 3551 1958 3613 2019; x_wconf 90' lang='lat' dir='ltr'>in</span> <span class='ocrx_word' id='word_1_401' title='bbox 3644 1957 3732 2019; x_wconf 86' lang='lat' dir='ltr'>al-</span> 
     </span>
     <span class='ocr_line' id='line_1_63' title="bbox 2166 2050 3735 2137; baseline 0.005 -25"><span class='ocrx_word' id='word_1_402' title='bbox 2166 2057 2304 2116; x_wconf 90' lang='lat' dir='ltr'>tero</span> <span class='ocrx_word' id='word_1_403' title='bbox 2332 2053 2657 2134; x_wconf 80' lang='lat' dir='ltr'>utriusque</span> <span class='ocrx_word' id='word_1_404' title='bbox 2687 2052 3045 2134; x_wconf 67' lang='lat' dir='ltr'>signatur-ae</span> <span class='ocrx_word' id='word_1_405' title='bbox 3075 2050 3396 2117; x_wconf 66' lang='lat' dir='ltr'>&#39;tribunali</span> <span class='ocrx_word' id='word_1_406' title='bbox 3433 2055 3735 2137; x_wconf 81' lang='lat' dir='ltr'>receptio·</span> 
     </span>
     <span class='ocr_line' id='line_1_64' title="bbox 2168 2149 3733 2233; baseline 0.005 -22"><span class='ocrx_word' id='word_1_407' title='bbox 2168 2168 2250 2214; x_wconf 88' lang='lat' dir='ltr'>ne</span> <span class='ocrx_word' id='word_1_408' title='bbox 2280 2158 2340 2213; x_wconf 90' lang='lat' dir='ltr'>et</span> <span class='ocrx_word' id='word_1_409' title='bbox 2372 2149 2751 2214; x_wconf 85' lang='lat' dir='ltr'>admissione</span> <span class='ocrx_word' id='word_1_410' title='bbox 2778 2193 2798 2221; x_wconf 88' lang='lat'>,</span> <span class='ocrx_word' id='word_1_411' title='bbox 2825 2158 2889 2214; x_wconf 91' lang='lat' dir='ltr'>et</span> <span class='ocrx_word' id='word_1_412' title='bbox 2919 2170 3042 2213; x_wconf 88' lang='lat' dir='ltr'>non</span> <span class='ocrx_word' id='word_1_413' title='bbox 3066 2149 3248 2214; x_wconf 86' lang='lat' dir='ltr'>aliter</span> <span class='ocrx_word' id='word_1_414' title='bbox 3274 2171 3416 2215; x_wconf 80' lang='lat' dir='ltr'>esse</span> <span class='ocrx_word' id='word_1_415' title='bbox 3448 2161 3733 2233; x_wconf 84' lang='lat' dir='ltr'>repeten-</span> 
     </span>
     <span class='ocr_line' id='line_1_65' title="bbox 2167 2246 3731 2333; baseline 0.003 -24"><span class='ocrx_word' id='word_1_416' title='bbox 2167 2246 2310 2311; x_wconf 86' lang='lat' dir='ltr'>dam</span> <span class='ocrx_word' id='word_1_417' title='bbox 2343 2256 2406 2312; x_wconf 88' lang='lat' dir='ltr'>et</span> <span class='ocrx_word' id='word_1_418' title='bbox 2433 2246 2871 2312; x_wconf 80' lang='lat' dir='ltr'>deliniendam.</span> <span class='ocrx_word' id='word_1_419' title='bbox 2911 2254 3325 2312; x_wconf 80' lang='lat' dir='ltr'>neceruentes</span> <span class='ocrx_word' id='word_1_420' title='bbox 3355 2248 3523 2332; x_wconf 85' lang='lat' dir='ltr'>ipsas</span> <span class='ocrx_word' id='word_1_421' title='bbox 3549 2271 3731 2333; x_wconf 88' lang='lat' dir='ltr'>prae·</span> 
     </span>
     <span class='ocr_line' id='line_1_66' title="bbox 2167 2330 3734 2426; baseline 0.003 -19"><span class='ocrx_word' id='word_1_422' title='bbox 2167 2355 2381 2409; x_wconf 86' lang='lat' dir='ltr'>sentes</span> <span class='ocrx_word' id='word_1_423' title='bbox 2405 2344 2639 2408; x_wconf 86' lang='lat' dir='ltr'>Literas</span> <span class='ocrx_word' id='word_1_424' title='bbox 2682 2330 2939 2426; x_wconf 80' lang='lat' dir='ltr'>semper</span> <span class='ocrx_word' id='word_1_425' title='bbox 2980 2341 3190 2409; x_wconf 81' lang='lat' dir='ltr'>firmas</span> <span class='ocrx_word' id='word_1_426' title='bbox 3217 2344 3456 2409; x_wconf 77' lang='lat' dir='ltr'>validas</span> <span class='ocrx_word' id='word_1_427' title='bbox 3499 2354 3564 2410; x_wconf 91' lang='lat' dir='ltr'>et</span> <span class='ocrx_word' id='word_1_428' title='bbox 3605 2347 3734 2411; x_wconf 76' lang='lat' dir='ltr'>effi·</span> 
     </span>
     <span class='ocr_line' id='line_1_67' title="bbox 2167 2439 3732 2525; baseline 0.003 -21"><span class='ocrx_word' id='word_1_429' title='bbox 2167 2461 2346 2505; x_wconf 85' lang='lat' dir='ltr'>caces</span> <span class='ocrx_word' id='word_1_430' title='bbox 2376 2441 2645 2505; x_wconf 78' lang='lat' dir='ltr'>existere</span> <span class='ocrx_word' id='word_1_431' title='bbox 2689 2439 2916 2504; x_wconf 53' lang='lat' dir='ltr'>evron-e</span> <span class='ocrx_word' id='word_1_432' title='bbox 2941 2483 2961 2513; x_wconf 92' lang='lat'>‚</span> <span class='ocrx_word' id='word_1_433' title='bbox 3006 2461 3284 2522; x_wconf 85' lang='lat' dir='ltr'>suosque</span> <span class='ocrx_word' id='word_1_434' title='bbox 3318 2442 3638 2525; x_wconf 85' lang='lat' dir='ltr'>plenarios</span> <span class='ocrx_word' id='word_1_435' title='bbox 3666 2450 3732 2510; x_wconf 86' lang='lat' dir='ltr'>et</span> 
     </span>
     <span class='ocr_line' id='line_1_68' title="bbox 2165 2537 3735 2622; baseline 0.004 -21"><span class='ocrx_word' id='word_1_436' title='bbox 2165 2539 2440 2622; x_wconf 85' lang='lat' dir='ltr'>integros</span> <span class='ocrx_word' id='word_1_437' title='bbox 2469 2538 2733 2605; x_wconf 76' lang='lat' dir='ltr'>effectus</span> <span class='ocrx_word' id='word_1_438' title='bbox 2764 2537 2977 2605; x_wconf 84' lang='lat' dir='ltr'>sortiri</span> <span class='ocrx_word' id='word_1_439' title='bbox 3007 2546 3068 2601; x_wconf 92' lang='lat' dir='ltr'>et</span> <span class='ocrx_word' id='word_1_440' title='bbox 3099 2539 3427 2612; x_wconf 88' lang='lat' dir='ltr'>obtinere,</span> <span class='ocrx_word' id='word_1_441' title='bbox 3460 2561 3534 2606; x_wconf 87' lang='lat' dir='ltr'>ac</span> <span class='ocrx_word' id='word_1_442' title='bbox 3563 2542 3735 2618; x_wconf 82' lang='lat' dir='ltr'>illis,</span> 
     </span>
     <span class='ocr_line' id='line_1_69' title="bbox 2163 2639 3734 2720; baseline 0.003 -19"><span class='ocrx_word' id='word_1_443' title='bbox 2163 2639 2252 2702; x_wconf 79' lang='lat' dir='ltr'>ad</span> <span class='ocrx_word' id='word_1_444' title='bbox 2277 2658 2433 2720; x_wconf 84' lang='lat' dir='ltr'>quos</span> <span class='ocrx_word' id='word_1_445' title='bbox 2464 2644 2728 2719; x_wconf 84' lang='lat' dir='ltr'>spectat,</span> <span class='ocrx_word' id='word_1_446' title='bbox 2755 2642 2820 2700; x_wconf 87' lang='lat' dir='ltr'>&#39;et</span> <span class='ocrx_word' id='word_1_447' title='bbox 2855 2654 2966 2718; x_wconf 88' lang='lat' dir='ltr'>pro</span> <span class='ocrx_word' id='word_1_448' title='bbox 2997 2644 3283 2717; x_wconf 87' lang='lat' dir='ltr'>tempore</span> <span class='ocrx_word' id='word_1_449' title='bbox 3307 2641 3734 2720; x_wconf 83' lang='lat' dir='ltr'>quandocum-</span> 
     </span>
     <span class='ocr_line' id='line_1_70' title="bbox 2168 2732 3731 2818; baseline 0.003 -21"><span class='ocrx_word' id='word_1_450' title='bbox 2168 2755 2290 2817; x_wconf 90' lang='lat' dir='ltr'>que</span> <span class='ocrx_word' id='word_1_451' title='bbox 2336 2735 2687 2817; x_wconf 77' lang='lat' dir='ltr'>speotabit,</span> <span class='ocrx_word' id='word_1_452' title='bbox 2731 2732 3092 2815; x_wconf 82' lang='lat' dir='ltr'>plenissime</span> <span class='ocrx_word' id='word_1_453' title='bbox 3134 2733 3501 2818; x_wconf 76' lang='lat' dir='ltr'>suffragari,</span> <span class='ocrx_word' id='word_1_454' title='bbox 3544 2743 3609 2801; x_wconf 86' lang='lat' dir='ltr'>et</span> <span class='ocrx_word' id='word_1_455' title='bbox 3649 2739 3731 2802; x_wconf 82' lang='lat' dir='ltr'>ab</span> 
     </span>
     <span class='ocr_line' id='line_1_71' title="bbox 2164 2828 3728 2916; baseline 0.003 -20"><span class='ocrx_word' id='word_1_456' title='bbox 2164 2831 2260 2899; x_wconf 80' lang='lat' dir='ltr'>eis</span> <span class='ocrx_word' id='word_1_457' title='bbox 2291 2831 2637 2913; x_wconf 77' lang='lat' dir='ltr'>respective</span> <span class='ocrx_word' id='word_1_458' title='bbox 2656 2828 3110 2895; x_wconf 83' lang='lat' dir='ltr'>inviolabiliter</span> <span class='ocrx_word' id='word_1_459' title='bbox 3132 2831 3480 2906; x_wconf 82' lang='lat' dir='ltr'>observari,</span> <span class='ocrx_word' id='word_1_460' title='bbox 3509 2833 3728 2916; x_wconf 83' lang='lat' dir='ltr'>sicque</span> 
     </span>
     <span class='ocr_line' id='line_1_72' title="bbox 2162 2929 3727 3012; baseline 0.002 -20"><span class='ocrx_word' id='word_1_461' title='bbox 2162 2930 2223 2992; x_wconf 90' lang='lat' dir='ltr'>in</span> <span class='ocrx_word' id='word_1_462' title='bbox 2253 2930 2610 3012; x_wconf 67' lang='lat' dir='ltr'>praemissis</span> <span class='ocrx_word' id='word_1_463' title='bbox 2639 2948 2752 3010; x_wconf 87' lang='lat' dir='ltr'>per</span> <span class='ocrx_word' id='word_1_464' title='bbox 2792 2947 3221 3011; x_wconf 86' lang='lat' dir='ltr'>quoscumque</span> <span class='ocrx_word' id='word_1_465' title='bbox 3251 2929 3504 2994; x_wconf 75' lang='lat' dir='ltr'>ludices</span> <span class='ocrx_word' id='word_1_466' title='bbox 3549 2931 3727 2995; x_wconf 81' lang='lat' dir='ltr'>ordi·</span> 
     </span>
     <span class='ocr_line' id='line_1_73' title="bbox 2162 3023 3725 3107; baseline 0.003 -18"><span class='ocrx_word' id='word_1_467' title='bbox 2162 3026 2371 3089; x_wconf 88' lang='lat' dir='ltr'>narios</span> <span class='ocrx_word' id='word_1_468' title='bbox 2392 3070 2413 3100; x_wconf 87' lang='lat'><strong>‚</strong></span> <span class='ocrx_word' id='word_1_469' title='bbox 2457 3034 2520 3090; x_wconf 85' lang='lat' dir='ltr'>et</span> <span class='ocrx_word' id='word_1_470' title='bbox 2555 3023 2883 3107; x_wconf 76' lang='lat' dir='ltr'>Delegatos</span> <span class='ocrx_word' id='word_1_471' title='bbox 2912 3026 3103 3090; x_wconf 89' lang='lat' dir='ltr'>etiam</span> <span class='ocrx_word' id='word_1_472' title='bbox 3138 3030 3476 3107; x_wconf 75' lang='lat' dir='ltr'>Causarum</span> <span class='ocrx_word' id='word_1_473' title='bbox 3508 3029 3725 3094; x_wconf 76' lang='lat' dir='ltr'>Palatii</span> 
     </span>
     <span class='ocr_line' id='line_1_74' title="bbox 2161 3121 3726 3212; baseline 0.003 -24"><span class='ocrx_word' id='word_1_474' title='bbox 2161 3121 2504 3212; x_wconf 83' lang='lat' dir='ltr'>Apostolici</span> <span class='ocrx_word' id='word_1_475' title='bbox 2531 3121 2860 3188; x_wconf 81' lang='lat' dir='ltr'>Auditores</span> <span class='ocrx_word' id='word_1_476' title='bbox 2875 3122 3146 3207; x_wconf 84' lang='lat' dir='ltr'>judicari</span> <span class='ocrx_word' id='word_1_477' title='bbox 3178 3130 3244 3188; x_wconf 88' lang='lat' dir='ltr'>et</span> <span class='ocrx_word' id='word_1_478' title='bbox 3263 3122 3511 3189; x_wconf 75' lang='lat' dir='ltr'>definiri</span> <span class='ocrx_word' id='word_1_479' title='bbox 3534 3126 3726 3192; x_wconf 85' lang='lat' dir='ltr'>debe-</span> 
     </span>
     <span class='ocr_line' id='line_1_75' title="bbox 2166 3219 3728 3305; baseline 0.003 -21"><span class='ocrx_word' id='word_1_480' title='bbox 2166 3242 2280 3291; x_wconf 82' lang='lat' dir='ltr'>re,</span> <span class='ocrx_word' id='word_1_481' title='bbox 2323 3244 2395 3286; x_wconf 86' lang='lat' dir='ltr'>ac</span> <span class='ocrx_word' id='word_1_482' title='bbox 2427 3221 2667 3285; x_wconf 87' lang='lat' dir='ltr'>irritum</span> <span class='ocrx_word' id='word_1_483' title='bbox 2712 3230 2779 3285; x_wconf 88' lang='lat' dir='ltr'>et</span> <span class='ocrx_word' id='word_1_484' title='bbox 2809 3220 3032 3292; x_wconf 86' lang='lat' dir='ltr'>inane,</span> <span class='ocrx_word' id='word_1_485' title='bbox 3074 3219 3126 3284; x_wconf 84' lang='lat' dir='ltr'>si</span> <span class='ocrx_word' id='word_1_486' title='bbox 3170 3241 3353 3285; x_wconf 84' lang='lat' dir='ltr'>secus</span> <span class='ocrx_word' id='word_1_487' title='bbox 3399 3242 3590 3305; x_wconf 84' lang='lat' dir='ltr'>super</span> <span class='ocrx_word' id='word_1_488' title='bbox 3631 3223 3728 3288; x_wconf 86' lang='lat' dir='ltr'>his</span> 
     </span>
     <span class='ocr_line' id='line_1_76' title="bbox 2162 3317 3721 3400; baseline 0.001 -18"><span class='ocrx_word' id='word_1_489' title='bbox 2162 3340 2196 3382; x_wconf 90' lang='lat' dir='ltr'>a</span> <span class='ocrx_word' id='word_1_490' title='bbox 2256 3338 2572 3400; x_wconf 84' lang='lat' dir='ltr'>quoquam</span> <span class='ocrx_word' id='word_1_491' title='bbox 2623 3317 2845 3400; x_wconf 78' lang='lat' dir='ltr'>quavis</span> <span class='ocrx_word' id='word_1_492' title='bbox 2899 3318 3274 3381; x_wconf 84' lang='lat' dir='ltr'>auctoritate</span> <span class='ocrx_word' id='word_1_493' title='bbox 3322 3320 3594 3384; x_wconf 82' lang='lat' dir='ltr'>scienter</span> <span class='ocrx_word' id='word_1_494' title='bbox 3619 3323 3721 3385; x_wconf 82' lang='lat' dir='ltr'>vel</span> 
     </span>
     <span class='ocr_line' id='line_1_77' title="bbox 2161 3414 3729 3500; baseline 0.001 -22"><span class='ocrx_word' id='word_1_495' title='bbox 2161 3416 2519 3500; x_wconf 76' lang='lat' dir='ltr'>ignoranter</span> <span class='ocrx_word' id='word_1_496' title='bbox 2564 3414 2899 3497; x_wconf 82' lang='lat' dir='ltr'>contigerit</span> <span class='ocrx_word' id='word_1_497' title='bbox 2939 3414 3254 3479; x_wconf 86' lang='lat' dir='ltr'>attentari.</span> <span class='ocrx_word' id='word_1_498' title='bbox 3294 3422 3429 3492; x_wconf 77' lang='lat' dir='ltr'>Non</span> <span class='ocrx_word' id='word_1_499' title='bbox 3477 3418 3729 3482; x_wconf 71' lang='lat' dir='ltr'>obstan·</span> 
     </span>
     <span class='ocr_line' id='line_1_78' title="bbox 2163 3512 3730 3596; baseline 0.003 -19"><span class='ocrx_word' id='word_1_500' title='bbox 2163 3514 2331 3578; x_wconf 84' lang='lat' dir='ltr'>tibus</span> <span class='ocrx_word' id='word_1_501' title='bbox 2357 3512 2924 3579; x_wconf 74' lang='lat' dir='ltr'>constitutionibus</span> <span class='ocrx_word' id='word_1_502' title='bbox 2941 3522 3004 3577; x_wconf 88' lang='lat' dir='ltr'>et</span> <span class='ocrx_word' id='word_1_503' title='bbox 3035 3512 3539 3579; x_wconf 83' lang='lat' dir='ltr'>ordinationibus</span> <span class='ocrx_word' id='word_1_504' title='bbox 3569 3523 3730 3596; x_wconf 81' lang='lat' dir='ltr'>Apo·</span> 
     </span>
     <span class='ocr_line' id='line_1_79' title="bbox 2164 3610 3727 3692; baseline -0.001 -16"><span class='ocrx_word' id='word_1_505' title='bbox 2164 3610 2406 3676; x_wconf 83' lang='lat' dir='ltr'>stolicis</span> <span class='ocrx_word' id='word_1_506' title='bbox 2436 3654 2456 3682; x_wconf 87' lang='lat'><strong>‚</strong></span> <span class='ocrx_word' id='word_1_507' title='bbox 2516 3610 2866 3691; x_wconf 84' lang='lat' dir='ltr'>ceterisque</span> <span class='ocrx_word' id='word_1_508' title='bbox 2932 3610 3262 3674; x_wconf 86' lang='lat' dir='ltr'>contrariis</span> <span class='ocrx_word' id='word_1_509' title='bbox 3329 3611 3727 3692; x_wconf 85' lang='lat' dir='ltr'>quibuscum-</span> 
     </span>
     <span class='ocr_line' id='line_1_80' title="bbox 2164 3709 3720 3792; baseline 0 -20"><span class='ocrx_word' id='word_1_510' title='bbox 2164 3730 2309 3792; x_wconf 88' lang='lat' dir='ltr'>que.</span> <span class='ocrx_word' id='word_1_511' title='bbox 2361 3716 2580 3773; x_wconf 80' lang='lat' dir='ltr'>Datum</span> <span class='ocrx_word' id='word_1_512' title='bbox 2646 3715 2871 3771; x_wconf 80' lang='lat' dir='ltr'>Romae</span> <span class='ocrx_word' id='word_1_513' title='bbox 2922 3709 3084 3789; x_wconf 89' lang='lat' dir='ltr'>apud</span> <span class='ocrx_word' id='word_1_514' title='bbox 3131 3713 3414 3772; x_wconf 86' lang='lat' dir='ltr'>Sanctam</span> <span class='ocrx_word' id='word_1_515' title='bbox 3466 3710 3720 3774; x_wconf 71' lang='lat' dir='ltr'>uariam</span> 
     </span>
     <span class='ocr_line' id='line_1_81' title="bbox 2159 3804 3816 3890; baseline 0 -19"><span class='ocrx_word' id='word_1_516' title='bbox 2159 3806 2462 3890; x_wconf 71' lang='lat' dir='ltr'>Major-em</span> <span class='ocrx_word' id='word_1_517' title='bbox 2494 3806 2612 3869; x_wconf 84' lang='lat' dir='ltr'>sub</span> <span class='ocrx_word' id='word_1_518' title='bbox 2644 3804 2885 3868; x_wconf 76' lang='lat' dir='ltr'>Annulo</span> <span class='ocrx_word' id='word_1_519' title='bbox 2903 3804 3236 3870; x_wconf 80' lang='lat' dir='ltr'>Piscatoris</span> <span class='ocrx_word' id='word_1_520' title='bbox 3262 3805 3367 3869; x_wconf 90' lang='lat' dir='ltr'>die</span> <span class='ocrx_word' id='word_1_521' title='bbox 3393 3814 3524 3870; x_wconf 83' lang='lat' dir='ltr'>vn.</span> <span class='ocrx_word' id='word_1_522' title='bbox 3555 3808 3722 3871; x_wconf 84' lang='lat' dir='ltr'>Junii</span> <span class='ocrx_word' id='word_1_523' title='bbox 3807 3857 3816 3862; x_wconf 86' lang='lat'>.</span> 
     </span>
     <span class='ocr_line' id='line_1_82' title="bbox 2159 3893 3678 3972; baseline 0.001 -3"><span class='ocrx_word' id='word_1_524' title='bbox 2159 3905 2566 3969; x_wconf 71' lang='lat' dir='ltr'>unccxtm.</span> <span class='ocrx_word' id='word_1_525' title='bbox 2597 3900 3001 3967; x_wconf 80' lang='lat' dir='ltr'>Pontificatus</span> <span class='ocrx_word' id='word_1_526' title='bbox 3031 3893 3232 3967; x_wconf 80' lang='lat' dir='ltr'>nostri</span> <span class='ocrx_word' id='word_1_527' title='bbox 3266 3910 3439 3967; x_wconf 76' lang='lat' dir='ltr'>Anno</span> <span class='ocrx_word' id='word_1_528' title='bbox 3469 3911 3678 3972; x_wconf 78' lang='lat' dir='ltr'>Sexto.</span> 
     </span>
    </p>
   </div>
   <div class='ocr_carea' id='block_1_10' title="bbox 2795 4095 3509 4159">
    <p class='ocr_par' dir='ltr' id='par_1_11' title="bbox 2795 4095 3509 4159">
     <span class='ocr_line' id='line_1_83' title="bbox 2795 4095 3509 4159; baseline 0.003 -2"><span class='ocrx_word' id='word_1_529' title='bbox 2795 4100 2868 4157; x_wconf 83' lang='lat' dir='ltr'>D.</span> <span class='ocrx_word' id='word_1_530' title='bbox 2895 4095 3073 4159; x_wconf 87' lang='lat' dir='ltr'>Card.</span> <span class='ocrx_word' id='word_1_531' title='bbox 3119 4095 3509 4159; x_wconf 83' lang='lat' dir='ltr'>Passioneus.</span> 
     </span>
    </p>
   </div>
   <div class='ocr_carea' id='block_1_11' title="bbox 2150 4288 3732 5543">
    <p class='ocr_par' dir='ltr' id='par_1_12' title="bbox 2150 4288 3732 5543">
     <span class='ocr_line' id='line_1_84' title="bbox 2285 4288 3732 4366; baseline 0.001 -11"><span class='ocrx_word' id='word_1_532' title='bbox 2285 4299 2443 4356; x_wconf 88' lang='lat' dir='ltr'>Toto</span> <span class='ocrx_word' id='word_1_533' title='bbox 2473 4297 2681 4354; x_wconf 84' lang='lat' dir='ltr'>autem</span> <span class='ocrx_word' id='word_1_534' title='bbox 2723 4310 2803 4354; x_wconf 90' lang='lat' dir='ltr'>eo</span> <span class='ocrx_word' id='word_1_535' title='bbox 2850 4290 3105 4354; x_wconf 87' lang='lat' dir='ltr'>octiduo</span> <span class='ocrx_word' id='word_1_536' title='bbox 3155 4288 3350 4353; x_wconf 81' lang='lat' dir='ltr'>voluit</span> <span class='ocrx_word' id='word_1_537' title='bbox 3392 4292 3674 4364; x_wconf 70' lang='lat' dir='ltr'>Pontifex</span> <span class='ocrx_word' id='word_1_538' title='bbox 3696 4323 3732 4366; x_wconf 83' lang='lat'>‚·</span> 
     </span>
     <span class='ocr_line' id='line_1_85' title="bbox 2158 4387 3726 4470; baseline 0 -16"><span class='ocrx_word' id='word_1_539' title='bbox 2158 4397 2228 4455; x_wconf 89' lang='lat' dir='ltr'>ut</span> <span class='ocrx_word' id='word_1_540' title='bbox 2268 4397 2543 4470; x_wconf 80' lang='lat' dir='ltr'>Vespere</span> <span class='ocrx_word' id='word_1_541' title='bbox 2583 4388 2833 4469; x_wconf 85' lang='lat' dir='ltr'>aliquae</span> <span class='ocrx_word' id='word_1_542' title='bbox 2870 4388 3193 4452; x_wconf 71' lang='lat' dir='ltr'>Laicorum</span> <span class='ocrx_word' id='word_1_543' title='bbox 3234 4387 3726 4454; x_wconf 51' lang='lat' dir='ltr'>Con-fraternitas</span> 
     </span>
     <span class='ocr_line' id='line_1_86' title="bbox 2157 4483 3720 4551; baseline 0.002 -3"><span class='ocrx_word' id='word_1_544' title='bbox 2157 4494 2257 4548; x_wconf 87' lang='lat' dir='ltr'>tes</span> <span class='ocrx_word' id='word_1_545' title='bbox 2278 4486 2357 4547; x_wconf 84' lang='lat' dir='ltr'>ab</span> <span class='ocrx_word' id='word_1_546' title='bbox 2389 4484 2903 4548; x_wconf 79' lang='lat' dir='ltr'>Eminentissimo</span> <span class='ocrx_word' id='word_1_547' title='bbox 2921 4483 3227 4548; x_wconf 79' lang='lat' dir='ltr'>cardinali</span> <span class='ocrx_word' id='word_1_548' title='bbox 3258 4485 3441 4549; x_wconf 77' lang='lat' dir='ltr'>Urbis</span> <span class='ocrx_word' id='word_1_549' title='bbox 3476 4487 3720 4551; x_wconf 70' lang='lat' dir='ltr'>vicario</span> 
     </span>
     <span class='ocr_line' id='line_1_87' title="bbox 2155 4580 3715 4665; baseline 0 -19"><span class='ocrx_word' id='word_1_550' title='bbox 2155 4582 2484 4665; x_wconf 79' lang='lat' dir='ltr'>eligendae</span> <span class='ocrx_word' id='word_1_551' title='bbox 2501 4580 2761 4664; x_wconf 88' lang='lat' dir='ltr'>supplici</span> <span class='ocrx_word' id='word_1_552' title='bbox 2781 4582 2900 4644; x_wconf 84' lang='lat' dir='ltr'>ritu</span> <span class='ocrx_word' id='word_1_553' title='bbox 2923 4581 3164 4644; x_wconf 91' lang='lat' dir='ltr'>adirent</span> <span class='ocrx_word' id='word_1_554' title='bbox 3186 4601 3323 4645; x_wconf 89' lang='lat' dir='ltr'>eam</span> <span class='ocrx_word' id='word_1_555' title='bbox 3350 4583 3715 4657; x_wconf 82' lang='lat' dir='ltr'>Ecclesiam,</span> 
     </span>
     <span class='ocr_line' id='line_1_88' title="bbox 2156 4677 3718 4762; baseline 0.001 -19"><span class='ocrx_word' id='word_1_556' title='bbox 2156 4681 2265 4744; x_wconf 82' lang='lat' dir='ltr'>ubi</span> <span class='ocrx_word' id='word_1_557' title='bbox 2290 4699 2505 4762; x_wconf 86' lang='lat' dir='ltr'>preces</span> <span class='ocrx_word' id='word_1_558' title='bbox 2531 4678 2783 4743; x_wconf 79' lang='lat' dir='ltr'>habitae</span> <span class='ocrx_word' id='word_1_559' title='bbox 2811 4696 2989 4742; x_wconf 89' lang='lat' dir='ltr'>mane</span> <span class='ocrx_word' id='word_1_560' title='bbox 3022 4677 3305 4754; x_wconf 67' lang='lat' dir='ltr'>ruerant,</span> <span class='ocrx_word' id='word_1_561' title='bbox 3337 4681 3555 4744; x_wconf 86' lang='lat' dir='ltr'>ultimo</span> <span class='ocrx_word' id='word_1_562' title='bbox 3583 4690 3718 4746; x_wconf 76' lang='lat' dir='ltr'>tan·</span> 
     </span>
     <span class='ocr_line' id='line_1_89' title="bbox 2155 4776 3715 4844; baseline 0.003 -5"><span class='ocrx_word' id='word_1_563' title='bbox 2155 4777 2298 4841; x_wconf 90' lang='lat' dir='ltr'>dem</span> <span class='ocrx_word' id='word_1_564' title='bbox 2330 4777 2742 4841; x_wconf 87' lang='lat' dir='ltr'>solemnitatis</span> <span class='ocrx_word' id='word_1_565' title='bbox 2784 4776 2885 4840; x_wconf 85' lang='lat' dir='ltr'>die</span> <span class='ocrx_word' id='word_1_566' title='bbox 2909 4777 2992 4839; x_wconf 86' lang='lat' dir='ltr'>ad</span> <span class='ocrx_word' id='word_1_567' title='bbox 3019 4785 3496 4842; x_wconf 78' lang='lat' dir='ltr'>Laterauensem</span> <span class='ocrx_word' id='word_1_568' title='bbox 3545 4780 3715 4844; x_wconf 86' lang='lat' dir='ltr'>Basi-</span> 
     </span>
     <span class='ocr_line' id='line_1_90' title="bbox 2155 4872 3711 4957; baseline 0.003 -20"><span class='ocrx_word' id='word_1_569' title='bbox 2155 4874 2382 4944; x_wconf 88' lang='lat' dir='ltr'>licam,</span> <span class='ocrx_word' id='word_1_570' title='bbox 2431 4894 2555 4938; x_wconf 87' lang='lat' dir='ltr'>non</span> <span class='ocrx_word' id='word_1_571' title='bbox 2597 4872 2801 4937; x_wconf 89' lang='lat' dir='ltr'>solum</span> <span class='ocrx_word' id='word_1_572' title='bbox 2844 4875 3190 4955; x_wconf 85' lang='lat' dir='ltr'>composita</span> <span class='ocrx_word' id='word_1_573' title='bbox 3234 4877 3711 4957; x_wconf 86' lang='lat' dir='ltr'>supplicantium</span> 
     </span>
     <span class='ocr_line' id='line_1_91' title="bbox 2150 4971 3714 5057; baseline 0.003 -22"><span class='ocrx_word' id='word_1_574' title='bbox 2150 4973 2396 5057; x_wconf 77' lang='lat' dir='ltr'>agmina</span> <span class='ocrx_word' id='word_1_575' title='bbox 2437 4971 2882 5054; x_wconf 83' lang='lat' dir='ltr'>procederent,</span> <span class='ocrx_word' id='word_1_576' title='bbox 2926 4973 3036 5036; x_wconf 88' lang='lat' dir='ltr'>sed</span> <span class='ocrx_word' id='word_1_577' title='bbox 3071 4973 3559 5037; x_wconf 82' lang='lat' dir='ltr'>Eminentissimi</span> <span class='ocrx_word' id='word_1_578' title='bbox 3606 4982 3714 5039; x_wconf 78' lang='lat' dir='ltr'>Pa-</span> 
     </span>
     <span class='ocr_line' id='line_1_92' title="bbox 2152 5068 3707 5154; baseline 0.003 -22"><span class='ocrx_word' id='word_1_579' title='bbox 2152 5079 2327 5144; x_wconf 86' lang='lat' dir='ltr'>tres,</span> <span class='ocrx_word' id='word_1_580' title='bbox 2370 5069 2476 5151; x_wconf 85' lang='lat' dir='ltr'>qui</span> <span class='ocrx_word' id='word_1_581' title='bbox 2504 5068 2745 5134; x_wconf 81' lang='lat' dir='ltr'>vellent</span> <span class='ocrx_word' id='word_1_582' title='bbox 2768 5114 2787 5143; x_wconf 91' lang='lat'>,</span> <span class='ocrx_word' id='word_1_583' title='bbox 2817 5069 3046 5148; x_wconf 80' lang='lat' dir='ltr'>iterum</span> <span class='ocrx_word' id='word_1_584' title='bbox 3079 5071 3402 5141; x_wconf 84' lang='lat' dir='ltr'>vestibus,</span> <span class='ocrx_word' id='word_1_585' title='bbox 3446 5080 3510 5134; x_wconf 89' lang='lat' dir='ltr'>et</span> <span class='ocrx_word' id='word_1_586' title='bbox 3539 5072 3707 5154; x_wconf 79' lang='lat' dir='ltr'>quod</span> 
     </span>
     <span class='ocr_line' id='line_1_93' title="bbox 2155 5151 3711 5251; baseline 0 -20"><span class='ocrx_word' id='word_1_587' title='bbox 2155 5151 2469 5251; x_wconf 78' lang='lat' dir='ltr'>peculiare</span> <span class='ocrx_word' id='word_1_588' title='bbox 2518 5174 2667 5238; x_wconf 70' lang='lat' dir='ltr'>est,</span> <span class='ocrx_word' id='word_1_589' title='bbox 2716 5168 2908 5229; x_wconf 83' lang='lat' dir='ltr'>etiam</span> <span class='ocrx_word' id='word_1_590' title='bbox 2961 5168 3180 5249; x_wconf 86' lang='lat' dir='ltr'>Cappis</span> <span class='ocrx_word' id='word_1_591' title='bbox 3235 5168 3477 5241; x_wconf 85' lang='lat' dir='ltr'>rubris,</span> <span class='ocrx_word' id='word_1_592' title='bbox 3529 5190 3711 5237; x_wconf 86' lang='lat' dir='ltr'>mane</span> 
     </span>
     <span class='ocr_line' id='line_1_94' title="bbox 2151 5263 3714 5333; baseline 0.004 -6"><span class='ocrx_word' id='word_1_593' title='bbox 2151 5265 2446 5329; x_wconf 83' lang='lat' dir='ltr'>adessent</span> <span class='ocrx_word' id='word_1_594' title='bbox 2466 5263 2806 5329; x_wconf 81' lang='lat' dir='ltr'>Pontificali</span> <span class='ocrx_word' id='word_1_595' title='bbox 2823 5265 3070 5328; x_wconf 79' lang='lat' dir='ltr'>Missae.</span> <span class='ocrx_word' id='word_1_596' title='bbox 3100 5272 3244 5328; x_wconf 83' lang='lat' dir='ltr'>Post</span> <span class='ocrx_word' id='word_1_597' title='bbox 3264 5267 3586 5331; x_wconf 86' lang='lat' dir='ltr'>meridiem</span> <span class='ocrx_word' id='word_1_598' title='bbox 3607 5276 3714 5333; x_wconf 88' lang='lat' dir='ltr'>Se-</span> 
     </span>
     <span class='ocr_line' id='line_1_95' title="bbox 2153 5360 3712 5442; baseline 0.004 -19"><span class='ocrx_word' id='word_1_599' title='bbox 2153 5369 2373 5436; x_wconf 88' lang='lat' dir='ltr'>nator,</span> <span class='ocrx_word' id='word_1_600' title='bbox 2418 5360 2762 5442; x_wconf 83' lang='lat' dir='ltr'>Conscripti</span> <span class='ocrx_word' id='word_1_601' title='bbox 2790 5403 2811 5433; x_wconf 91' lang='lat'>,</span> <span class='ocrx_word' id='word_1_602' title='bbox 2857 5369 2921 5424; x_wconf 91' lang='lat' dir='ltr'>et</span> <span class='ocrx_word' id='word_1_603' title='bbox 2965 5362 3302 5425; x_wconf 81' lang='lat' dir='ltr'>Centuriati</span> <span class='ocrx_word' id='word_1_604' title='bbox 3350 5383 3386 5426; x_wconf 91' lang='lat' dir='ltr'>e</span> <span class='ocrx_word' id='word_1_605' title='bbox 3436 5372 3712 5430; x_wconf 83' lang='lat' dir='ltr'>Romano</span> 
     </span>
     <span class='ocr_line' id='line_1_96' title="bbox 2151 5456 3709 5543; baseline 0.001 -21"><span class='ocrx_word' id='word_1_606' title='bbox 2151 5457 2389 5542; x_wconf 83' lang='lat' dir='ltr'>Populo</span> <span class='ocrx_word' id='word_1_607' title='bbox 2426 5457 2711 5523; x_wconf 76' lang='lat' dir='ltr'>homiues</span> <span class='ocrx_word' id='word_1_608' title='bbox 2734 5500 2756 5531; x_wconf 90' lang='lat'>,</span> <span class='ocrx_word' id='word_1_609' title='bbox 2798 5456 3209 5541; x_wconf 73' lang='lat' dir='ltr'>frequentiori</span> <span class='ocrx_word' id='word_1_610' title='bbox 3240 5481 3370 5542; x_wconf 86' lang='lat' dir='ltr'>quo</span> <span class='ocrx_word' id='word_1_611' title='bbox 3412 5470 3709 5543; x_wconf 75' lang='lat' dir='ltr'>possent,</span> 
     </span>
    </p>
   </div>
  </div>
 </body>
</html>
