4442 6300
1556 546 1838 613 QUtNQt.
1856 546 1903 599 lt
1972 543 2439 600 mucronum
2483 545 2649 598 E'l‘c,
3464 541 3536 595 38

459 686 693 754 clesiae
738 688 1121 772 imaginibus
1166 687 1416 773 singula
1469 687 1734 772 singulis
1778 689 2032 772 insigni·

463 789 693 852 bantur
722 788 787 849 io
820 791 1007 852 aieae
1040 787 1292 862 medio;
1323 786 1566 868 reliqua
1596 807 1746 851 vero
1787 787 2035 869 aliquot

458 886 765 966 Principis
813 884 1259 966 Apostolorum
1282 929 1300 958 ,
1363 884 1428 945 in
1490 884 1670 967 cujus
1723 884 2029 947 honorem

461 983 790 1064 Templum
829 983 982 1044 illud
1014 989 1147 1046 Deo
1176 981 1453 1045 dicatum
1501 990 1635 1054 est,
1686 980 2033 1045 illustriora

457 1079 621 1142 vitae
651 1077 815 1142 t‘acta
850 1081 1447 1159 repraesentabant3
1493 1079 1618 1141 duo
1661 1078 1891 1140 vividis
1933 1099 2037 1141 co·

455 1173 704 1238 loribus
732 1194 1030 1258 expressa
1051 1218 1071 1247 ‚
1101 1175 1368 1237 alterum
1400 1194 1539 1238 cum
1573 1174 1768 1257 Regni
1819 1175 2033 1237 Caele-

461 1271 576 1334 stis
610 1270 844 1342 claves,
876 1269 1148 1335 alterum
1180 1291 1324 1335 ¹cum
1359 1270 1565 1333 ovium
1600 1291 2029 1354 agnorumque

459 1368 912 1448 pascendorum
957 1388 1170 1429 curam
1225 1368 1301 1428 ad
1355 1367 1812 1432 testificandum
1863 1388 2034 1431 amo-

462 1468 631 1534 r'em.
665 1485 791 1545 quo
824 1465 1152 1526 Dominum
1201 1465 1744 1546 prosequebatur,
1791 1465 2034 1548 accepit

459 1580 496 1623 a
523 1561 766 1626 Christo
786 1604 807 1632 ‚
838 1562 1071 1643 quihus
1099 1560 1474 1644 adjacebant
1524 1564 1922 1627 dextrorsum
1968 1572 2034 1628 et

462 1642 890 1722 sinistr'orsum
938 1658 1073 1722 alia
1122 1666 1395 1740 quatuor
1436 1660 1637 1724 oralia
1680 1659 1911 1739 figurae
1962 1664 2027 1725 e‘l

462 1756 794 1819 suboscuri
828 1756 1092 1820 violacei
1123 1759 1394 1831 coloris,
1441 1778 1601 1839 quae
1653 1757 2031 1822 intuentium

456 1850 659 1916 oculis
678 1852 1064 1937 objiciebant
1089 1853 1389 1919 Claudum
1413 1856 1489 1917 ad
1518 1854 1862 1935 speciosam
1894 1875 2035 1937 por-

463 1959 590 2014 tam
619 1950 867 2033 Templi
903 1960 1188 2015 sanatum
1219 1972 1253 2014 a
1284 1958 1465 2016 Petro
1486 1978 1507 2021 ς
1549 1963 1617 2015 et
1666 1952 1989 2033 pecuniam
2010 1993 2031 2023 ‚

456 2066 643 2130 quam
672 2046 889 2110 Simon
920 2048 1235 2112 obtulerat
1264 2049 1343 2112 ab
1364 2069 1443 2112 eo
1476 2047 1903 2129 repudiatam;
1926 2059 2035 2112 aut

460 2165 600 2209 cum
632 2146 711 2207 ad
752 2147 1047 2210 custodes
1092 2148 1503 2228 baptizandos
1545 2167 1769 2226 aquam
1806 2146 2031 2211 elicuit

457 2260 496 2305 e
526 2239 705 2304 silice
734 2241 1043 2315 carceris3
1075 2253 1183 2305 aut
1212 2256 1353 2305 cum
1386 2243 1764 2308 mirabiliter
1791 2244 2031 2307 confra-

455 2338 578 2401 ctis
604 2341 685 2401 ab
715 2338 955 2421 Angelo
985 2338 1255 2403 vinculis
1283 2340 1483 2403 abivit
1511 2361 1590 2402 ex
1616 2341 1883 2404 Herodis
1926 2362 2033 2404 cu-

460 2436 686 2499 studia.

585 2539 751 2596 naec
782 2540 923 2611 post
943 2533 1487 2597 Canonizationem
1508 2543 1892 2616 comportata
1916 2542 2029 2599 Bo·

455 2629 707 2690 uoniam
740 2637 884 2692 sunt
917 2649 1034 2692 una
1067 2649 1211 2692 cum
1243 2630 1531 2694 vestibus
1574 2632 1776 2695 multo
1827 2634 2029 2715 gravi-

452 2727 574 2789 bus
602 2746 753 2789 auro
793 2735 860 2789 et
901 2746 1092 2808 opere
1146 2726 1411 2812 phrygio
1461 2728 1825 2801 nobilibus,
1870 2748 2025 2812 quas

452 2823 517 2886 in
549 2835 670 2887 tam
702 2824 967 2888 solemni
998 2825 1373 2888 celebritate
1405 2827 1713 2891 Sanctitas
1742 2833 1863 2891 Sua
1885 2869 1907 2898 ,
1958 2836 2025 2891 et

453 2921 559 3004 qui
587 2922 705 3002 ipsi
735 2922 1068 2986 adstabant
1097 2923 1176 2985 ad
1207 2930 1358 2986 Rem
1394 2923 1671 2987 Divinam
1716 2925 2020 3008 agendam

450 3019 848 3094 Administri,
875 3018 1392 3084 encaeniaveraut
1418 3046 1434 3082 ε
1471 3028 1559 3085 lta
1591 3022 1800 3103 priora
1833 3022 2020 3086 bene·

452 3115 636 3191 ficia,
686 3138 847 3200 quae
906 3118 1119 3182 statim
1177 3138 1251 3183 ac
1298 3124 1641 3201 Supremos
1698 3117 2023 3186 Ecclesiae

452 3211 668 3278 Pastor
694 3225 943 3280 creatus
984 3226 1131 3289 est,
1161 3217 1343 3298 plena
1376 3238 1560 3281 manu
1593 3218 1909 3283 effuderat
1957 3219 2021 3282 in

448 3310 698 3375 Clerum
731 3322 794 3375 et
827 3313 1105 3394 reliquos
1138 3314 1383 3378 Civium
1417 3336 1673 3381 suorum
1705 3318 1974 3382 Ordines
1998 3361 2019 3392 ,

449 3409 911 3491 posterioribus
940 3412 1298 3476 cumulavit.
1744 3441 1749 3446 ·

574 3514 749 3572 Hunc
783 3510 987 3590 ipsum
1032 3510 1309 3571 animum
1361 3512 1778 3575 Anconitanae
1823 3513 2017 3576 etiam

447 3605 767 3669 Ecclesiae
800 3607 1162 3686 praestitit,
1192 3623 1376 3689 quam
1423 3607 1760 3681 aedificiis,
1813 3628 2021 3673 minne-

447 3702 649 3777 ribus‚
683 3704 953 3785 aliisque
986 3703 1334 3786 privilegiis
1363 3705 1625 3778 ornavit,
1652 3717 1719 3771 ut
1751 3714 2019 3788 utraque

447 3801 679 3873 Sedes,
713 3823 901 3883 quam
933 3802 1085 3864 olim
1117 3810 1438 3875 tenuerat,
1482 3801 1869 3868 pontificiam
1913 3825 2021 3867 ex·

454 3900 764 3983 perii-etur
794 3897 1298 3964 beneficentiam.

575 4003 713 4060 Jam
758 4018 907 4060 vero
949 3998 1010 4058 in
1054 3998 1185 4077 ipsa
1228 3999 1558 4080 'tetragoni
1590 4020 1731 4062 area
1764 3999 2018 4063 descen·

453 4094 608 4158 dens
636 4094 922 4158 Pontifex
967 4096 1045 4159 de
1077 4094 1299 4158 Sellari
1333 4097 1411 4159 ad
1441 4097 1825 4160 eminentem
1874 4097 2024 4160 Solii

452 4192 819 4256 Cathedram
856 4213 1225 4274 progressus
1246 4237 1267 4265 ,
1297 4214 1436 4256 cum
1462 4194 1844 4268 assedisset,
1879 4200 2018 4259 Car-

454 4289 696 4353 dinales
742 4307 987 4352 manum
1023 4292 1142 4354 sub
1172 4289 1567 4374 auriphrygio
1594 4290 1715 4354 sibi
1761 4292 2019 4356 deoscu-

454 4385 657 4452 lantes
688 4387 960 4467 suscepit
986 4412 1002 4447 ε
1036 4407 1179 4449 mox
1208 4388 1449 4451 eisdem
1498 4389 2022 4455 Eminentissimis

452 4486 743 4549 Patribus
775 4491 836 4548 et
870 4484 1242 4547 Diaconibus
1272 4486 1459 4549 etiam
1487 4527 1508 4555 ‚
1552 4485 1658 4567 qui
1690 4491 1889 4566 Papae
1917 4486 2023 4550 ad·

454 4584 747 4656 stabant,
795 4582 956 4645 inter
983 4580 1145 4647 alios
1178 4582 1412 4665 proprii
1444 4582 1694 4646 Ordinis
1723 4582 1801 4646 de
1845 4602 2045 4650 more·

445 4680 508 4741 in
546 4680 843 4763 praelatis
874 4679 1145 4744 scamnis
1173 4679 1677 4744 considentibusz
1702 4680 2022 4763 Episcopis

443 4783 508 4840 et
576 4777 1027 4842 protonotarits
1070 4776 1425 4857 ceterisque
1475 4793 1555 4840 ex
1604 4777 2019 4842 praelatorum

448 4873 741 4959 collegiis
761 4874 904 4937 hinc
935 4874 1081 4937 inde
1112 4889 1224 4955 pet·
1238 4873 1633 4957 Solii3gradus
1655 4873 1980 4955 dispositis
2002 4899 2019 4934 z

450 4974 738 5037 Pontifex
761 4973 961 5054 primo
990 4972 1527 5034 caeremoniarum
1544 4970 1833 5052 Magistro
1856 4991 2021 5034 man·

449 5068 663 5142 davit,
702 5078 769 5130 ut
815 5069 1163 5131 Advocatos
1196 5067 1472 5129 acciret:
1507 5066 1674 5147 quod
1705 5065 1815 5130 ille
1855 5067 2018 5132 flexo

446 5165 625 5246 prius
656 5187 802 5248 erga
837 5166 1231 5229 sanctitatem
1265 5170 1447 5226 Suam
1480 5163 1716 5245 poplite
1746 5184 2019 5246 exequu-

450 5271 551 5327 tus
582 5271 678 5327 est
706 5282 818 5345 per
843 5264 1106 5325 verbum
1140 5265 1457 5325 Accedunt.

564 5365 738 5423 Tunc
771 5357 1025 5440 propius
1056 5358 1101 5419 ii
1131 5359 1207 5420 ad
1261 5358 1497 5421 Solium
1542 5357 1851 5439 progressi
1888 5378 2016 5420 me·

444 5453 611 5519 dium
662 5455 970 5520 babentes
1017 5453 1346 5517 Dominum
1393 5454 1773 5519 Advocatum
1819 5451 2018 5538 virgi·

2143 688 2297 752 lium
2325 688 2801 753 Monteeatinum
2831 687 3236 755 Fert-ariensis
3254 687 3559 755 civitatis.
3578 706 3716 751 cum

2142 786 2223 849 de
2255 807 2414 867 genu
2445 806 2668 850 omnes
2711 793 3159 851 Arosromcmt
3190 787 3601 853 adorassent.
3647 791 3715 847 et

2145 883 2207 943 in
2237 883 2705 947 semicirculum
2734 902 2802 947 se
2830 886 3371 967 composuissent,
3421 883 3532 945 ille
3582 902 3717 945 om·

2146 981 2312 1041 nium
2362 982 2597 1061 primus
2641 982 3001 1045 Orationem
3033 1001 3210 1046 suam
3241 1002 3357 1064 pro
3402 982 3590 1045 beato
3627 977 3714 1041 Fi·

2144 1077 2269 1142 deli
2299 1100 2332 1142 a
2363 1079 2750 1164 Sigmaringa
2782 1101 3043 1145 exorsus
3075 1080 3165 1145 sic
3197 1090 3314 1143 est.

2216 1316 2223 1325 .
2283 1302 2304 1324 ι
2356 1273 2534 1345 Quod
2580 1273 2805 1352 primis
2861 1272 3026 1345 illis,
3086 1277 3539 1337 BEATlSSlME
3600 1278 3722 1334 ΡΑ-

2145 1376 2340 1443 TER,
2389 1369 2714 1434 militantis
2749 1371 3063 1437 Ecclesiae
3109 1369 3381 1434 saeculis
3412 1378 3502 1433 tot
3549 1368 3722 1431 Chri·

2145 1468 2327 1530 stiani
2362 1469 2592 1529 inventi
2627 1468 2744 1531 sint
2772 1470 3040 1532 nominis
3069 1488 3140 1531 ac
3169 1467 3439 1537 roboris.
3468 1467 3574 1548 qui
3607 1485 3720 1547 pro

2142 1584 2288 1629 vera
2339 1565 2444 1627 Dei
2491 1564 2799 1648 religione
2845 1568 3281 1633 decertantes.
3326 1573 3533 1645 parata
3599 1565 3721 1628 sibi

2147 1663 2227 1724 ab
2263 1665 2538 1745 tyrannis
2570 1662 3041 1727 immanissimis
3069 1664 3379 1726 atrociora
3413 1669 3720 1726 tormenta

2145 1757 2420 1823 libenter
2482 1761 2811 1829 subirent.
2860 1769 2922 1823 et
2972 1760 3158 1825 fidem
3192 1781 3377 1841 quiam
3424 1759 3724 1823 divinitus

2146 1855 2499 1920 hausissent
2532 1878 2604 1921 ac
2632 1856 2900 1923 feliciter
2921 1857 3386 1939 profiterentur,
3419 1856 3722 1940 sanguine

2145 1953 2335 2016 etiam
2392 1974 2506 2017 suo
2547 1963 2984 2018 consecrarent
3013 1981 3030 2016 ε
3079 1961 3298 2037 Magno
3350 1955 3412 2016 id
3462 1954 3719 2036 quidem

2145 2056 2398 2132 semper
2417 2050 2797 2133 exrelsoque
2827 2054 3041 2117 auimo
3074 2053 3288 2116 datum
3323 2061 3420 2116 est
3446 2061 3721 2134 praeter·

2143 2147 2417 2211 labentia
2451 2144 2700 2213 baec‘et
2732 2150 3056 2213 mutabilia
3084 2151 3145 2213 in
3175 2150 3361 2215 terris
3394 2152 3552 2215 bona
3585 2150 3722 2213 des·

2145 2246 2401 2326 picienti
2455 2251 2901 2329 appetentique
2946 2250 3008 2311 in
3052 2248 3257 2313 Caelis
3305 2249 3720 2312 immortalia.

2145 2345 2265 2407 Sed
2292 2388 2313 2415 .,
2344 2344 2440 2407 vel
2479 2347 2540 2406 in
2569 2347 2771 2427 primo
2799 2356 3236 2412 coronatorum
3269 2348 3571 2431 martyrio
3611 2347 3720 2411 ho·

2144 2442 2375 2504 minum
2426 2444 2737 2525 Stephano
2781 2444 3131 2508 istiusmodi
3193 2444 3485 2507 invictum
3525 2444 3721 2507 robur

2144 2537 2576 2617 suspiciamus..
2607 2539 2701 2604 vel
2735 2540 2795 2602 in
2826 2541 3268 2622 consequentis
3297 2541 3521 2605 aetatis
3552 2559 3711 2603 mar-

2140 2635 2429 2719 tyribus,
2473 2644 2604 2699 tum
2632 2657 2774 2701 cum
2810 2642 3082 2702 maxime
3115 2640 3421 2701 saevitum
3466 2639 3527 2701 in
3569 2638 3720 2704 illos

2140 2740 2239 2796 est
2267 2731 2580 2814 gloriosos
2609 2733 2854 2797 divinae
2880 2735 3023 2797 fidei
3053 2743 3425 2807 assertores,
3451 2757 3572 2818 qua
3601 2736 3716 2800 vir·

2136 2827 2232 2911 gis
2262 2849 2481 2893 caesos
2501 2872 2523 2901 ,
2567 2850 2688 2910 qua
2724 2830 2878 2893 rotis
2906 2839 3227 2897 contortos
3248 2874 3270 2904 ‚
3303 2852 3422 2914 qua
3467 2832 3713 2914 sagittis

2137 2922 2464 2989 confessos
2486 2968 2506 2997 ,
2537 2926 2634 2991 hic
2665 2925 2804 3009 igne
2826 2968 2848 2997 ,
2882 2926 3054 2992 illinc
3084 2927 3296 3000 ferro,
3325 2928 3467 2993 inde
3510 2929 3713 2994 securi

2133 3022 2549 3096 excruciatos,
2571 3022 2926 3096 dilaniatos.
2947 3026 3340 3105 absumptos;
3360 3026 3559 3109 ipsum
3584 3028 3720 3109 qui-

2136 3117 2278 3182 dem
2314 3120 2691 3201 Stephanum
2719 3121 3113 3194 admiramur,
3145 3121 3255 3186 sed
3293 3132 3584 3206 tanquam
3610 3146 3716 3208 po-

2136 3216 2256 3279 sito
2287 3216 2409 3278 sibi
2441 3218 2522 3278 ob
2547 3216 2765 3280 oculos
2790 3218 3025 3282 recenti
3044 3239 3114 3282 ac
3136 3220 3421 3301 proximo
3449 3221 3711 3285 Redem-

2133 3312 2338 3394 ptoris
2353 3314 2590 3376 aeterni
2612 3315 2905 3396 exemplo
2930 3314 3361 3380 confirmatum
3383 3343 3402 3389 ς
3428 3317 3712 3399 reliquos

2134 3430 2283 3473 vero
2311 3410 2593 3474 illustres
2622 3413 2840 3475 eadem
2873 3413 3128 3476 victoria
3160 3413 3330 3478 viros
3358 3415 3520 3478 alios
3552 3415 3706 3478 alio·

2133 3525 2271 3569 rum
2316 3509 2602 3589 vestigiis
2644 3512 3042 3575 continenter
3082 3510 3489 3583 insistentes,
3535 3512 3707 3575 illos-

2134 3625 2260 3686 que
2289 3608 2603 3684 praesenti
2638 3605 2893 3669 illorum
2939 3609 3168 3671 virtute
3212 3609 3309 3672 vel
3355 3610 3700 3680 excitatos,

2133 3701 2232 3764 vel
2265 3700 2464 3766 factos
2493 3702 2856 3774 alacriores,
2893 3711 3129 3768 tautum
3162 3705 3284 3767 sibi
3316 3706 3508 3771 decus
3540 3729 3707 3772 com-

2133 3818 2407 3880 parasse.
2444 3806 2521 3863 At
2551 3801 2657 3862 ubi
2695 3801 2895 3864 libera
2926 3802 3008 3865 ab
3042 3802 3396 3868 immitibus
3428 3804 3713 3888 imperiis

2133 3915 2278 3960 sese
2322 3896 2509 3962 latius
2553 3897 2886 3979 explicavit
2918 3899 3199 3963 Ecclesia
3226 3944 3244 3973 ,
3290 3920 3709 3967 summorum·

2134 4014 2257 4073 que
2292 4014 2612 4059 sacrorum
2647 3995 3006 4059 ,antistitum
3030 3996 3143 4059 Tui
3177 3996 3579 4061 decessorum
3615 4021 3714 4062 so-

2131 4089 2461 4157 licitudine
2484 4135 2505 4163 ,
2550 4113 2736 4173 quam
2766 4113 2966 4173 aeque
3002 4093 3065 4155 in
3096 4101 3183 4157 Te
3212 4093 3516 4176 exprimis
3540 4138 3561 4167 ‚
3611 4097 3709 4157 Di-

2135 4190 2318 4252 vinus
2348 4189 2573 4253 Christi
2607 4197 2820 4256 Sermo
2848 4189 3096 4256 delatus
3122 4200 3222 4254 est
3250 4192 3329 4255 ad
3358 4200 3576 4275 gentes
3621 4214 3715 4256 re-

2136 4286 2539 4357 motissimas,
2568 4288 2726 4351 itaut
2758 4288 3049 4351 Nationes
3071 4290 3355 4373 integrae
3387 4290 3535 4354 olim
3575 4310 3705 4353 mo·

2137 4383 2314 4447 ribus
2343 4404 2602 4466 asperae
2622 4427 2642 4456 ,
2674 4404 2835 4466 quae
2867 4385 3050 4468 longe
3081 4407 3115 4448 a
3148 4386 3407 4451 veritate
3453 4389 3704 4453 aberra-

2135 4481 2324 4555 bant,
2356 4483 2750 4546 sanctissimo
2778 4484 2991 4548 Crucis
3034 4482 3265 4548 vexillo
3295 4506 3363 4549 se
3407 4485 3706 4567 adjunxe-

2133 4579 2261 4642 rint
2292 4579 2410 4642 sub
2442 4599 2567 4644 uno
2593 4578 2922 4658 spectabili
2959 4580 3283 4664 religionis
3313 4582 3705 4646 moderatore

2132 4682 2416 4740 Romano
2446 4675 2781 4752 Pontifice3
2815 4688 2945 4741 tum
2978 4698 3160 4750 vero,
3190 4697 3330 4742 cum
3361 4679 3700 4744 admodum

2134 4792 2272 4836 rara
2296 4793 2364 4836 se
2383 4773 2639 4837 offerret
2657 4795 2842 4838 causa
2864 4776 3177 4859 martyrii,
3197 4775 3406 4838 durius
3435 4775 3701 4841 fortasse

2134 4867 2294 4931 illud
2325 4876 2515 4950 atque
2545 4870 2907 4952 impeditius
2936 4871 3133 4934 videri
3164 4873 3365 4952 potuit
3398 4872 3700 4936 christifi-

2134 4965 2388 5029 delibus
2417 4966 2478 5027 in
2503 4967 2840 5049 tranquillo
2874 4966 3195 5051 religionis
3225 4968 3418 5049 ipsius
3445 4970 3578 5032 sinu
3612 4971 3699 5033 al-

2133 5063 2212 5127 tis
2265 5064 2723 5147 agentibusque
2744 5108 2765 5137 ‚
2819 5085 3082 5146 quorum
3133 5075 3461 5148 propterea
3504 5069 3692 5129 animi

2129 5159 2389 5225 desueta
2442 5160 2564 5243 jam
2620 5158 2753 5224 fere
2819 5161 3116 5243 supplicia
3179 5173 3247 5225 et
3300 5161 3516 5226 funera
3574 5184 3698 5230 ma·

2129 5258 2226 5339 gis
2269 5257 2771 5339 quandoquidem
2820 5259 3389 5340 perhorrescerent.
3437 5268 3695 5324 verum-

2129 5363 2337 5419 tamen
2361 5397 2383 5426 ,
2426 5356 2514 5418 ita
2547 5376 2799 5437 quoque
2844 5362 2968 5420 Deo
2997 5356 3391 5437 permittente
3415 5402 3436 5431 ,
3483 5378 3601 5423 nec
3630 5359 3694 5421 in

2129 5454 2267 5536 ipsa
2309 5453 2390 5516 ab
2435 5454 2713 5537 tyrannis
2755 5453 3165 5536 respiratione
3192 5464 3379 5537 atque
3419 5457 3692 5539 pacatio-
