4442 6300
1493 550 1841 620 Qutnout
1906 549 2373 603 smu’roauat
2440 552 2588 602 ιτα

568 695 833 760 Gamo
867 699 1142 761 Urceliana
1174 698 1515 773 Episcopus
1565 700 1867 758 caesenae

1044 796 1346 856 Assinaros
1374 839 1390 855 .

562 992 651 1052 Ea
681 996 780 1052 est
809 985 1174 1052 catharinae
1201 987 1283 1052 de
1315 985 1541 1051 Ricciis
1570 983 1996 1058 florentinae,

434 1083 819 1150 lectissimae
851 1084 1153 1169 Virginis,
1175 1091 1365 1167 atque
1396 1083 1825 1150 sanctissimae
1853 1098 1997 1166 cum

438 1183 694 1249 Senensi
741 1181 849 1245 illa
895 1202 1137 1246 morum
1178 1184 1469 1265 vitaeque
1498 1179 1885 1251 similitudo,
1927 1186 1998 1243 ut

435 1280 556 1345 nisi
600 1288 979 1362 'temporum
1005 1323 1027 1355 ,
1075 1281 1323 1346 Patriae
1373 1286 1560 1361 atque
1607 1275 2000 1361 cognominis

437 1396 739 1460 perquam
765 1375 1041 1457 diligens
1063 1378 1227 1442 ratio
1255 1376 1586 1448 habeatur,
1610 1393 1731 1436 una
1749 1373 2002 1438 eadem·

436 1495 561 1557 que
606 1473 808 1537 videri
858 1475 1056 1556 possit
1080 1520 1097 1537 .
1145 1480 1419 1556 Utraque
1473 1471 1640 1537 enim
1685 1491 1765 1536 ex
1822 1488 1999 1535 sacra

435 1572 937 1640 Praedicatorum
967 1572 1227 1638 Familia
1249 1614 1270 1645 ,
1298 1572 1423 1657 jam
1453 1580 1596 1634 ,tum
1626 1572 1710 1633 ab
1742 1566 2000 1633 infantia

435 1669 789 1738 castissimo
819 1668 1136 1753 virginum
1182 1677 1423 1754 sponso
1462 1667 1833 1751 conjuncta,
1874 1665 2001 1731 dici

436 1782 562 1833 non
592 1773 800 1849 potest
828 1772 1064 1848 quanto
1093 1766 1287 1831 divini
1329 1765 1558 1832 amoris
1586 1765 1726 1848 igne
1756 1771 2001 1827 aestua·

434 1864 618 1930 verit.
648 1862 890 1929 ceteris
919 1884 1070 1930 vero
1096 1864 1438 1930 virtutibus
1468 1863 1555 1928 sic
1584 1861 2001 1934 abundarunt,

439 1970 511 2027 nt
562 1959 850 2027 hortulus
896 1960 1009 2026 ille
1058 1962 1393 2028 conclusus
1434 1960 1662 2024 merito
1704 1958 2003 2022 dicendae

436 2061 607 2133 sint,
638 2080 764 2124 non
788 2060 1053 2125 floribus
1080 2061 1271 2126 modo
1293 2104 1314 2132 ,
1360 2060 1472 2125 sed
1518 2058 1822 2123 fructibus
1849 2075 2002 2137 quo-

436 2176 560 2242 qne
592 2156 973 2222 dulcissimis
1005 2156 1465 2222 refertissimus
1492 2154 1746 2218 honoris
1788 2160 1851 2218 et
1891 2151 2003 2215 ho·

437 2256 705 2320 nestatis
727 2300 743 2317 .
804 2254 1038 2334 Dignae
1095 2263 1430 2337 propterea
1497 2272 1655 2334 quas
1711 2249 2004 2314 caelestis

437 2350 606 2416 idem
641 2358 921 2435 Sponsus
949 2350 1303 2413 divinorum
1335 2349 1777 2415 charismatum
1801 2389 1824 2420 ,
1866 2365 2006 2428 pro·

438 2447 687 2532 phetiae
716 2446 1006 2509 nimirum
1031 2490 1051 2518 ,
1082 2445 1478 2510 discretionis
1507 2444 1874 2528 spirituum,
1904 2462 2005 2506 ec-

438 2552 675 2610 stasnm
730 2541 903 2607 fonte
950 2542 1304 2625 largissimo
1349 2543 1624 2626 rigaret,
1670 2540 2001 2621 rutilisque

438 2634 756 2707 sacrorum
789 2641 1153 2724 Stigmatum
1184 2640 1518 2724 insculptis
1560 2639 1729 2705 notis
1770 2638 1832 2701 in
1877 2657 2009 2702 ma-

435 2737 587 2802 ximi
620 2737 854 2801 amoris
883 2746 1311 2820 argumentum
1336 2737 1606 2820 quodam
1629 2735 1806 2818 quasi
1830 2735 2008 2818 signo

441 2857 559 2901 suo
601 2835 1061 2901 communiret.
1104 2840 1447 2918 Utramque
1487 2833 1739 2898 tandem
1782 2833 1860 2896 ad
1905 2850 2005 2896 ae·

438 2932 729 2998 thereum
759 2930 1101 2997 thalamum
1125 2975 1146 3005 ,
1172 2932 1238 2993 in
1269 2952 1394 3014 quo
1425 2938 1557 2995 Rex
1592 2937 1824 3013 Regum
1856 2926 2004 2992 stel-

440 3029 572 3095 lato
632 3028 813 3093 sedet
871 3026 1042 3093 Solio
1067 3072 1086 3099 ,
1147 3034 1425 3093 evectam
1475 3048 1616 3092 esse
1639 3069 1661 3100 ,
1706 3023 2005 3089 miracula

438 3128 714 3213 ipsarum
748 3132 1015 3191 mortem
1051 3134 1385 3191 consecuta
1435 3126 1586 3190 satis
1634 3130 1851 3207 aperte
1896 3121 2006 3189 de·

444 3230 795 3290 monstrant
819 3269 834 3285 .
867 3223 1202 3306 Reliquum
1234 3224 1427 3308 igitur
1452 3234 1550 3288 est
1579 3242 1797 3295 unum,
1825 3226 2007 3285 BEA-

434 3325 749 3398 fissum
781 3326 1078 3390 PATER.
1110 3328 1178 3384 ut
1208 3322 1377 3403 quod
1421 3322 1500 3385 de
1543 3319 1869 3383 catharina
1902 3325 2008 3383 Se·

440 3419 621 3484 nensi
653 3418 1024 3502 gravissimo
1055 3418 1140 3481 Pii
1174 3418 1438 3483 Secundi
1465 3417 1709 3501 judicio
1733 3414 2007 3482 declara-

443 3523 575 3581 tum
629 3524 766 3587 est,
824 3516 891 3578 id
946 3514 1025 3577 de
1085 3513 1432 3578 Florentina
1477 3514 2003 3597 quemadmodum

441 3614 729 3678 universa
788 3611 1119 3675 christiana
1176 3612 1553 3693 Respublica
1599 3610 2010 3677 vehementer

443 3716 742 3791 exoptat,
774 3707 1099 3773 infallibili
1144 3709 1510 3774 testimonio
1539 3729 1573 3773 a
1604 3713 2009 3773 SANCTITA·

444 3812 545 3872 ΤΕ
575 3810 880 3870 VESTRA
910 3803 1305 3872 declaretur.

450 4000 1002 4064 HYAGINTHUS
1043 4005 1116 4061 de
1165 4000 1476 4061 silvestris
1517 3999 1855 4076 Episcopus
1884 4001 2004 4063 Ne·

720 4103 981 4173 pesam
1011 4108 1069 4159 st
1096 4099 1373 4160 Sutrium
1397 4098 1722 4160 Animas.

460 4339 473 4372 a
506 4325 519 4336 -
578 4285 944 4371 incoeptum
969 4286 1213 4372 iamdiu
1267 4307 1424 4369 opus
1475 4306 1593 4371 per
1632 4287 1847 4372 plures
1888 4296 2011 4353 Ro-

449 4405 668 4451 manos
697 4384 1032 4450 Pontifices
1062 4387 1141 4450 de
1171 4392 1239 4452 B.
1270 4385 1591 4451 catharina
1622 4386 1786 4451 inter
1814 4385 2011 4451 Caeli·

444 4490 544 4547 tes
573 4483 1234 4562 recensenda‚-credo
1284 4484 1579 4548 divinitus
1620 4481 1849 4549 factum
1877 4527 1897 4559 ,
1939 4493 2010 4549 ut

444 4580 890 4674 perficienda*
922 4578 1176 4645 tandem
1220 4580 1283 4643 in
1329 4581 1450 4645 hoc
1496 4590 1744 4665 tempus
1774 4581 2012 4646 recide·

449 4687 588 4748 ret,
650 4698 778 4759 quo
836 4684 925 4741 Tu
982 4676 1329 4742 catholicae
1373 4677 1692 4743 Ecclesiae
1743 4695 2008 4761 praees,

446 4778 909 4839 BEATISSIME
937 4781 1191 4838 PATER
1215 4818 1236 4847 ‚
1264 4775 1443 4859 cujus
1474 4777 1536 4836 in
1563 4774 1738 4840 bisce
1777 4783 2011 4859 pertra-

454 4870 699 4934 ctandis
743 4872 934 4934 rebus
963 4869 1065 4933 diu
1098 4877 1414 4952 noctuque
1456 4872 1734 4943 versati,
1776 4890 1890 4952 pro
1933 4890 2008 4936 ea

444 4971 569 5050 'qua
612 4965 819 5051 polles
861 4969 1123 5034 scientia
1171 4989 1330 5051 pene
1371 4969 1773 5044 incredibili,
1803 4971 2015 5054 explo-

448 5064 832 5128 ratissimum
880 5072 980 5130 est
1010 5065 1323 5150 'judicium
1352 5111 1369 5128 .
1422 5065 1740 5148 Siquidem
1787 5067 1853 5130 in
1897 5067 2010 5134 hae

451 5179 637 5225 causa
663 5160 922 5225 minime
966 5161 1412 5247 ambigendum
1460 5169 1651 5246 puto:
1682 5169 1803 5228 'rot
1843 5164 2009 5229 enim

458 5257 761 5323 virtutum
789 5258 1095 5331 omnium,
1114 5279 1275 5342 quae
1302 5262 1365 5322 in
1395 5260 1787 5326 eminentiori
1818 5263 2012 5346 gradu

452 5353 878 5418 ador-mudum
906 5353 1472 5439 illustrandamque
1498 5356 1821 5441 Virginem
1849 5358 2015 5423 inter

450 5471 595 5515 ¹sese
645 5449 841 5517 veluti
891 5452 1365 5534 conspirarunt,
1390 5464 1643 5536 tamque
1693 5453 2012 5540 praeclara

3369 542 3478 594 271

2103 694 2288 758 nohis
2319 699 2746 763 monumenta,
2779 697 2870 754 tot
2901 691 3153 772 insuper
3181 690 3471 752 Virorum
3501 688 3667 750 Prin·

2106 790 2313 872 cipum
2381 790 2460 853 de
2517 787 2869 852 admirabili
2942 785 3080 870 ejus
3128 785 3257 851 vita
3306 783 3665 848 testimonia

2108 893 2481 969 supersunt,
2536 895 2597 950 et
2650 886 2815 968 quod
2854 884 2996 966 plus
3041 888 3142 947 est
3190 879 3450 964 Philippi
3492 880 3663 944 Nerii

2106 994 2174 1051 et
2234 986 2471 1051 Mariae
2524 982 2926 1068 Bagdalenae
2976 980 3055 1045 de
3103 978 3358 1053 Pazzis,
3401 996 3663 1061 quorum

2111 1082 2419 1150 memoria
2447 1084 2509 1146 in
2537 1081 2978 1146 benedictione
3021 1086 3157 1151 est,
3205 1097 3491 1161 quosque
3528 1096 3667 1158 pro·

2107 1183 2260 1249 inde
2286 1200 2781 1248 commemorare
2801 1180 3089 1252 ‹lecet3nt
3107 1196 3375 1260 aequum
3412 1176 3667 1240 omnino

2106 1290 2429 1364 appareat,
2459 1278 2655 1351 illam,
2684 1278 2878 1342 veluti
2912 1294 3097 1340 unam
3128 1275 3210 1338 de
3237 1292 3498 1338 numero
3527 1294 3668 1358 pru-

2110 1379 2369 1443 dentum
2394 1421 2415 1449 ,
2443 1378 2506 1441 in
2537 1385 2887 1442 sanctarum
2916 1374 3234 1459 virginum
3263 1370 3536 1438 Tabulas
3561 1392 3673 1455 pn-

2112 1475 2281 1542 hlice
2311 1475 2724 1541 venerandam
2756 1471 2979 1537 referri
3004 1519 3020 1534 .

2162 1673 2532 1740 AEomms
2573 1673 2820 1734 hebeni
2865 1672 3207 1745 Episcopus
3261 1666 3622 1742 Atttpaauus

2733 1770 3044 1832 dtamen.

2231 1965 2697 2031 assusatus
2719 1964 2990 2024 aaran.
3015 1963 3140 2023 seu
3168 1965 3364 2020 omns·
3385 1962 3676 2035 Ρορυιω,

2111 2070 2221 2144 qm·
2245 2066 2486 2125 habitat
2509 2067 2679 2122 iutra
2706 2071 2918 2133 portas
2955 2060 3133 2120 Urbis
3152 2101 3173 2131 ,
3212 2054 3376 2119 idest
3408 2055 3676 2119 militan-

2113 2162 2195 2225 tis
2222 2157 2617 2222 Hierusalem
2643 2198 2663 2230 ‚
2692 2156 3081 2218 catharinam
3122 2153 3199 2215 de
3234 2152 3452 2217 Ricciis
3484 2151 3676 2217 fuisse

2109 2256 2362 2322 virtutis
2416 2262 2544 2318 tam
2589 2253 2862 2321 eximiae
2890 2295 2910 2320 ,
2951 2260 3019 2315 ut
3074 2250 3398 2315 Mulierem
3445 2248 3677 2314 fortem

2113 2352 2451 2420 sciscitanti
2472 2352 2721 2417 obviam
2741 2352 2825 2416 sit
2855 2350 3146 2415 Foemina
3175 2347 3468 2419 illustris,
3499 2347 3679 2430 cuius

2111 2453 2404 2517 heroicae
2451 2449 2720 2514 virtutes
2768 2448 3076 2532 plurimae
3132 2445 3448 2526 animique
3497 2447 3679 2509 dotes

2116 2549 2410 2617 excelsae
2438 2550 2598 2613 adeo
2629 2547 2998 2630 placuerunt
3025 2544 3282 2610 caelesti
3314 2550 3578 2623 sponso,
3612 2548 3684 2607 ut

2115 2668 2258 2713 eam
2296 2646 2358 2709 in
2399 2644 2715 2728 propriam
2761 2644 3103 2727 agnoscens
3145 2649 3330 2723 atque
3363 2640 3574 2704 crucis
3616 2650 3683 2708 et

2113 2744 2437 2829 plagarum
2484 2761 2737 2806 suarum
2790 2740 3195 2823 stigmatibus
3236 2739 3626 2822 obsignatam
3654 2782 3679 2815 ,

2114 2838 2462 2905 innumeris
2500 2839 2956 2922 propemodum
3001 2836 3403 2901 cumulaverit
3452 2834 3629 2900 do‘nis
3657 2881 3679 2911 ,

2117 2946 2309 3021 atque
2327 2936 2644 3018 stupendis
2676 2935 2998 2999 miraculis
3022 2941 3119 3000 sat
3149 2933 3488 2998 reddiderit
3508 2954 3683 3014 prae·

2116 3036 2352 3103 claram
2383 3057 2399 3094 =
2443 3039 2700 3115 Oportet
2738 3052 2890 3113 ergo
2914 3076 2935 3106 ,
2959 3039 3028 3096 ut
3063 3051 3176 3117 per
3207 3031 3477 3095 medium
3512 3036 3685 3095 SAN-

2115 3137 2468 3199 chTATIS
2506 3135 2865 3195 VESTRAE
2909 3129 3187 3217 supremi
3216 3125 3536 3194 Ecclesiae
3578 3129 3683 3193 Vi-

2117 3230 2266 3315 gilis
2309 3234 2376 3292 et
2426 3228 2737 3299 Pastoris,
2786 3226 2950 3291 idem
2995 3226 3267 3309 Populus
3319 3245 3478 3288 nunc
3524 3226 3683 3291 sciat

2116 3326 2502 3413 pergrandes
2549 3324 2607 3388 ei
2653 3345 2796 3389 cnm
2852 3325 3093 3388 Sanctis
3142 3324 3435 3389 decretos
3483 3322 3681 3388 fuisse

2113 3426 2434 3495 honores,
2475 3428 2545 3485 ut
2573 3442 2761 3503 quam
2805 3428 2896 3486 tot
2944 3421 3185 3486 meritis
3210 3419 3486 3502 undique
3531 3440 3686 3484 onu-

2120 3530 2278 3586 stam
2304 3563 2326 3591 ,
2354 3519 2707 3599 divinisque
2735 3519 3213 3583 charismatibus
3242 3527 3370 3582 tam
3407 3516 3684 3579 liberali-

2116 3626 2216 3682 ter
2241 3616 2707 3698 locupletatam,
2734 3617 2863 3695 jam
2896 3633 3148 3696 semper
3163 3611 3280 3676 fuit
3312 3612 3680 3688 admiratus,

2117 3711 2490 3779 humillimis
2502 3710 2738 3795 jugiter
2763 3710 3121 3792 frequentet
3142 3708 3490 3790 obsequiis,
3521 3721 3680 3791 quae

2115 3811 2194 3877 ad
2249 3807 2578 3875 calcandas
2633 3807 3019 3874 arctissimas
3072 3806 3366 3870 virtutum
3423 3807 3682 3873 semitas

2113 3909 2475 3973 universum
2501 3904 2767 3971 aliarum
2796 3905 3118 3990 virginum
3141 3908 3400 3969 Coetum
3429 3899 3686 3969 fortiter

2114 4012 2181 4069 et
2207 4003 2488 4070 suaviter
2514 4002 2808 4068 excitent.

2140 4149 2518 4263 Jfimzets
2549 4196 2988 4260 ANTONIUS
3039 4199 3374 4260 Baebetoui
3398 4199 3654 4289 ‘Episco-

2482 4309 2595 4372 pus
2640 4296 2954 4374 Anagniae
2991 4295 3313 4357 Assistens.

2243 4493 2312 4551 ln
2342 4486 2618 4553 lucernis
2647 4487 2843 4563 Tuis3
2882 4494 3131 4552 PATER
3164 4492 3625 4552 BEATtssmss
3654 4530 3676 4558 ,

2120 4586 2383 4673 mystica
2424 4585 2579 4650 haec
2634 4585 2984 4650 Jerusalem
3034 4585 3162 4670 iam
3213 4589 3482 4649 scrutata
3529 4590 3672 4647 este

2116 4687 2347 4748 Beatae
2383 4683 2619 4747 etenim
2662 4682 3019 4748 catharinae
3059 4683 3140 4746 de
3184 4680 3400 4745 Ricciis
3440 4679 3677 4747 nobilis

2120 4780 2395 4862 Virginis
2448 4779 2885 4853 florentinae,
2938 4779 3047 4844 vix
3097 4773 3281 4843 natae
3340 4785 3406 4841 et
3450 4797 3485 4840 a
3544 4784 3676 4843 Deo

2121 4874 2592 4957 praeordinatae
2621 4918 2642 4949 ,
2684 4876 3092 4940 constitutiva
3123 4873 3473 4939 sanctitatis
3497 4872 3677 4956 juxta

2121 4985 2233 5036 eas
2260 5011 2282 5045 ‚
2324 4987 2478 5054 quas
2505 4973 2583 5036 de
2610 4975 3085 5038 canonizatione
3129 4978 3490 5035 Sanctorum
3520 4961 3680 5035 inol'·

2119 5061 2304 5133 fenso
2332 5067 2752 5134 decurrendas
2775 5070 2961 5151 pede,
2983 5066 3233 5131 maximi
3261 5066 3532 5131 nominis
3561 5072 3679 5131 Do·

2121 5172 2260 5229 etot·
2281 5165 2519 5249 jamdiu
2557 5166 3052 5231 absolutissimus
3082 5163 3311 5229 dedisti
3361 5164 3630 5247 Regulas
3657 5203 3677 5236 ,

2123 5263 2213 5326 ita
2233 5261 2491 5343 probata
2523 5272 2798 5338 manent,
2829 5273 2896 5328 ut
2928 5264 3011 5325 nil
3047 5263 3319 5345 supersit
3344 5261 3680 5343 quominus

2123 5375 2235 5431 ea,
2266 5377 2430 5441 quae
2456 5355 2754 5424 hactenus
2783 5368 2870 5425 Te
2899 5367 3169 5424 Auctore
3200 5364 3263 5423 et
3290 5368 3420 5422 tam
3443 5356 3679 5422 claram

2121 5456 2468 5539 praebente
2515 5456 2715 5524 facem
2747 5500 2768 5532 ,
2812 5467 3061 5542 peraeta
3109 5462 3254 5523 suat
3275 5493 3297 5530 ,
3350 5462 3437 5519 ‘re
3488 5455 3680 5521 etia-
