4442 6300
914 416 1022 467 too

1909 414 2117 470 ACTA
2159 414 2816 473 entomzswtoms

720 565 850 622 tem
869 565 932 623 et
955 558 1236 623 omnium
1263 557 1499 643 linguis
1529 558 1847 627 celebrari
1873 557 2288 626 fortissimum
2398 560 2662 674 galatas.
2694 561 2787 625 Ab
2817 561 3073 627 ineunte
3102 558 3206 647 bie
3233 566 3443 629 aetate
3469 555 3837 657 intelligens
3883 577 3954 624 se

721 653 979 718 Esdram
1011 653 1407 738 accepimus,
1439 655 1544 739 qni
1573 656 1826 724 excelsa
1858 666 2048 741 atque
2090 657 2291 724 incre-

721 751 900 815 dibili
947 750 1177 816 virtute
1220 761 1575 836 corruptam
1619 755 1826 841 legem
1874 754 2192 830 correxit,
2223 763 2290 821 et

723 867 960 912 summa
986 848 1174 913 animi
1197 850 1618 933 magnitudine
1643 853 1920 918 dirutum
1951 852 2286 934 Templum

722 946 1120 1012 instauravit.
1152 951 1575 1021 Quamobrem
1609 972 1746 1016 cum
1778 959 2002 1017 Petrus
2031 951 2293 1036 Regale-

719 1048 822 1108 tus
851 1045 1045 1108 sancti
1078 1045 1390 1109 Francisci
1418 1046 1763 1123 Familiam,
1793 1047 1894 1113 cui
1928 1049 2006 1111 ab
2035 1047 2289 1114 ineunte

720 1149 928 1207 aetate
951 1162 1180 1207 nomen
1202 1142 1467 1207 dederat
1484 1145 1547 1207 in
1568 1145 2006 1226 Hispaniarum
2039 1145 2289 1232 Regnis,

718 1240 1045 1305 hominum
1091 1250 1158 1305 et
1203 1251 1556 1325 temporum
1599 1242 1752 1308 vitio
1794 1242 2180 1327 collapsam,
2209 1242 2289 1309 ad

717 1349 1001 1404 veterem
1047 1339 1427 1405 institutoris
1459 1362 1739 1407 normam
1765 1384 1787 1417 ‚
1820 1341 2193 1408 auctoritate
2226 1349 2291 1407 ct

723 1435 1022 1519 exemplo
1064 1457 1364 1502 revocare
1410 1438 1760 1513 studuerit,
1806 1459 2037 1505 censeo
2061 1485 2081 1514 ‚
2113 1444 2294 1505 BEA-

724 1541 1026 1600 'rtssmss
1048 1541 1303 1600 PATER
1326 1580 1347 1609 ,
1392 1536 1553 1601 adeo
1597 1537 1896 1602 invictum
1931 1537 2294 1604 claustralis

731 1632 1102 1716 disciplinae
1121 1634 1592 1709 Restitutorem,
1610 1632 1803 1701 veluti
1828 1635 2120 1702 Familiae
2143 1657 2295 1703 suae

727 1729 1003 1795 alterum
1050 1730 1313 1795 Esdram
1340 1775 1361 1803 ,
1392 1730 1457 1793 in
1486 1731 1798 1797 Caelitum
1844 1753 2109 1798 numero
2155 1741 2300 1816 post

725 1825 881 1891 haec
909 1827 1178 1911 ingentia
1211 1826 1371 1893 tacta
1399 1849 1584 1912 posse
1617 1830 1877 1914 reponi,
1921 1837 1990 1895 ut
2034 1831 2137 1913 qui
2183 1851 2297 1913 pro

728 1924 1128 1990 instauranda
1170 1931 1456 1992 Fratrum
1489 1926 1693 1992 salute
1723 1928 1786 1990 in
1816 1935 1910 1992 tot
1944 1926 2298 2001 laboribus,

731 2021 966 2107 vigiliis
998 2029 1061 2087 et
1090 2021 1388 2109 lacrymis
1418 2025 1791 2099 seminavit,
1837 2034 2094 2109 portans
2137 2043 2299 2091 nunc

734 2129 882 2183 ante
915 2120 1211 2185 thronum
1240 2124 1353 2186 Dei
1390 2121 1745 2206 manipulos
1776 2145 1923 2190 suos
1952 2122 2014 2185 in
2049 2121 2301 2198 Caelis,

738 2227 932 2283 metat
967 2208 1247 2301 palmas,
1280 2226 1343 2284 et
1374 2228 1515 2305 agat
1543 2243 1656 2307 per
1683 2230 1813 2300 Te,
1840 2226 2302 2289 BEATtsst

734 2321 1014 2389 PATER,
1037 2319 1099 2381 in
1117 2318 1310 2384 terris
1339 2319 1417 2384 de
1446 2327 1539 2384 tot
1568 2319 1858 2385 hostibus
1880 2319 2141 2386 devictis
2158 2339 2302 2387 cum

739 2414 1134 2480 exultatione
1164 2415 1549 2500 triumphum
1571 2462 1589 2479 .

741 2610 1081 2674 snvms
1117 2612 1234 2674 Tit.
1262 2612 1322 2674 S.
1360 2612 1602 2673 Priscu
1638 2613 1978 2690 Presbyter
2018 2615 2307 2675 Cardine·

1334 2711 1416 2771 lis
1447 2709 1713 2771 Valenti.

876 2898 1194 2986 Religiosa
1247 2899 1588 2966 Hominum
1647 2898 1929 2967 Instituta
1956 2944 1976 2975 ,
2036 2922 2306 2984 quorum

747 2997 1031 3077 speciosa
1059 2998 1366 3064 varietate
1396 3007 1670 3064 Romana
1708 2997 2053 3084 praefulget
2098 2998 2312 3065 Eccle-

748 3093 841 3160 sia
865 3140 886 3169 ,
914 3115 994 3160 eo
1026 3096 1394 3179 praesertim
1430 3096 1884 3181 approbatione
1930 3104 1994 3161 et
2050 3096 2313 3162 admira-

748 3191 921 3255 tione
954 3213 1068 3256 nos
1098 3204 1462 3277 provocant,
1494 3194 1636 3277 quia
1667 3216 1704 3259 a
1736 3194 2097 3278 purioribus
2121 3202 2316 3259 Evan-

749 3288 937 3374 gelici
966 3292 1388 3373 praeceptoris
1418 3291 1704 3356 consiliis
1733 3291 1994 3375 primam
2028 3295 2216 3378 atque
2246 3313 2318 3356 u·

747 3385 951 3450 nicam
988 3409 1233 3453 morum
1269 3387 1551 3474 regulam
1583 3389 1706 3453 sibi
1735 3389 2140 3466 adsciscunt,
2184 3411 2311 3474 qua

752 3485 959 3548 studia
991 3494 1056 3550 et
1082 3486 1292 3552 officia
1324 3486 1485 3552 adeo
1516 3505 1702 3570 supra
1733 3493 1992 3551 naturae
2023 3486 2192 3550 vires
2243 3507 2313 3553 se

753 3582 1113 3657 extollunt,
1141 3591 1212 3647 ut
1239 3602 1509 3665 praecox
1538 3581 1844 3663 quaedam
1908 3583 2071 3647 inter
2124 3589 2316 3648 terra·

750 3697 893 3744 rum
924 3680 1186 3752 orbem,
1214 3689 1279 3743 et
1311 3678 1568 3745 Caelum
1598 3679 1869 3743 societas
1897 3678 2041 3743 iniri
2075 3689 2142 3744 et
2171 3703 2315 3747 coa·

752 3774 1001 3843 lescere
1026 3776 1330 3840 videatur.
1726 3795 1739 3804 ·

2402 657 2466 721 in
2499 665 2734 723 sortem
2769 658 3016 724 Domini
3047 667 3375 732 vocatum,
3426 666 3500 722 ut
3526 676 3597 722 se
3637 675 3673 720 a
3726 654 3964 737 cupidi·

2400 755 2643 821 tatibus
2671 756 2864 821 seculi
2925 754 3401 822 immaculatum
3460 753 3854 829 custodiret,
3896 753 3962 815 in

2405 852 2739 918 sanctitate
2766 862 2832 918 et
2854 848 3118 936 justitia
3130 851 3210 917 ad
3235 850 3539 947 humilem
3586 849 3805 917 Crucis
3867 869 3965 915 se·

2401 948 2652 1030 quelam
2700 949 2974 1014 animum
3037 920 3346 1027 contulit,
3383 957 3471 1013 et
3526 945 3967 1012 Franciscanac

2399 1046 2695 1112 Familiae
2726 1048 2975 1112 nomine
3005 1047 3197 1120 dato,
3247 1045 3657 1129 asperrimam
3712 1042 3963 1111 vivendi

2403 1146 2712 1209 rationem
2747 1145 2868 1210 sibi
2896 1144 3286 1212 constituens
3305 1187 3328 1219 ,
3358 1151 3531 1209 tanta
3561 1142 3770 1208 cordis
3816 1160 3964 1207 con·

2398 1244 2682 1308 tentione
2739 1242 3153 1327 Evangelicae
3211 1239 3622 1326 perfectionis
3692 1237 3967 1303 stadium

2402 1341 2717 1415 cucurrit,
2744 1351 2817 1406 ut
2846 1341 3282 1407 sanctissimos
3332 1358 3584 1412 mores,
3642 1334 3967 1401 mirabiles

2402 1439 2666 1504 virtutes
2696 1459 2914 1504 omnes
2945 1437 3292 1503 beatissimi
3335 1435 3726 1502 Patriarcbae
3786 1437 3970 1502 Fran·

2405 1535 2553 1602 cisci
2583 1538 2646 1601 in
2676 1557 2745 1603 se
2778 1537 2915 1621 ipso
2943 1535 3202 1601 mirifice
3228 1532 3618 1616 expresserit
3635 1576 3659 1607 ,
3687 1541 3760 1607 et.
3783 1531 3969 1599 abac·

2404 1631 2789 1698 lutissimum
2821 1632 3089 1699 evaserit
3117 1631 3459 1715 exemplar.
3494 1637 3850 1715 congruum
3874 1632 3974 1707 est

2408 1728 2661 1811 itaque,
2693 1729 2896 1811 utqui
2933 1736 3300 1795 Sanctorum
3335 1728 3556 1792 merita
3605 1746 3719 1811 per
3771 1726 3965 1789 virtu·

2395 1835 2506 1913 “tes
2533 1837 2589 1891 et
2624 1827 2951 1912 prodigia,
2982 1827 3124 1912 ejus
3181 1827 3442 1892 nomine
3495 1833 3778 1910 patrata,
3825 1834 3967 1889 tam

2408 1924 2812 1990 laudabiliter
2837 1925 3248 2009 adaequavit,
3285 1925 3507 1990 debita
3561 1945 3598 1988 a
3659 1922 3961 2009 militanti

2410 2021 2692 2087 Ecclesia
2723 2022 2965 2088 Sanctis
2997 2023 3312 2107 praemia,
3346 2030 3609 2088 vestrae
3668 2020 3842 2088 vocis
3895 2027 3975 2086 0-

2407 2117 2624 2184 raculo
2650 2127 3088 2203 consequatur.

2465 2234 2524 2265 1ι-

2414 2277 2832 2341 cunnus
2864 2277 3417 2339 Tit.ss.10annta
3448 2286 3505 2338 ct
3553 2277 3737 2337 Pauli
3784 2276 3978 2337 Pros-

2711 2379 2887 2452 ὀνίαν
2922 2376 3264 2437 cardinalis
3322 2374 3672 2434 Paulatim.

2543 2522 3003 2582 BEArtssmtz
3029 2522 3306 2581 PATER.
3333 2514 3679 2580 perfectam
3738 2535 3814 2580 ac·
3859 2532 3980 2583 un·

2418 2614 2610 2699 dique
2640 2615 2973 2680 sanctitate
3001 2611 3420 2694 refulgentem
3456 2613 3620 2678 vitae
3665 2612 3980 2683 rationem

2423 2732 2458 2777 a
2492 2714 2677 2776 beato
2709 2719 2894 2777 Petro
2921 2708 3222 2794 Regalato
3251 2716 3566 2792 peractam
3592 2707 3743 2770 mibi
3763 2709 3981 2773 animo

2420 2817 2756 2892 menteque
2789 2808 3134 2879 recolenti,
3166 2814 3258 2871 tot
3287 2814 3584 2889 tantaque
3616 2807 3758 2890 ejus
3777 2786 3984 2871 heroi·

2420 2927 2535 2973 cae
2561 2906 2813 2972 virtutis
2844 2926 2983 2971 sese
3014 2904 3287 2969 offerunt
3314 2912 3670 2988 argumenta
3691 2944 3717 2977 ,
3762 2910 3837 2969 ut
3884 2900 3979 2985 ip·
4019 2939 4024 2944 ·

2421 3024 2556 3072 sum
2577 3002 2787 3087 procul
2810 3005 2889 3067 ab
2920 3003 3089 3069 omni
3109 3002 3304 3067 dubio
3330 3007 3692 3067 Sanctorum
3716 2999 3978 3083 dignum

2422 3101 2774 3167 bonoribus
2789 3100 3137 3185 iustissime
3159 3098 3547 3164 existimemz
3572 3103 3805 3180 verum
3833 3096 3986 3179 quia

2426 3220 2550 3267 non
2577 3206 2754 3264 vacat
2782 3218 2856 3263 ea
2888 3217 3046 3262 nunc
3076 3196 3442 3280 singillatim
3495 3193 3735 3260 referre
3755 3238 3776 3270 ,
3836 3195 3985 3259 ideo

2428 3297 2678 3362 omissis
2696 3294 2793 3361 vel
2814 3291 3085 3359 maxima
3101 3292 3211 3357 illa
3234 3290 3636 3364 austeritate,
3657 3310 3782 3374 qua
3804 3309 4014 3376 suum„

2425 3415 2658 3479 corpus
2715 3393 3011 3458 continue
3071 3390 3511 3462 excruciabat,
3563 3385 3670 3452 vel
3727 3387 3990 3453 assidua

2426 3492 2791 3562 caelestium
2822 3487 3393 3578 contemplatiqpe,
3424 3507 3552 3568 qua
3577 3483 3862 3576 spiritum
3893 3504 3991 3550 re-

2424 3589 2721 3664 ficiebat,
2746 3588 2848 3652 vel
2879 3585 3140 3678 suplimi
3173 3583 3285 3650 illa
3315 3582 3708 3658 bumilitate,
3736 3603 3862 3666 qua
3893 3581 3993 3652 sui

2428 3696 2858 3802 contemptum
2887 3686 2949 3748 in
2982 3682 3227 3747 deliciis
3275 3700 3524 3762 semper
3578 3679 3838 3753 habuit,
3894 3685 3994 3750 sat

2429 3793 2527 3852 est
2555 3786 2831 3848 animum
2862 3791 3230 3848 convertere
3258 3778 3336 3842 ad
3364 3779 3740 3842 restitutam
3745 3779 4004 3847 Franci·¹

881 3874 1180 3957 vestigiis
1207 3871 1693 3937 clarissimorum
1722 3871 2005 3937 Virorum
2036 3873 2119 3939 de
2146 3881 2317 3942 tanta
2432 3900 2656 3950 manae
2690 3880 2990 3948 Familiae
3022 3899 3136 3944 suo
3188 3877 3500 3951 consilio,
3556 3896 3756 3959 opera
3804 3883 3996 3959 atque

755 3971 977 4055 agendi
1035 3970 1428 4034 sublimitate
1507 3949 1914 4054 emeritqrum
1982 3971 2319 4040 inhaerens
2432 3980 2727 4064 exemplo
2754 3978 2989 4045 veteris
3017 3976 3283 4058 Institnti
3344 3974 3849 4049 observantiam,
3906 3995 3992 4040 ex

756 4071 983 4136 beatus
1011 4077 1228 4134 Petrus
1258 4065 1634 4152 Regalatus,
1664 4088 1786 4132 non
1833 4067 1966 4134 sine
2025 4071 2316 4138 maximis
2432 4102 2561 4165 quo
2593 4098 2748 4144 sane
2778 4075 2903 4141 ab
2886 4095 3024 4159 ipso
3051 4073 3330 4138 feliciter
3358 4071 3652 4137 absoluto
3706 4092 3900 4155 opere
3929 4093 3998 4138 e·

760 4166 1272 4232 contentionibus
1304 4173 1367 4229 et
1395 4164 1725 4230 laboribus
1786 4163 2217 4231 labefactum
2193 4189 2324 4253 jam

756 4264 877 4329 boc
905 4263 1178 4348 portenti
1204 4284 1404 4348 genus
1449 4262 1513 4324 in
1570 4263 1869 4345 Hispania
1928 4265 2322 4332 instauravit.

760 4362 1019 4447 Dignus
1028 4365 1744 4437 sane,1313A'1·tsstuE
1798 4366 2097 4437 PATER,
2155 4364 2324 4454 quod

759 4458 1059 4545 singulari
1092 4458 1339 4524 colatur
1361 4457 1763 4523 veneratione
1812 4457 1976 4523 iuter
2033 4441 2326 4528 mititatis

760 4557 1087 4623 Ecclesiae
1116 4556 1403 4642 pugiles,
1434 4555 1543 4638 qui
1582 4554 1941 4638 triumphali
1994 4555 2059 4620 in
2116 4561 2327 4626 Patria

763 4655 1030 4721 donatus
1056 4661 1158 4720 est
1184 4671 1436 4719 corona.

765 4854 867 4913 Fr.
897 4850 1054 4912 101
1070 4851 1300 4912 cnm
1314 4851 1405 4910 US
1441 4851 1557 4910 Tit.
1586 4849 1694 4910 SS.
1729 4848 2009 4920 Ωιιαιιιοι·
2061 4851 2327 4918 Cereu-

836 4960 1034 5012 torum
1066 4952 1394 5024 Presbyter
1421 4949 1769 5010 cardinalis
1799 4949 2245 5042 Portocanjoro.

895 5148 987 5205 Ex
1018 5138 1509 5205 foecundissimo
1553 5137 1928 5224 Serapbicae
1982 5121 2354 5231 Religionis

770 5257 925 5321 agro
954 5239 1162 5321 prodit
1193 5256 1271 5300 en
1325 5236 1641 5309 alterum,
1689 5240 2151 5307 BEATISStME
2205 5250 2332 5310 PA-

768 5339 960 5404 TER,
994 5335 1345 5401 Sanctitatis
1370 5354 1629 5420 germen
1660 5336 1880 5400 beatus
1937 5344 2161 5404 Petrus
2218 5350 2330 5408 Re·

2429 4179 2533 4264 jus
2563 4178 2818 4242 enixum
2860 4174 2923 4238 in
2976 4170 3259 4255 religiosi
3313 4170 3657 4240 virtutibus
3711 4168 3994 4246 colendis

2436 4275 2741 4348 studium,
2771 4272 3040 4356 ejusque
3065 4270 3227 4336 vitae
3259 4269 3552 4336 sanctitas
3579 4268 3746 4334 haud
3774 4268 3999 4340 obscu-

2435 4394 2504 4439 re
2564 4369 2968 4455 depromitur.
3026 4372 3310 4449 Cumque
3363 4368 3622 4454 insuper
3673 4365 3995 4432 Altissimo

2433 4470 2741 4556 placuerit
2769 4471 3116 4532 anteactam
3148 4465 3435 4549 ejusdem
3465 4465 3656 4529 vitam
3703 4460 4006 4547 prodigiis

2434 4567 2844 4650 comprobare
2867 4608 2889 4639 ‚
2917 4564 3136 4627 lubeat
3165 4581 3403 4643 quaeso
3454 4561 3640 4626 etiam
3703 4563 4001 4625 SANCTI-

2437 4674 2664 4733 TATIS
2693 4668 3014 4730 VESTRAE
3044 4661 3190 4736 huic
3215 4665 3409 4726 Beato
3458 4665 3825 4736 Sanctorum
3879 4663 4001 4723 He·

2434 4786 2616 4832 roum
2648 4761 2934 4829 cultum
2918 4780 2982 4823 ιιι
3012 4758 3197 4823 terris
3225 4758 3594 4822 decernere.

2448 4909 2821 4976 canotus
2849 4904 3273 4967 ALBERTUS
3336 4903 3452 4962 Tit.
3512 4902 3574 4964 3.
3609 4904 3874 4964 Marias
3931 4907 4004 4967 ds

2531 5011 2688 5071 Pace
2726 5008 3052 5080 Presbyter
3080 5001 3427 5064 Cardianus
3469 4997 3862 5062 Guiiteboaus
3893 5003 4010 5066 Ga·

2522 5106 2814 5204 valchius.

2578 5244 2853 5310 Odorem
2886 5236 3209 5305 suavitatis
3238 5233 3591 5308 dederunt,
3641 5211 4011 5300 BEAiussl-

2445 5349 2561 5410 ME
2598 5346 2890 5412 PATER,
2921 5334 3140 5400 felices
3169 5333 3317 5397 illae
3348 5332 3575 5416 dapum
3610 5329 3960 5414 reliquiae
3941 5353 4005 5397 ιιι
