4442 6300
983 544 1045 602 ss
1977 548 2179 611 ACTA
2219 549 2876 604 CANONIzA'rtoxts

799 707 860 763 et
890 691 1460 762 testificationibus
1490 691 1569 759 ab
1600 691 1821 758 iisdem
1850 694 2353 759 praedecessori·

800 798 917 858 bus
947 793 1177 857 nostris
1209 793 1548 856 Benedirto
1570 834 1592 864 ,
1636 799 1701 854 et
1744 789 2068 855 Clemente
2098 793 2159 853 in
2194 790 2360 855 Basi-

794 893 914 956 lica
944 889 1339 956 Lateranensi
1368 888 1676 972 peractis,
1708 908 1962 970 semper
2002 888 2359 954 celebratae

774 989 1075 1055 —fueruntz
1108 994 1196 1053 Ne
1226 987 1416 1071 igitur
1441 986 1933 1050 commendabili
1954 997 2021 1049 et
2063 989 2359 1070 antiquae

791 1086 1263 1157 consuetudini,
1291 1095 1355 1148 et
1381 1084 1741 1164 praedictae
1772 1084 2104 1148 vaticanae
2137 1085 2354 1149 Basili-

791 1205 903 1249 cae
934 1183 1398 1266 praerogativae
1427 1178 1780 1264 hujusmodi
1812 1202 1892 1245 ex
1942 1187 2008 1244 B.
2062 1182 2358 1249 lobannis

790 1280 1207 1362 Nepomueeni
1263 1279 1741 1342 Canonizatione
1760 1322 1780 1352 ,
1838 1298 1913 1343 ac
1962 1280 2356 1344 venerabilis

793 1379 965 1445 Servi
995 1379 1104 1441 Dei
1140 1376 1370 1440 Fidelis
1398 1397 1433 1441 a
1463 1376 1846 1461 Sigmaringa
1893 1376 2354 1442 Beatiticatione

790 1497 827 1542 a
859 1475 1240 1548 Benedicto;
1270 1493 1384 1538 nec
1414 1493 1538 1537 non
1568 1493 1647 1537 ex
1680 1479 2008 1538 Beatornm
2039 1474 2350 1540 vincentii

791 1574 872 1637 de
916 1568 1162 1643 Paulis,
1206 1578 1273 1633 et
1317 1568 1615 1634 lobannis
1661 1571 1961 1636 Francisci
2013 1571 2235 1653 Regis,
2281 1593 2352 1636 ac

780 1674 1119 1735 Beatarum
1150 1669 1468 1732 Catarinae
1503 1668 1742 1731 Fiesebi
1777 1670 2041 1739 Adurni,
2072 1680 2131 1732 et
2163 1670 2352 1734 Julia-

790 1787 907 1830 nae
934 1765 1330 1830 Falconeriae
1363 1767 1709 1847 respective
1732 1768 2213 1831 Canonizatione
2234 1811 2255 1839 ,
2287 1776 2353 1832 et

789 1863 1178 1928 Venerabilis
1208 1863 1381 1928 Servi
1408 1863 1513 1927 Dei
1543 1865 1796 1945 Josepbi
1822 1885 1854 1928 a
1878 1867 2171 1935 Leonissa
2200 1872 2353 1931 Bea-

783 1960 1125 2027 tifieatione
1156 1984 1191 2026 a
1218 1961 1542 2025 Clemente
1562 1963 2155 2027 praedecessoribus
2178 1984 2356 2045 prae·

785 2060 972 2124 dictis
997 2059 1058 2122 in
1088 2058 1365 2123 Ecclesia
1383 2059 1775 2123 Lateranensi
1805 2060 2153 2125 celebratis
2178 2081 2354 2144 prae·

778 2155 1086 2240 iudicium
1115 2157 1369 2237 aliquod
1399 2156 1738 2227 afferatur,
1787 2158 1900 2221 bac
1949 2167 2156 2223 nostra
2214 2180 2354 2241 per·

781 2264 975 2336 petuo
1000 2255 1264 2317 valitura
1292 2253 1735 2318 constitutione
1766 2266 2045 2319 veterem
2091 2275 2351 2321 consue·

784 2351 1069 2417 tudinem
1098 2372 1170 2415 ac
1199 2353 1624 2437 renerandum
1652 2353 2211 2433 Praedecessorum
2243 2373 2347 2417 no·

783 2457 1057 2515 atrorum
1086 2449 1439 2512 institutum
1463 2491 1483 2520 ,
1518 2455 1978 2531 Decretumque
2012 2448 2346 2514 Alexandri

780 2546 1293 2612 praedecessoris
1348 2544 1655 2626 praedicti
1712 2566 1783 2609 ac
1838 2546 2148 2627 integrum
2209 2546 2349 2629 ejus

778 2654 1064 2711 tenorem
1109 2643 1463 2723 Apostolica
1513 2643 1887 2708 auctoritate
1930 2644 2349 2724 approbantes

779 2742 1222 2808 confirmantes
1250 2750 1316 2805 et
1345 2742 1730 2809 innovantes,
1760 2761 1834 2805 ac
1861 2738 1986 2805 illis
2006 2741 2349 2822 quodcum-

775 2861 897 2923 que
940 2838 1337 2920 Apostolicae
1384 2837 1695 2902 firmitatis
1748 2839 1944 2901 robur
1991 2838 2344 2922 adjicentes

775 2946 951 3003 motu
985 2936 1270 3017 proprio,
1297 2956 1377 2999 ex
1404 2946 1573 3000 certa
1606 2935 1862 3001 scientia
1886 2979 1905 3008 ,
1939 2955 2007 3000 ac
2038 2928 2347 3017 Apostoli·

776 3056 887 3099 eae
915 3035 1242 3116 potestatis
1268 3034 1656 3115 plenitudine
1678 3033 2076 3097 decernimus
2106 3034 2344 3114 praeci·

774 3134 980 3216 pimus
1009 3141 1073 3197 et
1102 3131 1558 3203 constituimus,
1578 3143 1647 3195 ut
1675 3132 1738 3193 in
1770 3138 2088 3215 posterum
2117 3143 2179 3195 et
2206 3152 2347 3212 per-

772 3229 978 3313 petuis
1011 3230 1155 3294 inde
1186 3228 1410 3293 futuris
1441 3227 1832 3309 temporibus
1861 3247 2082 3293 omnes
2113 3236 2175 3291 et
2218 3231 2345 3292 sin·

775 3329 959 3413 gulae
985 3326 1450 3390 venerabilium
1487 3335 1814 3390 Servorum
1859 3335 1926 3390 et
1967 3326 2344 3392 Ancillaruin

770 3427 883 3490 Dei
919 3423 1457 3496 Beatificationes,
1487 3445 1559 3488 ac
1593 3429 1707 3486 Be.
1736 3425 2251 3490 canonizationes
2278 3427 2342 3488 in

772 3525 940 3588 Urbe
972 3531 1180 3588 nostra
1213 3522 1527 3604 praedicta
1559 3541 1674 3602 pro
1703 3529 1985 3604 tempore
2015 3523 2341 3587 celebran-

772 3619 928 3691 dae,
959 3640 1081 3683 non
1111 3621 1174 3682 in
1206 3620 1351 3683 aliis
1382 3639 1566 3702 quam
1594 3620 1674 3682 ¹in
1725 3619 1988 3684 Basilica
2036 3621 2343 3704 Principis

772 3717 1214 3797 Apostolorum
1238 3717 1318 3781 de
1339 3717 1507 3780 Urbe
1527 3717 1838 3797 praedicta
1860 3717 2160 3797 privative
2186 3740 2342 3800 quo·

769 3813 848 3876 ad
892 3812 1168 3894 reliquas
1218 3812 1514 3876 Basilicas
1561 3812 2001 3898 Ecclesiasque
2048 3815 2334 3898 ejusdem

767 3909 959 3990 Urbis
987 3908 1292 3974 celebrari
1325 3911 1576 3973 omnino
1619 3910 1935 3988 debeantg
1985 3920 2177 3995 utque
2231 3918 2339 3977 Ca-

770 4007 1200 4070 nenizationes
1228 4018 1292 4071 et
1320 4007 1823 4072 Beatificationes
1866 4010 1930 4071 iu
1961 4010 2181 4074 eadem
2227 4016 2339 4074 Ec-

769 4102 960 4166 clesia
989 4104 1385 4167 Lateranensi
1421 4124 1452 4164 a
1482 4105 1824 4170 Benedicto
1847 4149 1866 4176 ,
1899 4116 1966 4170 et
2012 4104 2334 4171 Clemente

770 4199 1365 4264 Praedecessoribus
1396 4202 1728 4283 praedictis
1747 4244 1767 4271 ,
1818 4211 1885 4265 ut
1939 4202 2292 4285 praefertur
2313 4250 2333 4281 ‚

768 4305 1056 4380 peractae
1085 4296 1258 4361 nullo
1288 4318 1559 4380 unquam
1594 4307 1877 4381 tempore
1904 4344 1925 4379 ,
1959 4301 2218 4381 perinde
2261 4321 2336 4368 ac

768 4393 822 4459 si
851 4395 912 4455 in
941 4417 1015 4460 ea
1043 4394 1398 4460 celebratae
1429 4416 1548 4460 non
1580 4395 1866 4467 fuissent,
1890 4399 2334 4481 praejudicium

765 4489 1021 4573 aliquod
1051 4494 1307 4575 antiquo
1338 4496 1623 4558 instituto
1651 4505 1714 4557 et
1756 4496 2085 4560 vaticanae
2117 4498 2334 4574 Basili-

768 4610 883 4653 cae
939 4594 1409 4674 praerogativae
1467 4594 1690 4657 afferre
1743 4591 2029 4658 valeant.
2076 4602 2338 4678 Insuper

764 4685 1057 4767 quoniam
1087 4689 1168 4750 ab
1197 4688 1420 4751 eodem
1457 4688 1806 4753 Alexandro
1838 4691 2329 4756 praedecessore

761 4790 976 4847 nostro
1006 4805 1205 4866 usque
1235 4787 1313 4848 ab
1332 4805 1494 4849 anno
1522 4791 1700 4852 1659.
1724 4786 1989 4851 alterum
2021 4791 2335 4854 emanavit

765 4887 1098 4946 Decretum
1131 4903 1320 4963 super
1344 4885 1809 4948 contributione
1836 4892 1961 4949 tam
2015 4886 2079 4947 in
2130 4889 2336 4950 Beati·

763 4976 1159 5048 ficationibus
1188 5001 1372 5061 quam
1406 4980 1465 5042 in
1496 4982 2079 5046 canonizationibus
2121 4983 2333 5047 farore

2472 695 2598 770 sit,
2637 716 2795 779 quae
2839 698 2919 761 ab
2967 698 3103 778 ipso
3134 697 3485 761 Alexandro
3536 686 4028 769 praedecessore

2470 793 2718 858 decreta
2750 801 2926 867 sunt,
2954 815 3171 858 rursus
3199 796 3595 862 decernimus
3624 807 3685 863 et
3711 803 4033 866 eonstitui-

2473 908 2633 964 mus;
2663 901 2727 955 et
2760 892 2820 953 in
2852 893 3126 957 futurum
3159 894 3237 955 ab
3268 894 3560 958 omnibus
3584 896 4035 964 inviolabiliter

2457 988 2786 1054 observari
2812 989 3099 1054 volumus
3127 999 3191 1053 et
3220 993 3601 1075 mandamus.

2593 1090 2964 1152 praesentes
2994 1109 3241 1169 quoque
3273 1108 3350 1151 ex
3383 1109 3460 1152 eo
3503 1092 3671 1172 quod
3722 1093 4029 1157 interesse

2465 1184 2542 1246 ad
2572 1184 2914 1264 praemissa
2945 1184 3246 1249 habentes
3273 1188 3348 1249 ad
3371 1188 3485 1250 hoc
3508 1190 3718 1252 vocati·
3741 1198 3804 1251 et
3835 1190 4032 1253 auditi

2467 1299 2590 1345 non
2620 1279 2849 1346 fuerint
2870 1326 2888 1353 ,
2935 1290 3041 1344 aut
3087 1301 3166 1345 ex
3218 1283 3336 1347 alia
3383 1286 3600 1365 quasis
3647 1286 3915 1370 juridica
3966 1293 4032 1348 et

2466 1377 2768 1463 legitima,
2794 1382 2983 1444 etiam
3019 1381 3373 1443 necessario
3394 1382 3797 1463 exprimenda
3821 1404 4029 1457 causa,

2463 1475 2561 1539 vel
2592 1496 2984 1559 quocumque
3015 1486 3340 1558 praetextu
3387 1479 3468 1543 dc,
3510 1478 3869 1544 intentionis
3926 1502 4032 1544 no·

2462 1580 2759 1637 straeaut
2789 1573 2914 1636 alio
2943 1573 3163 1655 quovis
3192 1572 3446 1648 delectu
3479 1578 3680 1638 notari
3708 1577 3806 1640 vel
3837 1578 4033 1657 impu·

2462 1671 2639 1754 gnari
2672 1671 2843 1754 nullo
2872 1692 3138 1753 unquam
3169 1679 3456 1753 tempore
3487 1693 3695 1753 posse,
3716 1676 3824 1738 sed
3860 1695 4026 1737 sem-

2462 1789 2574 1850 per
2601 1766 2809 1832 flrmas
2834 1769 3070 1832 validas
3100 1775 3165 1831 et
3194 1768 3474 1834 efficaces
3504 1770 3636 1834 fore
3658 1816 3679 1845 ‚
3710 1781 3775 1835 et
3802 1794 3941 1837 esse
3968 1819 3982 1835 .

2586 1868 2810 1948 sicque
2837 1875 2900 1939 et
2931 1886 3054 1930 non
3080 1866 3234 1930 alias
3263 1887 3378 1949 per
3403 1861 3834 1952 quoscumque
3860 1871 4034 1948 ludi·

2462 1972 2569 2027 ces'
2596 1964 2781 2028 etiam
2813 1968 3148 2027 Causarum
3191 1964 3406 2029 Palatii
3453 1966 3792 2048 Apostolici
3842 1966 4030 2032 Audi·

2463 2067 2679 2131 tores,
2725 2080 2797 2124 ac
2828 2067 2886 2123 S.
2919 2068 2987 2124 R.
3023 2068 3090 2125 E.
3123 2062 3524 2131 Cardinales,
3578 2084 3648 2127 ac
3699 2085 4030 2146 quoscum·

2461 2174 2586 2238 que
2619 2156 2780 2219 alios
2830 2157 3085 2220 ¹ludices
3130 2179 3520 2241 quacumque
3562 2143 3883 2242 judicandi
3934 2163 4027 2225 fa·

2459 2253 2691 2327 cultate
2721 2254 3010 2318 suffultos
3035 2255 3300 2338 judicari
3342 2265 3406 2320 et
3455 2256 3700 2320 definiri
3750 2260 4030 2334 debere;

2460 2353 2704 2418 sublata
2737 2352 2829 2416 eis
2858 2360 2921 2416 et
2952 2372 3168 2417 eorum
3192 2353 3454 2418 cuilibet
3484 2355 3702 2437 quavis
3729 2354 3913 2419 aliter
3934 2356 4033 2441 ju·

2459 2450 2705 2515 dicandi
2734 2459 2793 2513 et
2825 2451 3271 2531 interpretandi
3304 2450 3601 2516 facultate
3648 2460 3710 2514 et
3763 2454 4028 2517 anctori-

2457 2554 2619 2622 tate3
2647 2547 2892 2609 irritum
2924 2567 3174 2630 quoque
3208 2558 3272 2610 et
3305 2548 3483 2612 inane
3515 2548 3821 2631 quidquid
3849 2571 4030 2615 secus

2458 2665 2649 2727 super
2677 2645 2774 2709 bis
2801 2665 2833 2708 a
2863 2664 3175 2726 quoquam
3196 2646 3412 2726 quavis
3432 2646 3807 2710 auctoritate
3831 2647 4030 2712 scien·

2459 2749 2557 2805 ter
2582 2740 2680 2805 vel
2710 2740 3068 2825 ignoranter
3096 2741 3428 2825 contigerit
3456 2744 3790 2809 attentari-¹

2554 2842 2688 2901 Non
2712 2837 3715 2911 obstantibusCanonizationibus
3739 2849 3803 2907 et
3826 2839 4030 2905 Beati-

2455 2933 2851 3000 fication‘ibus
2878 2935 2938 2996 in
2958 2936 3270 3022 praedicta
3301 2936 3583 3002 Ecclesia
3604 2940 4026 3009 Laterauensi,

2455 3038 2524 3093 ut
2546 3030 2919 3114 praefertur,
2939 3031 3295 3105 celebratis,
3317 3053 3390 3097 ac
3417 3045 3669 3099 nestrae
3685 3044 3754 3103 et
3778 3035 4028 3100 Cancel-

2452 3128 3063 3210 lariaeatpostolicae
3086 3129 3297 3212 regula
3330 3130 3410 3196 de
3438 3130 3576 3215 jure
3599 3131 3880 3215 quaesito
3903 3152 4024 3196 non

2457 3217 2778 3299 tollend05
2810 3246 2925 3290 nec
2957 3244 3078 3289 non
3110 3219 3667 3309 constitutionibus
3692 3272 3708 3298 2
3742 3239 3808 3293 et
3850 3230 4020 3293 ordi·
4125 3263 4136 3282 ι

2454 3322 2805 3387 nationibus
2840 3323 3215 3404 apostolicis
3239 3369 3260 3398 ,
3292 3327 3343 3389 si
3379 3347 3541 3406 quae
3593 3327 3806 3390 contra
3854 3328 4023 3390 litte-

2452 3441 2654 3484 rarum
2689 3431 3039 3484 nostrarum
3073 3421 3433 3504 hujusmodi
3477 3434 3757 3488 tenorem
3813 3424 4024 3488 editae

2450 3518 2762 3590 existant,
2797 3516 3047 3581 statutis
3073 3562 3093 3590 ,
3137 3519 3735 3591 consuetudinibus,
3776 3521 4025 3602 privile·

2451 3615 2570 3699 giis
2613 3636 2862 3699 quoque
2895 3624 2958 3677 et
2986 3615 3250 3684 indultis
3275 3659 3296 3689 ,
3326 3614 3457 3679 illis
3488 3615 3644 3680 alias
3676 3618 3738 3678 in
3768 3637 3884 3680 suo
3927 3636 4024 3682 ro-

2450 3711 2604 3775 bore
2634 3711 3091 3793 permansuris,
3123 3711 3235 3774 bac
3266 3712 3405 3775 vice
3436 3712 3758 3776 dumtaxat
3789 3714 4023 3794 specia-

2449 3806 2599 3873 liter
2640 3816 2701 3871 et
2732 3830 3032 3893 expresse
3063 3810 3432 3894 derogamus
3457 3852 3478 3883 ,
3526 3831 3598 3873 ac
3649 3809 4018 3894 derogatum

2448 3925 2590 3970 esse
2618 3905 2904 3970 volumus
2934 3907 3260 3970 contrariis
3289 3907 3820 3988 quibuscumque.

2573 4004 2739 4069 Nulli
2766 4026 2917 4089 ergo
2955 4006 3203 4069 omnlno
3253 4004 3572 4069 hominum
3627 4006 3814 4069 liceat
3862 4006 4018 4070 hanc

2446 4102 2728 4186 paginam
2761 4103 2956 4167 nostri
2990 4103 3266 4174 Decreti,
3319 4104 3532 4167 statuti
3557 4145 3577 4175 ,
3627 4103 4020 4167 constitutio·

2448 4202 2545 4266 nis
2569 4246 2589 4275 ,
2617 4200 3118 4266 confirmationis
3142 4244 3162 4273 ,
3193 4201 3620 4286 derogationis
3644 4246 3662 4273 ,
3708 4210 3771 4264 et
3801 4199 4016 4264 volun·

2450 4301 2597 4363 tatis
2626 4299 3014 4380 intringere,
3046 4296 3142 4361 vel
3174 4299 3232 4361 ei
3279 4319 3429 4361 ausu
3484 4298 3829 4362 temerario
3875 4317 4018 4362 con·

2442 4397 2670 4460 traire:
2704 4395 2763 4458 Si
2793 4396 2934 4476 quis
2966 4399 3172 4456 autem
3218 4392 3334 4456 hoc
3365 4401 3673 4458 attentare
3703 4413 4018 4474 praesum-

2442 4494 2676 4576 pserit,
2709 4491 3199 4574 indignationem
3247 4490 3690 4570 omnipotentis
3753 4491 3899 4564 Dei,
3943 4511 4018 4555 ac

2444 4592 2770 4654 beatorum
2805 4587 2967 4651 Petri
2996 4596 3059 4650 et
3092 4586 3259 4649 Pauli
3290 4587 3732 4668 Apostolorum
3765 4588 3901 4671 ejus
3945 4610 4013 4653 se

2444 4687 2689 4753 noverit
2719 4689 3129 4748 incursurum.
3165 4690 3382 4747 Datum
3419 4694 3649 4749 Romae
3678 4687 3836 4769 apud
3869 4693 4015 4751 San·

2442 4787 2604 4850 ctam
2637 4783 2889 4847 Mariam
2921 4783 3216 4865 majorem
3263 4801 3426 4846 nono
3467 4782 3595 4846 Cal.
3637 4784 4013 4850 Decembris

2446 4889 2617 4944 Anno
2647 4878 3083 4942 incarnationis
3112 4879 3468 4942 Dominicae
3502 4878 3841 4943 millesimo
3872 4903 4011 4962 sep·

2444 4978 2865 5059 tingentisimo
2888 4977 3367 5059 quadragesimo
3385 4979 3582 5058 primo
3610 4977 4009 5042 pontificatus

764 5077 1023 5140 Sacrarii
1049 5077 1337 5159 ejusdem
1369 5078 1674 5143 Basilicae
1719 5078 2043 5156 facienda}
2085 5081 2251 5162 qued
2298 5101 2332 5144 a
2447 5076 2642 5139 nostri
2674 5074 2847 5137 Αἠηο
2877 5075 3177 5139 Secundo.

762 5172 957 5236 Nobis
994 5172 1056 5234 in
1087 5175 1405 5255 praedicto
1434 5182 1632 5239 Temo
1663 5175 1862 5257 primo
1894 5176 2105 5257 operis
2133 5177 2329 5260 nostri

763 5268 845 5330 de
880 5275 1208 5335 Beatorum
1237 5272 1715 5337 Canonizatione
1744 5273 2013 5338 relatum
2044 5281 2165 5346 est,
2197 5294 2328 5337 mo·
2381 5275 2382 5278 ’

765 5374 831 5429 tu
854 5408 874 5438 ,
905 5366 1203 5441 scientia,
1235 5379 1301 5433 et
1334 5378 1645 5452 potestate
1678 5370 1869 5434 simili
1900 5370 2058 5434 illud
2109 5391 2328 5455 appro-

759 5460 1025 5538 bamus,
1056 5474 1122 5530 et
1169 5467 1657 5544 confirmamus,
1704 5476 1768 5533 et
1815 5477 2120 5552 quatenus
2171 5489 2326 5552 opus

3196 5179 3264 5234 t).
3298 5170 3534 5237 cardin.
3575 5171 3963 5237 Passion'eus.

2443 5271 2589 5335 Visa
2636 5272 2714 5335 ‹le
2762 5271 2941 5334 Curia
3115 5318 3187 5374 x·
3216 5309 3678 5375 smmum-3113,

2447 5375 2516 5434 N.
2553 5367 2940 5433 Antonellus.

3365 5469 3409 5525 1.
3441 5467 3506 5524 Β.
3541 5462 3876 5546 Eugenius.
