4442 6300
1054 498 1165 549 2¹6

872 640 1123 704 tandem
1142 638 1321 723 juxta
1346 641 1551 705 Ritum
1580 643 1755 709 Sedis
1779 647 2180 729 Apostolicae
2210 650 2450 736 gloriae

871 757 1159 802 coronam
1192 738 1358 802 inter
1386 738 1643 805 sanctos
1674 744 1939 829 recipiat
1967 745 2032 809 iu
2065 749 2256 812 terris
2276 795 2292 811 .

903 907 1473 1000 mathomum
1504 941 1565 1001 s.
1596 941 1809 1016 Anyen·
1838 946 1903 1000 ιη
1938 946 2098 1003 roro
2150 946 2420 1007 nnciam
2473 1022 2478 1025 Α

1122 1037 1433 1097 Diaconns
1464 1038 1809 1100 Cardia-alis
1855 1031 2149 1103 Columna
2171 1088 2187 1103 .
2214 1116 2219 1123 ⁴

994 1227 1327 1292 Neminem
1375 1248 1520 1295 esse
1563 1239 1760 1315 puto,
1804 1237 2266 1298 Bsssrtssmss
2315 1242 2442 1300 ΡΑ·-

870 1330 1068 1399 TER,

861 1422 1124 1488 virtutes
1154 1426 1443 1510 egregias
1471 1428 1859 1499 admiretur,
1909 1429 2161 1511 sibique
2194 1437 2440 1514 tempe·-

864 1540 1005 1584 rare
1052 1523 1292 1602 possit,
1337 1542 1413 1586 ne
1460 1525 1712 1588 beatum
1773 1533 2023 1589 Petrum
2074 1521 2436 1611 Regalatum

864 1639 942 1682 ex
992 1620 1213 1683 eodem
1266 1620 1575 1685 Minoi-um
1626 1624 1861 1688 Ordine
1892 1644 2112 1708 magna
2144 1626 2337 1688 etia'm
2372 1634 2438 1693 et

864 1708 1277 1782 admiratione
1296 1739 1367 1783 ac
1380 1720 1792 1791 veneratione
1810 1730 2245 1805 prosequatur.
2259 1730 2435 1788 Uter-

866 1832 989 1896 que
1022 1832 1143 1878 non
1177 1822 1360 1893 quasi
1387 1821 1456 1877 in
1484 1822 1777 1881 &noenum
1801 1839 2069 1892 camna,
2100 1832 2435 1887 aeranem

814 1922 821 1931 “
862 1918 1198 1976 verberans
1222 1913 1549 1997 castigavit
1581 1934 1808 1997 corpus
1839 1937 2015 1980 suum
2050 1924 2112 1984 et
2145 1919 2208 1980 in
2241 1922 2435 1982 servi-
2453 1964 2458 1971 -

862 2002 1395 2094 tutem‘redegit,
1443 2028 1563 2076 non
1605 2011 1670 2074 in
1717 2003 1845 2077 alio
1888 2014 2196 2099 gloriatus
2226 2016 2342 2078 nisi
2367 2016 2430 2088 in

863 2111 1065 2173 Cruce
1094 2109 1364 2171 Domini.
1384 2116 1662 2193 Uterque
1692 2109 1931 2194 pauper
1965 2115 2206 2195 spirim,
2230 2115 2431 2180 sciens

859 2204 1079 2268 borum
1122 2224 1267 2270 esse
1315 2214 1589 2292 Regnum
1623 2210 1983 2284 caelorum,
2025 2223 2170 2294 post
2213 2230 2428 2276 aurum

857 2305 984 2365 'non
1015 2303 1214 2379 abiit3
1249 2324 1362 2369 eos
1391 2314 1656 2390 uterque
1686 2308 2042 2373 Thesauros
2068 2294 2428 2394 ‘sapientiae

858 2412 933 2462 ‘ac
963 2401 1269 2466 scientiae
1300 2402 1411 2466 Dei
1443 2406 1628 2468 unice
1658 2406 1887 2469 amavit
1915 2449 1935 2479 ,
1981 2427 2141 2488 quos
2169 2409 2229 2469 in
2260 2408 2430 2471 chri»

856 2506 957 2562 sto
981 2499 1376 2564 abscondidit
1409 2508 1740 2565 Patet-*non
1774 2502 2158 2583 sapientibus
2190 2525 2262 2568 ac
2287 2512 2428 2587 ιιι-ιῖ-

859 2595 1153 2685 dentibus
1180 2597 1470 2662 revelans
1491 2641 1511 2671 ‚
1543 2599 1653 2663 sed
1689 2600 1983 2681 parvulis,
2013 2606 2292 2685 Uterque
2331 2608 2424 2683 fe·

853 2707 985 2756 ctas
1019 2716 1056 2758 a
1089 2698 1212 2759 Deo
1253 2701 1545 2759 Minister
1566 2704 1711 2759 novi
1745 2703 2118 2763 Testamenti
2155 2712 2281 2762 non
2323 2705 2425 2763 m-

852 2806 1025 2866 tera,
1072 2800 1174 2856 sed
1211 2800 1435 2871 spiritu
1480 2795 1835 2880 Religiosos
1882 2796 2066 2862 Viros
2114 2798 2421 2880 exemplis

855 2892 1266 2957 sanctissimis
1298 2893 1654 2957 informavit
1675 2938 1695 2968 ,
1730 2894 1849 2980 pisi
1885 2898 2050 2978 quod
2080 2897 2420 2971 charitatis,

847 2986 1224 3054 humilitatis
1246 3034 1267 3064 ‚
1324 2987 1704 3072 paupertatis
1725 3036 1745 3065 ,
1805 2994 2238 3078 abnegationis
2297 3001 2425 3059 stu·

848 3084 1024 3149 dium
1059 3086 1122 3162 in
1154 3088 1447 3153 Ordinem
1491 3089 1805 3154 Minorum
1850 3092 2211 3158 Franciscus
2253 3092 2420 3155 inve-

846 3184 983 3259 xit,
1014 3191 1235 3250 Petrus
1265 3187 1535 3251 restituit
1561 3236 1578 3252 .
1622 3187 2007 3271 Quamquam
2044 3207 2177 3253 non
2222 3187 2304 3254 iis
2348 3183 2417 3254 se

848 3284 1153 3368 angustiis
1183 3286 1523 3350 coarctavit
1553 3288 1716 3351 Pet‘ri
1746 3287 1945 3352 virtus
1965 3325 1984 3360 .
2031 3294 2121 3351 ut·
2144 3288 2241 3351 sui
2287 3297 2418 3351 tau-

844 3389 977 3458 tum
1011 3383 1261 3447 Ordinis
1292 3384 1460 3448 bono
1488 3384 1874 3458 consuleret,
1906 3386 2275 3460 sanctissimi
2306 3393 2415 3450 Pa·

844 3477 1155 3546 triarchas
1202 3481 1296 3544 sui
1342 3481 1620 3565 vestigiis
1673 3481 1970 3547 insistens
2015 3491 2207 3566 opere
2249 3503 2417 3547 com·

844 3579 1131 3664 probavit
1148 3586 1338 3643 latum
1356 3573 1538 3641 nimis
1558 3597 1680 3642 esse
1703 3586 2017 3644 charitatis
2031 3590 2411 3661 mandatum,
2429 3627 2446 3659 ,-

847 3677 1012 3757 quod
1047 3679 1263 3741 omnes
1285 3676 1749 3759 complectatur
1771 3722 1790 3750 ,
1836 3698 1872 3740 a
1914 3677 2081 3741 vitiis
2114 3685 2272 3761 quos
2305 3701 2413 3763 po.

841 3781 968 3836 test
1001 3773 1326 3835 deterrens
1352 3815 1371 3843 ,
1414 3773 1493 3836 ad
1538 3793 1745 3837 mores
1776 3773 2155 3840 Christianos
2186 3776 2412 3859 dignos

844 3867 1165 3943 alliciens,
1198 3868 1408 3946 nullos
1436 3870 1828 3962 praeteriens
1860 3872 1993 3935 sive'
2014 3875 2410 3940 Nosocomiis

845 3965 1158 4037 detentos,
1192 3965 1327 4029 sive
1357 3957 1732 4030 carceribus
1765 3968 2063 4043 inclusos,
2097 3970 2232 4033 sive
2258 3977 2412 4033 Tur·

844 4082 1054 4126 carum
1086 4062 1448 4142 captivitate
1478 4082 1769 4145 pressos,
1802 4063 2042 4150 magnis
2071 4069 2292 4160 utique
2323 4066 2411 4131 la·

841 4157 1104 4223 boribus
1149 4158 1518 4233 exantlatis,
1554 4161 1639 4224 ita
1674 4164 1881 4226 tamen
1925 4169 2023 4228 u‘t
2038 4165 2217 4228 sicut
2233 4164 2406 4230 irreo

840 4261 1235 4319 abundabant
1257 4261 1569 4333 passiones
1603 4263 1847 4334 Christi,
1864 4257 1968 4323 ita
1999 4267 2061 4324 et
2092 4263 2206 4343 per
2236 4266 2406 4323 Chri

841 4366 1002 4416 stum
1030 4361 1097 4416 in
1128 4376 1194 4417 eo
1225 4361 1560 4417 consolatio
1590 4357 1946 4420 abundaret.
1976 4358 2132 4433 Quid
2164 4365 2261 4421 est
2295 4358 2408 4422 ita‘-

838 4472 963 4532 que
994 4452 1160 4532 quod
1193 4451 1460 4516 ulterius
1491 4453 1918 4536 requiramus,
1941 4459 2402 4526 Bssntsstuss

837 4547 1138 4621 PATER,
1183 4559 1246 4613 ut
1293 4557 1657 4614 Sanctorum
1704 4571 1965 4616 numero
2001 4561 2408 4618 accenseatur

836 4645 1061 4710 beatus
1090 4649 1359 4710 Petrus?
1384 4654 1474 4711 lta
1503 4648 1707 4730 plane
1714 4648 1827 4713 fiet
1855 4656 1927 4712 ut
1956 4668 2115 4713 uuus
2145 4650 2402 4713 Canoni-

836 4743 1100 4808 zationis
1129 4745 1330 4807 honor
1358 4763 1478 4808 non
1512 4746 1701 4809 modo
1729 4751 1799 4808 B.
1810 4745 2130 4819 Petrum,
2174 4746 2286 4809 sed
2336 4756 2402 4810 et

837 4841 1302 4928 sanctissimum
1348 4841 1761 4908 patriarcham
1798 4845 2198 4909 franciscum
2231 4863 2401 4912 com·

833 4935 1131 5014 mendet3
1178 4940 1357 5022 cujus
1403 4940 1735 5004 imitationi
1781 4945 2111 5023 tantopere
2158 4943 2400 5005 studuit

828 5021 1091 5122 magnus
1120 5036 1224 5099 hic
1255 5036 1568 5119 seraphici
1600 5038 1851 5102 Ordinis
1881 5038 2200 5103 Alumnust
2235 5031 2394 5104 Vere

831 5134 1146 5216 siquidem
1191 5140 1461 5198 testatur
1502 5132 1839 5210 Salomon,
1878 5134 2161 5203 Gloriam
2190 5137 2396 5202 Patris

831 5250 973 5318 esse
1000 5229 1199 5310 filium
1232 5219 1580 5313 sapientem
1605 5274 1619 5289 .

942 5426 1024 5499 (a)
1059 5425 1271 5481 Psalm.
1300 5421 1392 5480 83.
1420 5426 1474 5480 ’1.-
1517 5424 1609 5499 (b)
1634 5423 1836 5481 naeth.
1868 5425 1919 5480 8.
1952 5426 2037 5481 19.

1112 1327 1218 1408 qui
1266 1329 1646 1392 sanctissimi
1697 1326 2082 1394 Patri-urenae
2132 1333 2441 1398 Francisci

2087 500 2292 558 ACTA
2331 504 3006 566 CAROleA'HONiS·
3057 532 3082 551 -·

2626 630 3092 721 ›osaea-MA
3109 660 3239 723 nu
3277 662 3524 728 ren-0222·
3551 669 4053 752 Arehc‘eptseopu'ae

2951 761 3365 830 Damascum
3391 765 3716 829 assistam.-
3813 782 3817 787 ·

2683 949 3102 1017 Admirabiles
3131 953 3314 1036 plane
3343 958 3422 1030 ad
3465 965 3659 1023 Deum
3724 965 4127 1031 ascensiones

2551 1044 2613 1106 in
2642 1047 2834 1111 corde
2860 1070 2972 1123 suo
2992 1049 3380 1131 disposuitB.
3411 1062 3626 1121 Petrus
3655 1059 3986 1140 Regalatus
4010 1061 4124 1147 (a).

2525 1138 2685 1208 Non
2717 1134 2921 1208 solum
2958 1147 3091 1228 ipse
3123 1169 3235 1230 per
3262 1159 3557 1234 asperum
3593 1155 3764 1241 vitae
3819 1178 4015 1239 genus
4045 1161 4124 1224 ad

2553 1242 2911 1308 sanctitatis
2941 1245 3181 1333 apicem
3217 1249 3551 1339 pervenire
3580 1254 3959 1328 contendit,
4007 1256 4120 1321 sed

2552 1326 2844 1404 omnibus
2874 1343 3082 1404 omnia
3115 1343 3336 1415 factus,
3358 1351 3486 1407 tam
3511 1347 3907 1416 domesticos
3932 1358 4117 1434 quam

2549 1447 2886 1501 extraneos
2914 1439 3164 1505 Christo
3191 1439 3574 1508 lucrifacere
3593 1448 3873 1511 studuit.
3905 1450 4043 1513 De'
4026 1470 4117 1513 ιιι-

2547 1531 2716 1619 clyto
2745 1534 2940 1616 igitur
2970 1538 3204 1600 Ordine
3224 1546 3292 1603 ac
3317 1540 3397 1603 d‘e
3420 1526 3707 1606 Ecclesia
3730 1546 3967 1625 optime
3989 1567 4118 1609 me-

2547 1629 2751 1704 ritus,
2782 1633 2927 1713 qnia
2957 1618 3107 1699 fecit
3138 1644 3204 1698 et
3211 1636 3476 1711 docuit,
3508 1659 3773 1725 maguus
3790 1641 3857 1703 in
3889 1645 4113 1711 ead'em

2544 1728 2828 1846 Ecclesia
2855 1739 3116 1794 vocetur
3141 1729 3268 1817 (b).

2542 1922 2639 1983 Fr.
2670 1924 3142 2043 ANTONINUS
3176 1932 3469 1991 Camarda
3503 1925 3856 2010 Episcopus
3903 1934 4110 1997 {teati-

3018 2046 3024 2067 1
3081 2042 3217 2092 nus
3245 2029 3588 2095 Assistcns„

2659 2218 3119 2291 BEATISStME
3162 2225 3439 2284 PATER.
3499 2225 3634 2285 Non
3691 2220 3936 2306 hospes
3991 2242 4107 2288 aec

2536 2308 2772 2376 a'dvena
2803 2313 3142 2378 videbatur
3167 2314 3228 2375 iu
3257 2316 3442 2380 terris
3475 2317 3701 2382 beatus
3732 2314 3961 2403 Petrus
3989 2326 4103 2382 Re·

2537 2405 2779 2489 galatos
2801 2410 3150 2481 ‚sed‘civis
3184 2418 3546 2477 Sanctorum
3582 2420 3670 2477 et.
3705 2415 4094 2480 domesticus

2489 2502 2687 2576 Dei,
2720 2523 2870 2570 cum
2896 2508 3138 2589 nonnisi
3173 2529 3392 2591 sapere
3424 2510 3710 2573 studeret
3747 2532 3921 2594 quae
3976 2532 4104 2576 sur-

2534 2623 2674 2667 sum
2705 2611 2885 2678 sunt,
2911 2622 3041 2673 non
3070 2626 3236 2691 quae
3263 2627 3450 2688 super
3482 2617 3740 2701 terram.
3775 2610 3929 2675 Hinc
3967 2608 4099 2672 inti-

2529 2699 2702 2767 nitos
2729 2694 3074 2782 sapienliae
3101 2710 3167 2765 et
3225 2702 3521 2768 scientiae
3583 2706 3693 2769 Dei
3721 2691 4089 2771 thesauros

2531 2797 2778 2862 assidua
2821 2786 3355 2883 contemplatione
3413 2800 3868 2889 promulgans,
3929 2810 4096 2868 totus

2530 2888 2750 2985 divino
2775 2895 2888 2961 illo
2915 2899 3244 2963 aestuabat
3272 2897 3464 2981 igne.
3497 2918 3687 2980 quem
3734 2898 3909 2964 venit
3967 2899 4102 2962 mit·

2528 2995 2661 3055 tere
2695 2993 2758 3057 in
2788 2996 3020 3075 terram
3050 2992 3413 3077 Unigenitus
3451 2994 3564 3059 Dei
3624 2992 3869 3071 Filius,
3924 2994 4128 3077 cujus

2527 3086 3143 3156 vehementissimam
3178 3111 3378 3173 usque
3410 3090 3487 3155 ad
3515 3092 3754 3156 Ecstasi
3776 3115 3836 3158 m
3882 3103 4098 3179 raptus

2529 3186 2953 3252 admirabatur
2982 3189 3391 3262 charitatem,
3415 3210 3544 3272 ‘qua
3571 3189 3798 3254 dilexit
3853 3210 3998 3255 nos
4030 3198 4096 3254 et

2525 3281 2718 3348 lavit
2705 3305 2821 3350 nos
2845 3308 2889 3352 a
2916 3293 3187 3368 peccatis
3220 3286 3452 3349 n‘ostris
3485 3288 3549 3348 iu
3583 3289 3892 3371 sanguine
3937 3308 4094 3366 suo,

2525 3379 2729 3447 factus
2758 3384 3064 3448 obediens
3094 3404 3296 3465 usque
3328 3384 3404 3445 ad
3437 3373 3745 3456 mortem,
3816 3391 4086 3448 mortem

2523 3488 2732 3542 autem
2765 3463 3000 3548 Crucis
3033 3485 3127 3555 Ex
3159 3501 3279 3561 qna
3303 3480 3456 3542 tanti
3489 3479 3775 3544 beneficii
3806 3478 4093 3565 conside·

2523 3575 2806 3647 ratione,
2839 3576 3115 3640 maximo
3146 3596 3396 3658 quoque
3430 3563 3782 3658 augebatur
3823 3571 4084 3656 dolore,

2525 3692 2678 3735 cum
2692 3651 2933 3736 videret
2960 3670 3132 3735 filios
3164 3672 3484 3735 hominum
3519 3681 3675 3766 post
3693 3671 3826 3735 tam
3885 3665 4089 3754 copio-

2523 3787 2653 3830 sam
2686 3769 3235 3850 redemptionem,
3268 3789 3480 3831 rursus
3513 3769 3927 3853 sibimetipsis
3950 3789 4086 3833 cru·

2522 3864 2777 3946 ailigere
2809 3865 3031 3932 Filium
3067 3865 3196 3928 Dei.
3228 3864 3477 3948 Placeat
3527 3865 3718 3948 igitur
3779 3871 4078 3933 SANrtTI·

2520 3967 2699 4025 ΤΑΤΙ
2733 3967 3048 4034 VESTRAE
3069 3961 3396 4028 caelorum
3421 3937 3663 4025 civibus
3687 3983 3831 4027 eum
3854 3960 4083 4058 solem·

2521 4058 2688 4142 niter
2709 4059 3014 4123 insertum
3044 4057 3342 4131 definire,
3375 4058 3518 4146 qui
3540 4067 3710 4125 totus
3765 4061 3829 4142 in
3891 4059 4076 4125 terris

2477 4195 2481 4199 Δ
2516 4154 2691 4234 visus
2720 4165 2821 4220 est
2848 4154 3040 4220 homo
3069 4156 3385 4260 caelestis.
3483 4249 3488 4254 ὁ

2555 4349 2958 4449 NIGOLAUS
2985 4353 3228 4416 'Simoni
3251 4353 3596 4450 Episcopus
3622 4353 4078 4432 Marcionensis

3140 4453 3453 4514 assistens.

2643 4650 2863 4710 Petrus
2900 4644 3223 4731 Regalatus
3246 4643 3428 4709 fortis
3455 4644 3695 4709 viribus
3717 4662 3753 4707 a
3777 4643 4064 4728 juventu·

2510 4747 2571 4805 te
2601 4762 2709 4806 sua
2739 4740 2940 4806 factus
2960 4751 3057 4826 est
3075 4742 3370 4823 Princeps
3391 4740 3748 4805 selectioris
3777 4739 4064 4810 militiae,

2510 4857 2668 4920 quae
2692 4838 3136 4926 sanctissimam
3157 4837 3399 4901 Ordinis
3420 4837 3722 4902 Minorem
3741 4836 3871 4901 divi
3891 4842 4067 4899 Fran-

2507 4936 2658 4999 cisci
2691 4936 3080 5019 disciplinam
3113 4957 3191 5000 ex
3234 4927 3534 4998 humanae
3592 4943 3847 4999 naturae
3897 4929 4066 4994 infir-

2512 5036 2727 5098 mitate
2784 5054 3001 5118 magna
3069 5054 3162 5097 ex
3216 5040 3393 5113 parte
3423 5087 3432 5096 ,
3472 5030 3822 5098 obsoletam
3841 5073 3876 5106 „
3928 5028 4063 5109 ipso

2431 5131 2438 5140 '
2506 5135 2847 5214 praeeunte
2867 5151 3019 5194 cum
3049 5131 3241 5194 verbo
3263 5139 3407 5205 tum
3458 5128 3751 5209 exemplo
3803 5126 3878 5190 ad
3911 5125 4063 5189 inte·

2505 5230 2794 5314 gritatem
2824 5234 2890 5293 et
2919 5227 3328 5312 splendorem
3350 5227 3679 5309 pristinum
3723 5219 4058 5289 revocavit.
