4442 6300
991 498 1093 551 1⁸2
1946 500 2147 557 Atyn

805 640 1080 705 interris
1101 639 1379 705 debiturn
1410 639 1644 707 cultum
1676 641 2073 726 adipiscatur.
2117 644 2367 710 ltin-abi·

802 736 883 802 lis
923 757 1072 801 sane
1103 735 1218 801 fuit
1262 738 1366 802 lux
1411 738 1523 803 illa
1553 741 1635 804 de
1679 739 1870 807 Caelo
1910 740 2365 817 circumsona,

807 854 927 916 qua
954 840 1022 898 Β.
1054 835 1349 899 Camillus
1378 836 1461 901 de
1492 837 1684 903 Lellis
1726 840 1807 902 ab
1837 847 2154 905 anteactae
2199 840 2367 906 vitae

801 934 1171 1017 ignorantiis
1199 937 1276 998 ad
1302 934 1625 999 meliorem
1647 934 1891 1020 frugem
1921 949 2177 1007 vocatus
2202 938 2368 1003 inter

802 1031 1057 1096 Electos
1085 1018 1446 1115 designatus
1474 1031 1633 1107 fuit,
1661 1033 1966 1101 mirabilis
1996 1035 2133 1118 ejus
2160 1036 2370 1100 viven-

794 1127 858 1191 di
901 1129 1104 1200 ratio,
1151 1136 1214 1193 et
1246 1128 1607 1194 mirabilius
1650 1129 1791 1214 ejus
1818 1133 1980 1214 apud
2013 1138 2209 1197 Deum
2256 1152 2361 1215 pa·

801 1226 1183 1297 trocinium‚
1227 1225 1396 1308 quod
1460 1246 1581 1291 non
1628 1224 1816 1292 modo
1874 1249 1987 1311 pro
2031 1229 2368 1293 medendis

796 1324 1167 1405 corporibus
1188 1366 1221 1393 ,,
1254 1322 1368 1388 sed
1397 1343 1511 1405 pro
1553 1322 1884 1390 animabus
1927 1325 2229 1391 Fideliuni
2274 1347 2369 1391 sa·

796 1421 1020 1485 nandis
1051 1429 1114 1481 ιιι
1148 1418 1393 1483 firmius
1420 1428 1827 1502 permaneat,
1856 1442 2068 1487 sacrae
2109 1423 2369 1488 Canoni-

798 1516 1059 1581 satiouis
1079 1514 1423 1580 bonoribus
1447 1516 1703 1581 debitus
1730 1518 1789 1582 ei
1818 1516 2023 1585 cultus
2042 1519 2366 1602 augendus

800 1613 939 1677 erit.

899 1810 1233 1875 snvws
1264 1809 1381 1871 rit.
1416 1811 1479 1873 S.
1514 1794 1758 1876 Prisca·
1788 1813 2102 1891 Prasmon·
2127 1815 2271 1876 Cat*b

1298 1910 1526 1970 &aulis
1562 1911 1823 1972 Valenti.

808 2087 813 2096 ’
927 2096 1104 2163 Beati
1143 2097 1384 2162 Camilli
1417 2097 1498 2162 de
1538 2086 2149 2166 Letlis‘cterieomm
2191 2092 2365 2166 Infir-

801 2193 920 2260 mis
949 2195 1429 2260 ministrantium
1463 2198 1747 2261 Parentis
1788 2198 2081 2279 exemplo
2121 2199 2370 2263 discent

798 2291 1012 2374 Populi
1036 2292 1117 2357 de
1149 2292 1411 2377 mystica
1435 2284 1653 2356 eorum
1680 2293 1881 2359 salute
1903 2316 2242 2380 numquam
2261 2296 2367 2361 de-

801 2409 1054 2472 sperare
1075 2431 1095 2462 ‚
1152 2388 1637 2473 magnitudinem
1716 2390 2182 2465 miserationum
2257 2393 2366 2457 Dei

796 2495 1228 2569 agnoscentes,
1257 2486 1363 2568 qui
1392 2492 1458 2549 ut
1490 2486 1637 2550 olim
1668 2487 1926 2551 Paulum
1948 2489 2017 2559 ,in
2051 2486 2366 2555 Ecclesiae

800 2580 1198 2664 primordiis,
1229 2582 1320 2648 sic
1350 2603 1495 2646 eum
1530 2585 1762 2669 nostris
1791 2586 2178 2667 temporibus
2205 2608 2240 2650 a
2269 2608 2366 2652 se·

795 2678 920 2743 culi
954 2677 1175 2743 fraude
1195 2680 1577 2744 abstractum
1601 2725 1623 2749 ,
1655 2683 1892 2764 gratiae
1922 2702 2072 2747 suae
2095 2683 2260 2761 dono
2288 2672 2368 2749 ad

796 2775 1172 2841 incolumem
1205 2775 1393 2840 vitam
1426 2778 1756 2843 revocavit.
1803 2781 1899 2845 Sic
1927 2781 2097 2865 enim
2135 2782 2365 2846 Mundo

793 2873 1130 2938 crucifixus
1156 2875 1457 2937 eximium
1491 2896 1559 2938 se
1586 2878 1877 2956 praebuit
1907 2878 2120 2943 Crucis
2162 2885 2359 2943 secta·

792 2979 1033 3043 torem,
1065 2991 1291 3036 novum
1321 2970 1615 3037 refovens
1656 2974 1951 3058 gaudium
1979 3020 1999 3048 ‚
2030 2997 2158 3060 quo
2200 2973 2359 3040 divi-

793 3088 913 3134 nus
937 3077 1156 3134 Pastor
1181 3069 1261 3132 de
1290 3069 1538 3133 inventa
1567 3090 1684 3134 ove
1704 3092 1887 3164 supra
1919 3074 2361 3158 nonagintano-

794 3187 935 3230 vem
967 3165 1333 3251 Evangelica
1352 3168 1620 3233 veritate
1640 3171 1823 3233 nobis
1846 3171 2112 3235 traditur
2132 3172 2362 3237 mirum

792 3264 856 3326 in
888 3265 1138 3328 modum
1184 3263 1556 3330 cumulatus.
1599 3272 1791 3340 Quam
1823 3267 2134 3348 sapienter
2173 3268 2366 3354 igitur

795 3366 1213 3425 sANchAS
1241 3367 1539 3425 VESTRA
1563 3363 1776 3426 Virum
1808 3366 2191 3444 poenitentia
2218 3386 2365 3432 cou-

792 3456 1076 3538 spicuum
1101 3455 1365 3521 solemni
1387 3457 1499 3522 bac
1528 3457 1900 3523 celebritate
1929 3462 2364 3527 Christifldeli-

796 3556 955 3629 bus,
981 3556 1086 3639 qui
1117 3577 1154 3619 a
1182 3565 1349 3620 recta
1379 3555 1624 3619 vivendi
1656 3549 1894 3619 ratione
1927 3557 2359 3636 desciverant,

789 3660 1169 3726 Patronum,
1195 3649 1357 3742 apud
1389 3636 1951 3718 misericordiarum
1979 3645 2226 3720 Putrem
2273 3658 2363 3721 in·

791 3751 1030 3820 stituit,
1062 3757 1132 3813 ut
1172 3751 1369 3830 probe
1399 3735 1593 3813 sciant
1620 3749 1859 3814 aditum
1894 3752 2187 3819 caelestis
2229 3753 2362 3840 glo·

702 3899 706 3910 ,
790 3849 923 3911 riae
952 3847 1350 3912 continenter
1372 3847 1664 3918 reserari,
1697 3851 1949 3930 quoties
1974 3870 2195 3938 eorum
2226 3872 2360 3940 091·-

791 3944 868 4006 da
913 3963 1324 4026 supernorum
1371 3942 1816 4034 beneficiorum
1846 3946 2067 4024 virtuti
2106 3931 2362 4033 pateant

791 4043 980 4123 atque
1010 4039 1418 4134 incremento.

794 4234 1185 4295 MPHAEL
1217 4235 1582 4298 cosmos
1617 4239 1732 4300 Tit.
1766 4239 1826 4300 S.
1862 4239 2145 4304 Marcelli
2171 4245 2344 4306 Pru·

1026 4335 1199 4407 buter
1228 4335 1573 4394 cardinatis
1600 4338 1670 4395 aa
1709 4338 2126 4414 Hieronymo.

806 4601 813 4608 ,
914 4521 1373 4589 nnatlssmss
1397 4530 1675 4589 PATER.
1704 4517 1932 4592 Beatus
1952 4527 2249 4595 Camillus
2277 4530 2358 4595 de

786 4621 985 4689 Lellis
1029 4623 1189 4686 duro
1218 4622 1561 4686 admodum
1606 4622 1789 4687 initio
1812 4644 1964 4688 usus
2007 4635 2106 4690 est
2147 4628 2358 4695 adole·

790 4722 1084 4791 scantiae,
1112 4728 1181 4783 et
1204 4717 1508 4783 laxiorem
1529 4719 1779 4784 vivendi
1808 4724 2110 4789 rationem
2132 4746 2168 4790 a
2195 4728 2358 4808 prin-

786 4820 947 4901 cipio
970 4817 1189 4892 inivit3
1221 4827 1287 4882 at
1333 4837 1474 4880 sum
1508 4817 1772 4899 primum
1803 4819 2011 4884 divina
2055 4833 2357 4906 operante

785 4918 1015 4980 virtute
1046 4932 1389 5000 aggressus
1431 4922 1530 4978 est
1562 4933 1855 4980 revocare
1888 4939 1959 4985 sc
2003 4929 2068 4984 et
2109 4941 2354 5004 compe·

786 5033 966 5079 scere
990 5057 1011 5087 ‚
1043 5028 1302 5095 magnae
1335 5008 1624 5090 profecto
1666 5014 2010 5079 sanctitatis
2054 5017 2356 5085 exhibere

787 5110 1107 5193 specimen
1137 5105 1368 5189 coepit.
1413 5113 1607 5173 Totus
1636 5107 1831 5190 igitur
1867 5111 1943 5174 ad
1976 5117 2170 5178 Deum
2213 5133 2357 5180 con·

785 5228 1009 5272 versus
1054 5214 1118 5269 et
1164 5212 1505 5289 postquam
1553 5204 1735 5269 variis
1765 5206 2016 5290 pietatis
2059 5212 2357 5293 operibus

782 5324 850 5368 se
870 5311 1264 5376 exercuerat,
1295 5298 1587 5364 clericali
1617 5301 1875 5388 insuper
1895 5305 2158 5373 militiae
2185 5309 2356 5373 addi-

784 5410 922 5468 ctus
943 5445 964 5475 ‚
994 5421 1067 5466 ac
1090 5399 1460 5465 sacerdotio
1492 5397 1844 5488 insignitus,
1873 5403 2043 5469 illam
2075 5425 2226 5491 prae
2255 5427 2355 5472 ce·

2215 500 2871 559 etAROthmtontts

2475 646 2907 712 terisvivendi
2933 644 3242 711 rationem
3274 643 3635 727 assumpsits
3648 658 3770 726 qua
3802 640 4041 706 anima·

2473 762 2609 807 rum
2640 743 2827 807 simul
2859 752 2927 807 et
2951 760 3284 823 corporum
3314 739 3501 805 saluti
3533 739 3942 823 prospiceret,
3968 737 4042 802 fi-

2475 839 2849 922 delibusque
2866 837 3336 922 aegrotantibus
3352 857 3552 918 usque
3581 836 3658 900 ad
3679 854 4041 915 supremum

2475 936 2642 1002 vitae
2662 937 2950 1019 spiritum
2982 933 3333 1017 spiritualia
3352 940 3760 1015 suppeterent
3782 931 4034 997 auxilia.

2473 1033 2543 1096 Id
2573 1034 2710 1116 ipse
2739 1052 2853 1114 per
2880 1054 2973 1104 se,
3000 1043 3065 1096 et
3097 1028 3254 1096 alios
3283 1040 3440 1114 quos
3467 1029 3716 1093 interim
3752 1028 4038 1112 ejusdem

2475 1130 2746 1195 tnstituti
2776 1132 3457 1210 Sociosassumpserat‚
3477 1125 3777 1191 charitate
3808 1126 3871 1188 iu
3903 1125 4046 1191 dies

2476 1226 2837 1291 ferventiori
2867 1227 2930 1288 in
2960 1228 3125 1291 Urbe
3155 1224 3556 1291 continuavit.
3591 1221 3767 1287 {llius
3794 1223 4041 1295 merita,

2474 1334 2540 1390 et
2566 1346 2795 1392 novum
2822 1325 2963 1408 ejus
2993 1322 3244 1388 Ordinis
3270 1324 3629 1388 Institutum
3649 1366 3672 1395 ,
3703 1341 3890 1404 quam
3923 1328 4045 1385 De-

2473 1444 2548 1487 us
2576 1432 2836 1505 accepto
2861 1422 3120 1495 tulerit,
3151 1422 3329 1504 signa
3360 1421 3670 1494 edocent,
3701 1438 3859 1502 quae
3887 1419 4039 1483 dum

2476 1520 2537 1583 in
2580 1540 2767 1585 carne
2821 1518 3070 1587 mortali
3125 1517 3404 1590 viveret,
3449 1526 3513 1580 et
3569 1506 3900 1600 postquam
3960 1513 4044 1577 de

2476 1617 2790 1702 praesenti
2824 1615 3038 1683 seculo
3068 1624 3168 1681 est
3196 1623 3553 1696 assumptus
3575 1658 3597 1687 ‚
3639 1612 4046 1694 omnipotens

2474 1717 2775 1780 Dominus
2801 1715 2877 1777 ad
2910 1712 3086 1778 illius
3129 1704 3579 1777 invocationem
3613 1711 3902 1794 dignatus
3943 1718 4049 1775 est

2477 1815 2750 1896 operari.
2799 1811 3285 1877 ‹tlorificandum
3329 1810 3522 1895 igitur
3564 1829 3708 1873 eum
3737 1827 3966 1871 censeo
4010 1826 4050 1891 a

2477 1915 2956 1976 SANCTITATE
2987 1912 3310 1980 vESTRA,
3340 1914 3404 1970 et
3436 1906 3668 1971 debitis
3693 1902 4050 1988 praeconiis

2474 2007 2895 2073 venerandum
2913 2004 2990 2067 'in
3019 2005 3243 2077 terris,
3275 2003 3438 2069 sicut
3466 2004 3910 2084 Dominus‘per
3935 2021 4043 2065 su·

2475 2103 2876 2193 amgratiam
2900 2100 3260 2166 clarificavit
3287 2102 3351 2164 in
3383 2098 3609 2166 caelis.

2483 2303 2580 2365 CA
2597 2300 2748 2362 aot„
2760 2302 2849 2363 US
2872 2302 2986 2358 Tit.
3016 2300 3077 2359 S.
3113 2298 3353 2359 Uarine
3377 2301 3445 2356 de
3468 2295 3782 2356 Ara-Caeli
3801 2280 4049 2374 Presby-

2787 2409 2881 2460 ter
2914 2399 3258 2458 cardinatis
3291 2398 3717 2485 calcagninus.

2600 2587 2915 2652 Buclaniei
2976 2584 3143 2670 quod
3203 2585 3495 2670 oppidum
3553 2591 3652 2649 est
3704 2580 4045 2646 'theatinae

2479 2685 2795 2751 Dioecesis
2825 2685 2886 2747 in
2919 2694 3130 2769 Regno
3158 2682 3566 2765 Neapolitano
3589 2693 3796 2745 ortum
3829 2676 4051 2741 babuit

2475 2790 2544 2850 B.
2576 2783 2874 2848 Camillus
2901 2784 2980 2846 de
3009 2782 3245 2855 Lellis;
3276 2782 3414 2864 ejus
3447 2777 3925 2861 matergravida
3957 2774 4043 2838 si-

2475 2882 2539 2945 bi
2567 2882 2699 2945 visa
2729 2889 2827 2944 est
2849 2887 3118 2944 Puerum
3148 2879 3470 2961 peperisse
3500 2886 3847 2960 gestantem
3893 2879 4048 2937 Gru-

2472 2999 2612 3044 cem
2643 2979 2707 3040 in
2741 2987 3034 3062 pectore,
3066 2997 3250 3059 quem
3281 2983 3349 3039 ut
3376 2982 3616 3041 Ducem
3657 2972 4044 3055 sequebatur

2477 3096 2695 3162 magna
2725 3077 2907 3140 turba
2939 3083 3290 3140 Puerorum
3310 3074 3538 3137 eadem
3576 3075 3770 3134 cruce
3813 3067 4047 3134 conde·

2472 3181 2705 3240 cerata.
2725 3179 2895 3250 Quae
2925 3173 3086 3237 visio
3103 3180 3277 3236 certe
3309 3170 3702 3264 praeludium
3723 3166 3842 3231 fuit
3859 3138 4044 3229 illius

2471 3272 2818 3337 immensae
2848 3268 3206 3344 charitatis,
3235 3277 3418 3352 quam
3451 3275 3732 3348 tempore
3762 3283 3911 3329 suae
3950 3260 4047 3348 vi-

2473 3379 2574 3436 tae
2603 3389 2753 3453 erga
2786 3367 3077 3432 Infirmos
3106 3366 3337 3449 exequi
3368 3366 3662 3430 debebat.
3692 3369 3864 3437 Quae
3892 3341 4040 3440 cha-

2441 3457 2623 3533 ‘ritas
2651 3475 2718 3552 ut
2749 3483 3004 3547 semper
3034 3465 3443 3545 perduratura
3474 3471 3685 3538 esset,
3719 3479 3878 3526 nova
3904 3477 4043 3540 pro·

2471 3553 2534 3629 le
2581 3562 2925 3629 Ecclesiam
2990 3560 3388 3636 foecundavit
3429 3560 3719 3630 Virorum
3775 3554 4045 3632 infirmis

2471 3661 2798 3745 praeclaro
2825 3658 3180 3724 animarum·
3208 3656 3491 3739 profectu
3522 3652 3993 3732 inservientium
4010 3675 4036 3725 ς

2472 3766 2601 3823 tota
2647 3756 2828 3821 ltalia
2886 3755 3028 3839 ejus
3069 3773 3352 3818 amorem
3398 3762 3659 3835 experta
3711 3758 3882 3834 est„
3921 3748 4039 3813 sed

2474 3829 2806 3939 praecipue
2849 3861 3048 3917 Roma
3095 3853 3244 3917 dum
3279 3850 3597 3914 dirissima
3639 3849 4046 3931 grassabatur

2468 3950 2664 4034 pestis
2687 3993 2707 4023 ‚
2742 3970 2861 4032 qua
2894 3948 3139 4031 aliquot
3166 3947 3486 4011 bominum
3526 3933 3725 4008 millia
3753 3945 4042 4010 corisum-

2467 4056 2574 4131 pta
2606 4053 2751 4111 sunt
2769 4072 2795 4122 ς
2822 4045 2955 4126 ipse
2984 4065 3063 4109 eo
3091 4044 3313 4107 morbo
3341 4042 3701 4107 laborantes
3742 4035 4040 4106 contin'uo

2467 4142 2744 4207 invisens
2767 4185 2788 4215 ‚
2821 4151 3083 4224 paterno
3113 4138 3440 4204 reficiebat
3469 4140 3714 4216 affectu,
3744 4135 4046 4226 et-Eccle-

2470 4239 2599 4303 siae
2655 4245 3053 4302 Sacramenta
3110 4235 3383 4320 propriis
3423 4236 3729 4302 manibus
3771 4233 4042 4298 admini-

2467 4346 2676 4400 strans
2704 4333 2937 4399 mirum
2967 4335 3030 4396 in
3062 4334 3313 4397 modum
3339 4332 3684 4398 solabatur.
3726 4327 4041 4398 Orationis

2468 4433 2677 4498 cultor
2697 4430 2814 4495 fuit
2842 4431 3164 4503 assiduus,
3193 4430 3570 4496 humilitatis
3600 4430 3865 4495 eximius
3893 4449 4040 4512 pro*

2469 4530 2676 4596 sessor
2701 4539 3176 4612 ceterarumque
3208 4530 3511 4594 virtutum
3561 4526 3846 4610 insignis·
3866 4545 4036 4590 ama·

2469 4635 2612 4701 tor,
2656 4628 2740 4692 us
2768 4648 2848 4692 ex
2902 4633 3172 4691 Decreto
3215 4625 3385 4691 felic.
3427 4625 3672 4690 record.
3713 4622 4042 4688 Benedicti

2468 4733 2629 4790 thl.
2658 4713 2948 4791 constare
2981 4725 3059 4788 de
3090 4722 3329 4786 Camilli
3357 4722 3703 4787 'virtutibus
3736 4721 3801 4784 in
3841 4719 4043 4803 gradu

2470 4825 2725 4914 heroico
2752 4811 3134 4888 declaratum
3166 4830 3299 4886 estz
3343 4827 3411 4885 Iu
3443 4823 3706 4903 quar-uin
3753 4819 4039 4884 testimo-

2466 4923 2635 4983 nium
2669 4919 2899 5004 adjecit
2928 4924 3092 4982 Deus
3122 4917 3435 4998 praeclara
3466 4915 3802 4987 miracula,
3833 4934 3867 4984 a
3898 4914 4038 4997 qui·

2468 5017 2587 5081 bus
2631 5025 2915 5100 permota
2946 5018 3364 5078 SANCTITAS
3403 5015 3598 5080 VES‘l
3605 5017 3708 5075 ΒΑ
3746 5009 3924 5073 illum
3967 5010 4033 5073 in

2465 5119 2802 5178 Beatorum
2849 5130 3177 5175 numerum
3237 5108 3502 5183 retulit·
3542 5117 3605 5172 et
3649 5107 3793 5191 quia
3835 5103 4037 5191 virtus

2465 5197 2682 5273 D'ivina
2709 5210 2851 5292 ejus
2878 5206 3269 5272 sanctitatem
3300 5204 3439 5269 aliis
3468 5199 3794 5270 miraculis
3815 5201 4032 5267 confir·

2466 5308 2658 5372 mavit
2692 5314 2831 5390 post
2871 5303 3460 5376 Beatificationem‚
3506 5304 3597 5367 sic
3620 5302 3765 5385 jure
3809 5300 4037 5367 merito

2465 5405 2957 5472 adscribendum
2988 5401 3265 5467 arbitror
3291 5399 3499 5469 coetui
3534 5404 3938 5480 sanctorum
3921 5441 3942 5471 ‚
3971 5403 4039 5463 et
