4442 6300
938 492 1051 547 2⁶8

1898 490 2052 547 Am·
2069 491 2101 544 t
2161 494 2204 547 C
2216 489 2818 553 auomzartoms

759 644 979 718 aperte
1004 637 1421 720 comprobant
1444 634 1652 702 Sancti
1684 634 1974 721 ejusdem
2024 637 2325 702 concives
2450 657 2585 702 eam
2617 636 3091 722 comparandam
3120 636 3249 702 dux
3276 636 3421 701 data
3437 654 3689 722 ,aeque
3717 641 3781 704 et
3807 635 4004 721 flegi-

757 731 952 797 Baria
981 733 1351 816 uagantem
1383 736 1463 800 de
1494 734 1700 799 Panis
1720 779 1739 808 ‚
1773 733 2185 818 ett‘bilippus
2206 740 2326 801 Ne·

757 832 934 906 rium
963 833 1156 896 ambo
1172 831 1341 896 enim
1374 839 1507 898 Deo
1533 833 1877 915 inspirante
1896 843 2170 897 sanctam
2200 833 2329 898 ani-

2441 744 2566 798 stra
2599 736 2894 801 divinitus
2924 737 3272 800 videretur.
3301 735 3623 801 Postulant
3651 736 3849 820 igitur
3871 737 4007 800 exi·

2439 834 2601 898 miae
2628 832 2817 918 hujus
2844 834 3113 918 virginis
3161 834 3425 898 virtutes
3444 876 3465 908 ,
3521 834 3843 914 postulant
3899 855 4003 899 sn·

756 947 1001 992 morum
1030 931 1505 996 consensionem
1538 951 1679 996 cum
1711 929 1825 993 illa
1852 930 2231 1005 habuerunt,
2260 939 2330 996 et
2441 949 2627 1013 perna
2650 973 2671 1001 ,
2704 931 2935 1013 quihus
2962 931 3189 995 enituit
3211 973 3232 1004 ,
3263 930 3423 995 dona
3443 973 3465 1003 ,
3484 930 3804 1013 postulant
3831 932 4005 996 edite

753 1023 1112 1091 litterarum
1130 1027 1454 1111 spirituale
1464 1028 2138 1094 commercium.uaria
2159 1035 2328 1113 Mag·

753 1120 977 1188 dalena
1007 1133 1335 1207 praeterea
1365 1146 1663 1210 praesens
1690 1126 1755 1189 in
1794 1125 2018 1209 spiritu
2078 1125 2279 1189 adfuit
2302 1168 2323 1199 ,

756 1222 1011 1304 otiando
1042 1222 1367 1288 catharina
1399 1222 1788 1306 triumphans
1817 1242 2150 1310 supernam
2181 1223 2327 1287 Bie-

751 1317 1023 1387 rusalem
1056 1328 1156 1386 est
1205 1321 1486 1405 ingressa
1508 1364 1529 1391 ,
1583 1331 1650 1388 et
1706 1322 2028 1404 Philippus
2086 1329 2322 1385 Romae

755 1415 997 1501 degens
1018 1460 1038 1488 ,
1069 1419 1234 1481 Prati
1267 1420 1326 1480 in
1358 1419 1649 1483 Hetruria
1680 1417 1800 1482 t'uit
1829 1419 2036 1483 divina
2088 1419 2324 1482 virtute

755 1514 1221 1595 quodammodo
1250 1536 1548 1599 praesens
1570 1560 1592 1590 ‚
1619 1526 1687 1580 nt
1716 1516 1909 1601 longo
1949 1516 2319 1581 Catharinae

755 1611 1075 1694 colloquio
1104 1612 1440 1678 frueretur.
1478 1615 1756 1678 Divinum
1815 1633 2069 1697 qnoque
2127 1620 2319 1695 Spon-

755 1728 893 1770 sum
926 1708 1051 1774 dici
1077 1717 1282 1792 potest
1302 1712 1688 1775 catharinam
1711 1712 1774 1774 in
1807 1709 2196 1775 Sunamitide
2230 1712 2320 1772 in·

752 1806 987 1870 vitasse
1009 1848 1031 1880 ‚
1058 1816 1127 1869 ut
1156 1807 1237 1872 de
1269 1807 1481 1873 libano
1510 1808 1749 1874 veniret
1798 1807 1863 1869 in
1921 1809 2177 1872 Caelum
2239 1807 2316 1870 ad

752 1922 1046 1968 coronam
1069 1928 1087 1965 ε
1119 1911 1274 1970 Nam
1307 1905 1497 1971 etiam
1544 1906 1698 1970 haec
1744 1906 2029 1989 ,mystica
2090 1904 2321 1969 Christi

756 2006 995 2082 Sponsa·
1025 2003 1086 2064 in
1113 2002 1301 2066 horto
1335 2002 1631 2068 concluso
1662 2002 1858 2069 sancti
1892 2003 2201 2068 Dominici
2231 2011 2324 2067 to·

755 2107 815 2161 ta
845 2096 1100 2180 pulchra
1130 2099 1252 2163 t'uit
1278 2101 1550 2165 candore
1582 2100 1874 2182 puritatis
1905 2098 2322 2183 omniumque

751 2195 1054 2261 virtutum
1081 2242 1100 2271 ,
1131 2199 1341 2262 suavis
1372 2199 1744 2263 caelestium
1776 2218 1990 2262 rerum
2034 2208 2321 2265 contem·

747 2293 1023 2374 platione
1046 2338 1067 2367 ‚
1099 2297 1322 2360 decora
1353 2298 1585 2361 rubore
1614 2296 2041 2379 poeniteutiae
2073 2305 2138 2361 et
2198 2304 2317 2362 Do·

752 2392 1019 2456 minicae
1049 2393 1386 2466 Passionis,
1415 2393 1603 2476 cujus
1633 2392 1888 2458 dolores
1920 2402 1984 2457 et
2011 2396 2320 2478 Stigmata

747 2489 1010 2570 pertulit
1038 2490 1100 2551 in
1131 2511 1397 2572 corpore
1429 2512 1543 2554 suo
1568 2535 1588 2564 ‚
1620 2497 1689 2554 ut
1717 2490 1868 2555 olim
1893 2491 2185 2555 Senensis
2207 2496 2321 2556 Ca-

749 2584 1015 2649 tharina.
1050 2586 1228 2649 Illam
1263 2586 1451 2650 etiam
1483 2585 1765 2651 Christus
1820 2588 2118 2652 Dominus
2171 2588 2320 2655 dato

750 2683 983 2747 annulo
1015 2684 1131 2746 sibi
1162 2684 1563 2766 desponsavit
1589 2685 1653 2748 in
1682 2684 1873 2750 terris
1896 2728 1918 2758 ‚
1949 2683 2223 2751 revulsis
2279 2707 2318 2752 e

751 2785 951 2844 cruce
983 2780 1257 2846 brachiis
1288 2779 1686 2863 amplexatus
1714 2789 1855 2856 est,
1883 2790 1950 2846 et
1996 2784 2322 2849 coronavit

749 2877 814 2939 in
844 2878 1074 2944 coelis.
1116 2880 1214 2944 Sic
1271 2900 1425 2964 ergo
1455 2889 1815 2945 coronatam
1873 2880 2321 2963 splendoribus

750 2980 1122 3040 Sanctorum
1150 2978 1374 3061 jubeat
1402 2981 1823 3043 sanemus
1860 2984 2162 3043 VESTRA
2212 3000 2321 3045 ve·

745 3072 971 3137 uereri.

802 3225 1241 3334 FABRICIUS
1273 3272 1494 3348 Bou-aio
1528 3274 1868 3352 Episcopus
1921 3276 2280 3337 Ferentinae

1377 3371 1699 3434 Auium.

880 3567 1339 3627 BEATtsstm:
1367 3568 1643 3627 PATER.
1676 3564 2115 3645 opportunius
2162 3564 2316 3627 nillil

757 3660 1120 3743 contingere
1150 3668 1399 3742 poterat
1424 3680 1609 3741 quam
1643 3658 1814 3741 quod
1843 3670 2118 3742 quatuor
2175 3681 2317 3726 san·

755 3756 956 3821 etitati
992 3757 1058 3814 V
1044 3776 1277 3820 trorum
1307 3755 1574 3837 publicis
1600 3757 1878 3821 decretis
1932 3756 2318 3833 honoribus,

757 3850 1155 3934 triumphalis
1183 3852 1422 3936 gloriae
1451 3872 1663 3917 comes
1692 3855 1942 3919 accedat
1976 3865 2041 3920 et
2100 3856 2320 3920 foemi-

756 3969 836 4013 na
859 3992 880 4022 ,
912 3958 979 4011 ut
1009 3951 1158 4012 dum
1192 3953 1256 4012 in
1287 3969 1468 4014 omne
1496 3949 1814 4017 hominum
1849 3974 2046 4036 genus
2073 3961 2196 4019 tam
2252 3977 2321 4017 n·

757 4045 875 4111 ber
899 4047 1145 4112 divinae
1177 4047 1415 4131 gratiae
1438 4048 1689 4133 largitio
1717 4054 2049 4134 spectanda
2099 4074 2324 4134 propo·

758 4144 963 4218 nitur,
995 4144 1221 4209 habeat
1253 4148 1445 4210 etiam
1477 4145 1717 4232 fragilis
1764 4168 1954 4213 sexus
1979 4193 2000 4222 ‚
2052 4150 2217 4212 unde
2251 4160 2314 4215 et

757 4241 1127 4308 incendatur
1151 4244 1228 4307 ad
1259 4263 1528 4327 pugnam
1561 4237 1627 4310 et
1685 4245 1993 4312 alliciatur
2051 4246 2128 4309 ad
2187 4246 2316 4331 pal·

760 4359 949 4402 mam.
978 4347 1127 4403 lure
1156 4343 1393 4423 optimo
1425 4343 1658 4409 idcirco
1713 4344 1978 4408 honores
2015 4344 2078 4407 in
2143 4364 2320 4430 prae·

759 4439 1078 4502 stantioris
1108 4441 1467 4504 Sanctitatis
1511 4442 1940 4506 testimonium
1994 4443 2319 4508 institutos

759 4542 827 4600 B.
860 4538 1094 4619 Virgini
1152 4539 1517 4604 Catharinae
1548 4538 1924 4605 deferendos
1984 4533 2315 4604 existimet

757 4634 871 4699 llla
902 4637 1067 4699 enim
1102 4633 1266 4699 virili
1291 4637 1651 4720 prinsquam
1685 4638 1896 4702 animo
1920 4682 1941 4712 ,
1972 4639 2198 4722 spretis
2249 4660 2317 4703 o·

757 4735 945 4816 pibus
968 4779 988 4809 ‚
1019 4735 1360 4817 Mundique
1392 4735 1721 4802 blanditiis
1749 4759 1820 4803 ac
1850 4737 2046 4803 seculi
2104 4738 2323 4804 illece-

758 4833 892 4897 bris
913 4876 933 4904 ‚
966 4853 1036 4897 se
1067 4840 1195 4897 Deo
1223 4831 1673 4918 perjucundum
1715 4835 1982 4900 hostiam
2038 4837 2100 4898 in
2134 4837 2318 4901 sacri-

755 4930 961 4994 ficium
995 4932 1279 5014 praebuit
1344 4931 1461 4995 sub
1519 4923 1819 4995 severiori
1877 4933 2315 4999 Dominicanae

755 5028 1049 5092 Familiae
1071 5028 1420 5110 disciplina.
1444 5031 1680 5111 Corpus
1701 5049 1882 5092 suum
1905 5030 1966 5092 in
1996 5032 2313 5097 assiduam

753 5127 1129 5191 servitutem*
1147 5126 1392 5209 redegit
1416 5170 1436 5198 ,
1474 5124 1887 5216 bumilitatem
1919 5149 2059 5192 cum
2120 5129 2317 5193 chari-

753 5232 885 5287 tate
913 5224 1266 5289 admirabili
1293 5219 1657 5291 caelestium
1683 5224 2124 5290 charismatum
2150 5225 2311 5295 nexu

757 5321 1106 5404 conjunxit3
1139 5329 1434 5405 tantaque
1462 5323 1708 5388 demum
1744 5323 2083 5406 spiritualis
2112 5325 2315 5408 perfe-

751 5417 973 5483 ctionis
1003 5419 1382 5486 excellentia
1414 5415 1673 5497 enituit,
1703 5428 1769 5485 ut
1799 5420 1941 5487 aliis
1990 5422 2177 5487 etiam
2236 5423 2312 5490 ad

2433 1036 2574 1107 post
2605 1025 3136 1092 Beatiflcationem
3170 1027 3391 1110 signa.
3417 1033 3489 1090 ut
3535 1026 3675 1111 ejus
3722 1027 4001 1093 neminis

2437 1123 2744 1186 memoria
2797 1130 2993 1194 a'l'e,
3054 1128 3514 1187 nssartssmss
3569 1130 3867 1199 PATER,
3923 1123 4007 1189 ad

2436 1219 2802 1303 ampliorem
2832 1219 3069 1285 cultum
3098 1228 3559 1303 promoveatur.

2477 1415 2893 1480 mcouvs
2936 1418 3199 1494 spinelli
3243 1420 3586 1496 Episcopus
3627 1419 3964 1482 Avernum

3056 1516 3385 1579 Accidens.

2559 1703 2962 1770 Admirabilis
3003 1706 3168 1773 vitae
3215 1707 3616 1772 sanctimonia
3659 1728 3732 1773 ac
3771 1707 4010 1772 incom-

2431 1802 2729 1882 parabilis
2761 1825 3005 1871 morum
3037 1805 3316 1884 probitas
3361 1807 3585 1871 beatae
3627 1805 3998 1870 Catharinae

2432 1897 2510 1959 de
2543 1899 2773 1962 Ricciis
2802 1903 3129 1966 Hetruriae
3157 1900 3315 1967 fines
3346 1911 3880 1987 praetergressae,
3917 1902 4010 1967 ita

2431 2015 2546 2077 per
2587 1996 2829 2061 ltaliam
2863 2019 3148 2074 omnem,
3182 1999 3448 2065 Galliam
3493 2021 3566 2066 ac
3611 2001 4006 2066 Germaniam

2435 2091 2620 2177 longe
2673 2094 2929 2178 lateque
2988 2096 3277 2178 vulgatae
3334 2100 3876 2181 percrebuerunt,
3934 2105 4009 2160 ιιι

2433 2210 2651 2255 omnes
2684 2192 2747 2253 in
2778 2194 2875 2256 sni
2905 2194 3383 2258 admirationem
3415 2195 3598 2275 rapti,
3619 2195 3897 2278 undique
3924 2196 4005 2259 ad

2430 2308 2569 2352 cam
2606 2289 3105 2372 frequentissimi
3136 2293 3593 2367 confluxerint,
3624 2294 3722 2358 vel
3755 2292 4009 2359 diflicil-

2429 2383 2578 2450 lima
2610 2405 2897 2470 quaeque
2927 2389 2990 2451 in
3024 2390 3217 2453 rebus
3246 2389 3539 2455 omnibus
3568 2390 3699 2455 sive
3728 2411 3960 2474 corpus
3982 2436 4006 2466 ,

2431 2483 2561 2547 sire
2610 2484 2875 2550 animam
2923 2488 3355 2567 spectantibus
3394 2489 3790 2554 consecuturi
3812 2515 3830 2551 ι
3874 2494 4007 2554 Nec

2431 2581 2642 2664 segnis
2686 2582 2746 2644 in
2793 2583 2930 2667 ejus
2973 2584 3439 2669 integerrimam
3484 2586 3674 2649 vitam
3719 2593 4009 2650 Summo-

2432 2698 2572 2740 rum
2605 2679 2969 2745 Pontificum
3013 2679 3337 2764 diligentia
3387 2680 3553 2760 tuit,
3600 2683 3682 2748 de
3730 2704 4001 2765 quorum

2431 2774 2702 2860 imperio
2724 2777 2932 2841 omnia
2956 2777 3037 2843 ad
3059 2779 3528 2845 severissimum
3547 2792 3837 2846 revocata
3858 2803 4008 2848 exa-

2429 2893 2575 2936 men
2599 2917 2619 2945 ,
2650 2874 2889 2961 nullum
2935 2875 3260 2940 dubitandi
3299 2875 3518 2943 ⁴locum
3568 2878 3956 2960 reliquerunt
3981 2905 4000 2942 ι

2428 2971 2669 3045 Quibus
2687 2972 2756 3036 'si
2790 2992 3148 3055 supremum
3183 2979 3682 3040 SANCTlTATlS
3711 2983 3878 3041 ‘1³11AE
3908 2976 4008 3060 ju·

2432 3067 2662 3133 dicium
2704 3071 3089 3145 accesserit,
3147 3072 3572 3136 existimarem
3619 3094 3807 3158 posse
3856 3073 4003 3139 huic

2429 3187 2575 3232 eum
2627 3167 2927 3233 bonorem
2975 3170 3226 3235 decerni
3264 3171 3591 3243 interris,
3635 3193 3824 3256 quem
3864 3174 4002 3258 jam

2432 3263 2538 3349 pie
2568 3266 2891 3332 credimus
2918 3274 3314 3333 consecutam
3345 3269 3410 3331 in
3438 3268 3682 3334 Caelia.

2435 3464 2976 3527 HIPPOLYTUS
3004 3484 3034 3527 c
3071 3466 3290 3527 aeaeis
3317 3468 3530 3528 Sancti
3571 3467 3835 3531 seeum
3858 3469 4009 3546 Epi·

2662 3579 2888 3640 scopes
2916 3566 3387 3642 senogalliensis
3433 3565 3736 3628 Assimnc
3755 3607 3772 3626 .

2555 3755 2813 3820 Pulchra
2841 3756 3172 3840 permixtio
3198 3758 3585 3842 virginitatis
3606 3767 3668 3823 et
3690 3758 4006 3824 bumilita-

2432 3854 2514 3919 tis
2539 3855 2604 3918 in
2636 3861 2702 3919 B.
2735 3854 3059 3919 catharina
3092 3856 3169 3918 de
3197 3857 3428 3921 Ricciis
3456 3860 3474 3920 l
3501 3865 3712 3927 ‚Porro
3752 3857 3838 3920 nil
3886 3858 4000 3921 mi·

2430 3973 2567 4016 rum
2596 3996 2617 4026 ,
2668 3961 2754 4018 tot
2814 3975 2888 4019 ac
2935 3955 3124 4018 tantis
3156 3954 3454 4020 divinitus
3479 3954 3653 4019 illam
3687 3956 4004 4022 effulsisse

2430 4050 2958 4115 charismatibus:
3040 4051 3412 4135 stigmatum
3491 4054 3998 4136 Redemptionis,

2428 4148 2764 4230 praecipue
2785 4158 2849 4213 et
2868 4149 3115 4230 spineae
3130 4150 3777 4233 Coronaeinsignibns
3807 4151 3999 4216 dona·

2428 4253 2552 4309 tam
2583 4244 2781 4311 fuisse
2811 4267 2845 4311 a
2876 4244 3119 4310 Christo
3150 4247 3421 4310 Domino
3443 4291 3463 4319 ‚
3490 4249 3670 4332 cujus
3700 4256 3764 4314 et
3791 4249 4002 4314 vivan

2428 4344 2763 4426 quamdam
2810 4344 3282 4409 similitudinem
3315 4346 3611 4410 exteriori
3644 4348 3854 4431 specie
3887 4368 3997 4413 ex-

2427 4446 2661 4528 pressit
2681 4450 2871 4525 atque
2894 4445 3406 4527 repraesentavit,
3428 4445 3607 4529 enjus
3630 4444 3990 4529 colloquiis,

2425 4540 2849 4624 amplexibus,
2881 4539 3135 4615 osculis,
3166 4542 3400 4623 nuptiis
3425 4543 3680 4612 tandem
3708 4546 3990 4628 pronuba

2428 4639 2783 4704 eademmet
2815 4639 3081 4720 Deipara
3118 4639 3369 4724 virgine
3412 4641 3660 4725 dignata
3703 4638 3854 4705 t'uit:
3901 4642 3987 4704 nil

2429 4739 2659 4801 mirum
2686 4783 2706 4812 ‚
2735 4736 2989 4820 inquam
3012 4780 3033 4810 ,
3066 4755 3293 4820 nempe
3321 4737 3509 4821 (divo
3539 4739 3856 4803 Bernardo
3900 4749 3994 4803 te-

2429 4835 2572 4921 ste)
2615 4853 2735 4898 non
2782 4833 3188 4899 mediocriter
3209 4833 3414 4917 placet
3448 4841 3575 4898 Deo
3603 4834 3716 4899 illa
3745 4836 3990 4911 anima,

2426 4933 2490 4996 in
2509 4954 2630 5016 qua
2665 4941 2731 4998 et
2764 4930 3084 4997 humilitas
3113 4931 3514 4996 commendat
3541 4933 3989 5018 virginitatem,

2426 5043 2491 5096 et
2521 5028 2847 5113 virginitas
2878 5038 3142 5093 exornat
3175 5029 3590 5118 humilitatem
3614 5076 3631 5092 .
3676 5036 3989 5105 Quantum

2426 5150 2575 5196 vero
2620 5128 2680 5190 in
2723 5136 2986 5210 utraque
3030 5125 3358 5192 Catharina
3402 5127 3818 5209 praestiterit,
3849 5129 3990 5212 ejus

2377 5287 2378 5290 ,
2423 5228 2588 5291 vitae
2630 5233 2824 5298 Acta,
2871 5224 3010 5308 ejus
3056 5223 3244 5286 animi
3288 5244 3546 5299 sensus,
3588 5225 3890 5290 honorum
3923 5235 3990 5293 et

2424 5324 2676 5388 laudum
2710 5329 3128 5403 contemptus,
3144 5321 3533 5386 voluntariae
3562 5333 3750 5405 atque
3780 5344 3990 5406 asper-

2421 5422 2615 5489 rimae
2648 5419 2934 5507 corporis
2976 5418 3415 5486 afflictationes
3438 5465 3459 5497 ,
3501 5418 3783 5487 illibatus
3825 5422 3986 5488 inte·
