4442 6300
999 502 1107 556 300

1991 502 2198 557 ACTA
2238 500 2575 558 ‹tartomz
2585 501 2890 559 ΑΊΊΟΒίδ

816 666 940 727 que
963 647 1151 730 signis
1172 646 1702 731 atqtieprodigiis,
1726 667 1883 729 quae
1905 666 2092 730 supra
2124 666 2373 712 omnem
2488 644 2859 732 adpetenda
2901 645 3206 721 consilia,
3247 645 3325 712 ad
3369 642 3672 712 beneficia
3717 644 3815 709 vel
3862 644 4047 728 spu-ta

812 751 1069 808 naturae
1118 744 1243 808 vim
1275 743 1641 825 frequenter
1686 745 2375 825 operabaturzvraete-

2489 747 2672 813 tualia
2697 791 2718 821 ,
2760 747 2871 810 vel
2894 745 3274 828 temporalia
3300 746 3639 811 obtinenda
3659 738 3699 817 ζ’
3707 746 3785 811 ad
3818 745 4054 833 magni·

810 859 913 903 rea
935 840 1110 906 dedit
1141 842 1201 906 ei
1227 843 1517 926 spiritum
1552 843 1947 924 prophetiae,
1972 838 2096 924 (μισ
2117 844 2253 908 sive
2293 843 2370 907 ad
2452 843 3017 910 ·ficandnm.1)eum
3040 845 3106 907 in
3148 834 3546 908 mirabilibus
3566 840 3737 927 ejus'
3763 842 4044 924 undique
4074 908 4085 915 ,

811 940 1242 1004 Proximorum
1271 940 1900 1015 correctionem,sive
1928 934 2012 1005 ad
2025 942 2366 1018 camelam,
2462 943 2558 1007 vd
2604 960 2741 1005 eam
2770 942 3189 1015 confluebant.
3236 948 3470 1013 Verum
3515 938 3650 1023 ipsa
3680 938 4047 1004 Gatharinae

809 1036 942 1101 sive
988 1037 1064 1100 ad
1111 1037 1616 1102 consolationem
1663 1037 1874 1104 futura
1932 1040 2366 1122 praevideret,

808 1135 1092 1198 absentia
1125 1136 1568 1217 conspiceret,
1598 1144 1660 1201 et
1689 1136 1967 1202 cordium
1998 1144 2243 1204 secreta
2272 1137 2366 1203 di·

803 1239 1153 1316 gnosceret.

932 1331 1187 1394 Amoris
1227 1350 1377 1394 vero
1421 1330 1904 1413 magnitudinem
1932 1374 1953 1404 ,
1999 1352 2124 1415 quo
2169 1339 2366 1398 neum

801 1428 1007 1509 ipsum
1028 1449 1105 1492 ex
1127 1436 1258 1492 toto
1278 1427 1490 1502 corde,
1521 1449 1601 1492 ex
1633 1428 1766 1495 tota‘
1791 1438 2027 1509 mente,
2054 1428 2142 1494 ex'
2167 1432 2366 1495 omni·

801 1524 923 1589 bus
939 1524 1178 1590 viribus
1199 1525 1330 1589 suis
1361 1525 1682 1610 diligebat,
1714 1528 1850 1609 ipse
1879 1528 2157 1593 vicissim
2186 1549 2363 1610 prae-

801 1622 992 1686 claris
1011 1622 1312 1687 bonitatis
1342 1643 1489 1687 suae
1522 1624 2089 1706 significationibus
2115 1626 2363 1691 abunde

806 1720 1112 1801 rependit.
1147 1721 1605 1805 Saepee—teuim
1642 1722 1773 1803 ipse
1805 1731 1936 1789 Rex
1980 1723 2258 1806 gloriae,
2301 1725 2364 1787 in

801 1838 987 1899 quem
1009 1816 1367 1883 desiderant
1392 1817 1607 1902 Angeli
1629 1820 2014 1902 prospicere,
2048 1821 2361 1904 corporali

800 1913 1008 1995 specie
1028 1935 1096 1978 se
1119 1914 1568 1978 illividendum
1601 1915 1907 1989 exhibuit,
1939 1916 2362 1982 dulcissimos·

799 2032 923 2092 qne
962 2032 1103 2075 cum
1147 2010 1255 2074 illa
1303 2028 1625 2076 sermones
1676 2012 1959 2077 miscuit:
2007 2013 2363 2096 Aliquando

795 2112 958 2177 idem
983 2111 1281 2174 Dominus
1304 2116 1488 2174 Jesus
1516 2111 1633 2173 sub
1662 2110 1874 2191 specie
1907 2112 2156 2175 Pueruli
2180 2133 2215 2176 a
2236 2119 2363 2177 Ma·

795 2218 890 2275 tre
907 2219 956 2271 V
966 2207 1162 2292 irgine
1195 2205 1573 2288 Angelorum
1609 2207 1846 2289 Regina
1874 2205 1938 2269 in
1969 2208 2163 2288 ipsius
2192 2209 2358 2275 ulnis

794 2317 892 2371 est
911 2305 1268 2370 reclinatum
1293 2302 1642 2384 Aliquando
1664 2303 1951 2386 ejusdem
1977 2310 2189 2388 Imago
2211 2310 2359 2369 Cru-

791 2402 847 2468 ci
877 2402 1085 2473 affixa,
1117 2399 1380 2464 revulsis
1408 2421 1441 2462 a
1472 2411 1695 2464 trunco
1726 2401 2015 2474 brachiis,
2047 2403 2356 2467 mirabili·

791 2500 909 2563 bus
935 2516 1073 2563 eam
1119 2497 1327 2561 beavit
1368 2496 1781 2576 amplexibus.
1831 2497 2112 2580 Denique
2155 2499 2352 2580 ipsam

789 2597 853 2658 in
877 2596 1000 2659 lide
1017 2602 1082 2658 et
1111 2592 1416 2658 cliaritate
1442 2594 1561 2657 sibi
1597 2602 1951 2675 sponsatam
1982 2586 2224 2681 fulgido
2255 2618 2354 2663 or-

786 2703 933 2758 natu
958 2706 1029 2755 ac
1060 2691 1536 2776 pretiosissimis
1566 2692 1905 2757 monilibus
1936 2695 2015 2757 de
2044 2695 2352 2761 thesauris

789 2792 919 2855 suis
949 2782 1282 2855 decoravit.
1317 2788 1497 2852 Illius
1527 2790 1694 2851 enim
1726 2789 1906 2854 lateri
1937 2804 2012 2855 ac
2043 2793 2352 2868 amnibus,

791 2886 1212 2971 pedibusque,
1243 2905 1418 2949 sacra
1452 2885 1769 2949 clavorum
1820 2890 2074 2951 suorum
2120 2898 2184 2951 et
2228 2889 2355 2954 lan··

786 3007 936 3051 cene
968 2987 1270 3071 Stigmata
1302 2982 1604 3064 sanguine
1648 2984 1935 3048 rubentia
1977 2985 2346 3069 insculpsit3

787 3083 1072 3166 spineum
1118 3081 1405 3145 diadema
1451 3080 1646 3163 capiti
1681 3080 2028 3163 imposuit3
2071 3082 2352 3150 humeris

787 3200 935 3244 vero
964 3179 1228 3261 vestigia
1265 3177 1485 3241 Crucis
1516 3175 1821 3266 profunde
1868 3179 2204 3261 impressit.
2250 3188 2354 3246 Ut·

786 3297 910 3360 que
942 3278 1140 3358 magis
1182 3274 1548 3338 ostenderet
1592 3283 1820 3356 quauta
1864 3282 2033 3340 esset
2073 3277 2240 3341 inter
2280 3297 2348 3342 se

786 3385 852 3440 et
882 3375 1273 3439 catharinam
1309 3372 1635 3453 spirituum
1668 3379 1730 3436 et
1773 3372 2158 3438 voluntatum
2201 3394 2349 3440 con-

781 3471 1050 3557 junctio,
1071 3469 1317 3532 illustre
1338 3471 1582 3580 signum
1607 3468 1819 3549 posuit
1843 3469 1902 3529 in
1933 3469 2156 3533 faciem
2187 3469 2349 3554 ejus,

753 3570 990 3651 .ipsam
1022 3565 1412 3648 aliquando
1394 3585 1461 3626 ιιι
1493 3564 1690 3628 vivam
1738 3555 1833 3627 sbi
1880 3565 2092 3630 vultus
2133 3566 2350 3650 imagi-

715 3727 730 3742 ,
786 3687 930 3731 nem
962 3673 1018 3727 et
1068 3662 1542 3726 similitudinem
1589 3659 2076 3735 transformans,
2125 3672 2193 3726 ut
2238 3666 2347 3747 qui

788 3762 1179 3826 Catharinam
1213 3760 1476 3823 vidisset
1519 3759 1720 3838 ipsum
1758 3757 1982 3821 Filium
2018 3760 2129 3823 Dei
2161 3769 2228 3824 et
2257 3763 2349 3836 Fi-

789 3861 939 3924 lium
971 3857 1239 3922 bominis
1269 3857 1480 3919 videre
1512 3876 1578 3918 se
1608 3856 2013 3920 existimaret.

901 3965 1157 4020 Tantam
1182 3954 1572 4017 sanctitatem
1597 3953 1787 4017 tantis
1809 3952 2183 4020 illustratam
2205 3975 2345 4040 pro-

785 4054 974 4138 digiis
999 4051 1198 4115 voluit
1231 4057 1396 4114 Deus
1428 4051 1503 4113 ad
1535 4050 1627 4113 sui
1657 4047 1917 4135 gloriam
1941 4060 2001 4116 et
2031 4053 2110 4117 ad
2141 4065 2349 4137 poste·

788 4171 999 4215 rorum
1031 4149 1218 4213 fldem
1251 4169 1363 4230 per
1392 4148 1606 4211 omnia
1631 4150 2068 4229 probationum
2119 4174 2348 4234 genera

787 4249 853 4310 iu
884 4267 1123 4310 summa
1152 4245 1550 4309 certitudinis
1571 4245 1708 4310 luce
1738 4246 2052 4314 collocari:
2085 4251 2350 4316 Probata

787 4352 885 4410 est
911 4343 1506 4408 contradictionibus
1536 4343 2014 4427 obloquentium
2033 4355 2097 4411 et
2116 4347 2349 4412 calum-

787 4442 1092 4506 niantium
1142 4440 1732 4522 vituperationibus:
1786 4446 2049 4507 Probata
2095 4439 2220 4509 est'
2243 4446 2348 4510 ad·

787 4538 1142 4603 mii-autium
1171 4536 1464 4600 laudibus
1495 4547 1558 4601 et
1591 4527 2189 4621 praedicationibus,
2219 4543 2347 4608 cla·

787 4637 1158 4716 rissimaque
1188 4633 1376 4706 fama,
1410 4656 1570 4716 quae
1603 4655 1722 4699 non
1755 4637 1944 4708 modo
1977 4659 2091 4719 per
2118 4644 2344 4704 Hetru-

787 4734 940 4804 riam
966 4777 985 4805 ,
1018 4732 1128 4796 sed
1161 4750 1271 4813 per
1299 4729 1452 4795 alias
1482 4753 1729 4814 quoque
1759 4734 1971 4798 ltaliae
2004 4736 2342 4818 Regiones,

787 4853 857 4895 ac
889 4831 1142 4893 demum
1175 4848 1290 4909 per
1313 4829 1665 4893 universam
1698 4829 2008 4913 Europam
2044 4831 2229 4918 longe
2261 4833 2346 4895 la·

775 4931 973 5010 'leque
1031 4926 1254 4989 diffusa
1301 4926 1735 4990 incredibilem
1779 4929 1857 4991 ad
1905 4929 2104 5010 ipsam
2151 4930 2351 4994 traxit·

781 5023 1110 5089 bominum
1143 5020 1606 5086 multitudinem
1638 5043 1716 5086 ex
1747 5025 1918 5086 omni
1944 5025 2341 5108 conditione,

789 5121 978 5185 etiam
1007 5115 1222 5201 Regia,
1251 5137 1329 5180 ex
1362 5118 1536 5182 omni
1561 5138 1710 5183 sexu
1743 5128 1935 5202 atque
1961 5129 2165 5187 aetate
2183 5148 2206 5200 3
2239 5124 2343 5207 qui

897 5330 946 5382 A
992 5324 1637 5394 Caelestibussavoribus
1661 5342 1714 5383 et
1739 5330 1903 5386 donis
1929 5332 2315 5405 locupletatur.

901 5422 943 5471 t)
987 5419 1052 5470 Iu
1081 5414 1399 5470 humilitate
1427 5429 1690 5473 constans
1707 5433 2039 5492 perseuerat.

2476 1039 2678 1102 virtus
2704 1039 2865 1101 inter
2892 1036 3018 1101 t'am
3044 1038 3289 1105 diversa
3308 1036 3629 1109 bominum
3649 1036 3889 1121 judicia?
3905 1053 4046 1099 sese

2476 1135 2977 1200 luculentissime
3006 1136 3295 1219 piscavit
3317 1177 3336 1206 ‚
3383 1144 3525 1205 tum
3548 1134 3793 1198 scilicet
3820 1147 4049 1214 perpe·

2386 1268 2397 1279 «
2478 1243 2587 1300 tuo
2616 1242 2800 1315 atque
2830 1231 3141 1297 constanti
3162 1233 3557 1297 innocentiae
3588 1238 3650 1295 et
3702 1228 4046 1296 sanctitatis

2475 1337 2732 1405 tenore,
2776 1340 2908 1395 tum
2952 1330 3252 1414 singulari
3279 1331 3676 1410 potissimum
3714 1327 4042 1399 humilita-

2473 1435 2581 1502 te,
2626 1450 2747 1511 qua
2803 1435 2867 1491 et
2917 1426 3401 1493 obtrectantium
3466 1427 4042 1511 malignituerwet

2474 1527 2927 1590 mundanorum
2972 1525 3271 1609 plau'sum'
3304 1525 3639 1590 vanitatem
3687 1543 3891 1607 aeque
3937 1544 4041 1588 sn·

2473 1624 2707 1704 peravi!
2730 1648 2752 1698 3
2800 1632 2865 1686 ut
2895 1633 3028 1687 toto
3059 1624 3257 1705 ipsius
3294 1625 3471 1689 vitae
3515 1642 3702 1686 cursu
3748 1638 3862 1703 pet·
3878 1619 4039 1704 „glo-

2471 1720 2626 1783 riam
2656 1730 2718 1783 et
2752 1720 3185 1804 ignominiam,
3219 1739 3330 1802 per
3354 1718 3674 1782 infamiam
3706 1728 3771 1782 et
3805 1719 4037 1781 bonam

2472 1817 2745 1889 famam,
2799 1819 2997 1903 ipsius
3039 1838 3359 1881 securam.
3381 1818 3833 1882 conscientiam
3876 1806 4039 1883 nitu

2472 1917 2741 1998 demque
2788 1917 3087 1998 pietatem
3133 1935 3250 1980 nec
3299 1915 3518 1980 laudes
3569 1913 3875 1987 inflarint,
3916 1930 4034 1983 nec

2472 2015 2808 2096 opprobria
2853 2013 3351 2098 defatigaverint.
3506 2032 3513 2047 ·
3950 2036 4003 2067 ·.

2599 2119 2665 2174 ln
2698 2112 2989 2177 omnibus
3019 2114 3188 2177 enim
3222 2110 3468 2176 collatis
3500 2110 3621 2176 sibi
3656 2102 4035 2173 muneribus
4073 2087 4120 2150 c
4146 2128 4171 2149 ⁴

2470 2226 2590 2272 non
2622 2220 2837 2280 suam,
2867 2209 2976 2273 sed
3008 2207 3340 2271 Donatoris
3371 2205 3813 2270 excellentiam
3838 2222 4029 2287 agno-

2467 2326 2649 2371 scens
2673 2351 2692 2378 ‚
2738 2326 2932 2388 seque
2976 2306 3331 2371 divinorum
3365 2304 3817 2377 beneficiorum
3852 2301 4029 2371 ,indi-

2466 2400 2650 2487 gnam
2681 2424 2759 2467 ex
2788 2403 2997 2466 auimo
3027 2413 3343 2485 reputans,
3363 2401 3517 2464 nibil
3548 2401 3614 2464 in
3643 2397 3871 2482 vulgus
3891 2406 4043 2481 prob

2464 2498 2599 2564 dire
2643 2499 2929 2573 volebat,
2967 2502 3136 2582 quod
3170 2499 3388 2583 aliquo
3416 2497 3706 2564 modo’in
3751 2490 3846 2558 sni
3891 2493 4027 2579 glo·
4064 2564 4069 2569 .

2465 2598 2616 2659 riam
2664 2598 2889 2662 cedere
2921 2607 3159 2681 posset.
3189 2588 3563 2673 Quare'cum
3593 2593 4025 2680 cognovisset,

2461 2693 2759 2757 volumen
2788 2696 3102 2778 quoddam
3153 2716 3362 2759 rerum
3406 2715 3445 2758 a
3490 2713 3557 2758 se
3602 2702 3921 2779 gestarum
3965 2694 4033 2754 ct

2461 2791 2831 2855 caelestium
2863 2791 3172 2856 donorum
3196 2836 3219 2869 ‚
3252 2793 3482 2874 quibus
3513 2813 3547 2855 a
3579 2780 3711 2854 lieo
3741 2780 4033 2873 quotidie

2459 2888 2938 2962 cumulabatur,
2985 2909 3180 2971 penes
3222 2889 3531 2953 Moniales
3589 2885 3897 2953 asservari
3944 2883 4025 2951 ab

2460 2984 2664 3068 aliqua
2694 3007 2773 3050 ex
2801 2986 2954 3070 ipsis
2982 2989 3450 3070 conscripturum
3482 3004 3753 3067 cumque
3787 2983 4022 3053 frustra
4050 2983 4055 2988 ’

2463 3085 2807 3151 orando'ct
2851 3084 3246 3151 obsecrando
3293 3103 3441 3147 cum.
3484 3080 3566 3147 iis
3624 3082 3897 3168 egisset,
3945 3085 4015 3166 qt

2457 3180 2815 3265 hujusmodi
2840 3182 3135 3247 volumen
3162 3183 3548 3247 conscissum
3589 3180 3861 3244 flammis
3901 3184 4028 3246 tn·-
4066 3205 4085 3222 ²·

2461 3280 2755 3353 deretur,
2797 3280 2932 3391 ipsa
2976 3280 3254 3362 denique
3300 3278 3459 3342 illud
3500 3277 3766 3350 fortuito
3809 3269 4025 3358 repar&

2457 3381 2592 3438 tum
2636 3377 2845 3439 statim
2875 3375 3176 3459 inignem
3209 3375 3502 3458 conjecit.
3532 3373 3713 3450 Quod
3757 3371 3811 3435 si
3858 3367 4021 3434 nihi-

2460 3470 2728 3536 lominus
2783 3472 3055 3553 ipsamet
3105 3473 3364 3536 a'rcanas
3419 3471 3668 3536 divinae
3716 3453 4022 3533 bonitatis

2456 3569 3049 3635 communicationes
3072 3568 3135 3631 in
3166 3570 3444 3634 oratione
3475 3563 3866 3650 potissimum
3897 3562 4023 3640 sibi

2454 3665 2807 3748 impertitas
2829 3668 3073 3731 cuidam
3096 3688 3174 3731 ex
3195 3665 3532 3731 Sororibus
3552 3664 3825 3728 fideliter
3843 3677 4019 3726 enar-

2458 3765 2648 3839 ravit3
2678 3764 2743 3829 id
2778 3765 3021 3830 nonnisi
3052 3765 3269 3830 eadem
3299 3762 3659 3828 humilitate
3687 3758 4022 3843 impellen-

2332 3889 2347 3900 ·
2460 3867 2525 3925 te
2565 3868 2629 3926 et
2656 3862 2851 3927 invito
2881 3883 3134 3945 prorsus
3164 3861 3373 3928 animo
3403 3860 3660 3945 praestit
3680 3885 3707 3935 ς
3745 3878 3824 3919 ne
3838 3851 4020 3920 'scili-

2457 3966 2557 4021 cet
2611 3958 2877 4041 imperio
2935 3957 3351 4032 confessarii,
3412 3959 3517 4039 qui
3575 3957 3638 4019 id
3685 3954 3785 4017 ad
3816 3950 4015 4020 multa

2456 4053 2752 4135 expedire
2783 4054 3163 4136 prudenter
3148 4072 3208 4115 m
3243 4053 3508 4118 Domino
3536 4046 3857 4137 judicavit,
3886 4035 4017 4113 ulla

2459 4149 2520 4212 in
2562 4171 2632 4215 re
2676 4151 3072 4233 quantumvis
3121 4151 3312 4215 ardua
3367 4150 3808 4235 refragaretur.
3850 4151 4107 4222 Cum„

2453 4267 2608 4314 vero
2636 4268 2713 4312 ex
2743 4248 3106 4338 ostensione
3130 4248 3425 4312 virtutum
3455 4259 3644 4332 atque
3667 4248 4043 4332 signorum,

2455 4364 2617 4425 quae
2645 4351 2810 4409 Deus
2839 4346 2903 4406 in
2930 4344 3064 4427 ipsa
3094 4352 3161 4409 et
3206 4365 3320 4428 per
3358 4345 3556 4429 ipsam
3593 4345 3969 4428 operabatur
3990 4381 4013 4415 ‚

2455 4450 2517 4505 et
2544 4462 2812 4524 quorum
2854 4461 3043 4507 causa
3084 4441 3386 4525 frequens
3414 4451 3544 4507 erat
3578 4441 3901 4507 hominum
3934 4440 4015 4532 ἑᾷ

2456 4541 2896 4604 nonasterium
2928 4557 3263 4613 accessus,
3264 4538 3445 4602 vel
3448 4537 3824 4624 religiosam
3881 4559 4018 4605 san·

2453 4649 2592 4701 ctae
2636 4633 2954 4702 societatis
2981 4637 3261 4730 quietem
3292 4638 3533 4700 turbari
3557 4657 3746 4717 posse
3778 4644 4015 4704 metuc-

2456 4744 2595 4808 ret3
2640 4733 2747 4798 vel
2770 4753 2882 4816 pro
2911 4753 2980 4798 se
3014 4734 3148 4816 ipsa
3174 4717 3579 4807 formidaret,
3626 4749 3703 4797 ne
3736 4734 3897 4820 forte
3940 4725 4007 4798 ἰιι

2455 4832 2785 4914 superbiae
2826 4831 3047 4900 utinm
3092 4831 3465 4924 declinans,
3507 4831 3659 4894 inde
3684 4830 3918 4896 fieret
3900 4849 4013 4895 ιιιιιι

2453 4929 2682 5008 ιιιιιιιᾶο
2713 4929 3018 5001 vanitate,
3061 4929 3230 4990 unde
3259 4921 3594 5003 videbatur
3640 4929 3865 4996 vistute
3892 4927 4017 4994 cla·

2456 5045 2747 5102 rescere3
2792 5019 2913 5102 n'on
2934 5026 3181 5106 destitit
3208 5031 3787 5118 Sponsumjrogare
3826 5033 4013 5110 atque

2455 5142 2670 5198 orare,
2699 5134 2771 5188 ut
2799 5124 3031 5190 divinis
3057 5124 3190 5189 suis
3208 5124 3583 5194 «umoribus
3599 5124 3916 5192 modum
3899 5143 4014 5189 un·

2465 5334 2511 5384 B
2555 5332 2886 5389 nullimode
2907 5319 3193 5405 pr‘hbaeur.
