4442 6300
1432 536 1784 606 «μυῖαι-ιι
1824 498 2291 590 ammonem
2335 538 2499 590 arc.

392 680 551 749 tanti
578 678 712 745 Viri
742 678 1140 746 sanctitatem
1170 680 1335 744 Deus
1363 678 1571 761 palam
1599 678 1808 747 facere
1864 678 1960 744 di·

3343 540 3443 594 181

2068 679 2150 747 lis
2179 680 2449 757 fruitur,
2481 681 2745 767 gloriam
2776 681 2990 747 multis
3040 683 3257 749 testari
3317 683 3635 749 miraculis

397 787 624 863 gnatus
654 785 794 853 est,
823 797 1098 860 aequum
1124 776 1493 860 justumque
1524 797 1788 849 censeo,
1820 776 1962 861 ejus
2072 799 2193 869 aon
2226 781 2576 854 destiterit,
2607 781 2672 845 in
2700 779 2890 846 divini
2923 779 3165 846 cultus
3150 791 3636 856 incrementum,

405 875 666 938 nomine
694 873 1006 958 gloriosos
1033 880 1398 938 Sanctorum
1429 879 1645 939 Fastos
1703 874 1959 957 augeri·

399 979 473 1035 ut
500 969 854 1035 orthodoxa
884 969 1166 1034 Ecclesia
1189 969 1496 1053 ampliore
1526 969 1837 1034 cumulata
1857 969 1965 1033 de·

404 1087 556 1133 sore
574 1073 860 1148 ,2novum
891 1067 1053 1150 apud
1084 1072 1279 1130 Deum
1315 1074 1643 1134 patronum
1692 1066 1964 1142 babeat,

402 1176 471 1231 et
503 1167 627 1231 ritu
659 1185 838 1231 sacro
865 1185 979 1248 pro
1005 1163 1244 1229 meritis
1271 1164 1460 1231 colat.

442 1366 592 1429 rm
598 1365 757 1428 GEN
764 1365 853 1424 TI
856 1364 950 1426 ΠΒ
980 1364 1339 1442 Episcopus
1348 1363 1775 1427 Praenestinus
1811 1365 1958 1429 Gar-

470 1522 477 1529 .
559 1464 793 1559 diaulia
818 1463 1001 1524 Petra
1026 1463 1231 1540 Hujor
1255 1463 1798 1525 Paenitentiam&-

506 1655 596 1719 Si
623 1653 1008 1720 heroicarum
1035 1653 1332 1717 virtutum
1377 1663 1740 1720 ornamenta
1784 1652 1969 1719 vehe-

406 1746 715 1836 mensque
743 1752 1027 1835 inprimis
1057 1771 1209 1834 erga
1240 1748 1435 1816 Deum
1487 1760 1552 1818 et
1608 1752 1966 1817 Proximum

409 1866 590 1916 amor
615 1870 688 1915 ac
731 1849 1005 1915 studium
1053 1848 1370 1932 praeclara
1424 1858 1570 1914 sunt
1623 1852 1972 1935 sanctitatis

410 1950 687 2016 eximiae
719 1954 1081 2035 argumenta
1105 1990 1125 2021 ,
1150 1947 1244 2011 uti
1276 1954 1420 2012 sunt
1447 1967 1691 2022 revera,
1722 1967 1845 2012 non
1875 1956 1973 2013 est

410 2056 524 2116 eur
551 2049 886 2133 quisquam
917 2046 1201 2118 dubitet,
1231 2045 1378 2128 quin
1413 2047 1638 2111 beatus
1674 2045 1975 2110 Camillus

412 2148 493 2212 de
521 2145 714 2225 Lellis
747 2146 969 2211 merito
998 2148 1363 2209 Sanctorum
1392 2143 1561 2209 Albo
1602 2144 1682 2207 sit
1740 2145 1975 2221 adscri-

414 2244 683 2314 bendus,
710 2250 864 2310 Nam
895 2251 1303 2326 posteaquam
1335 2262 1455 2323 ope
1499 2250 1787 2323 deoeesras
1846 2247 1979 2307 Ecc-

414 2351 566 2409 cclri
596 2365 632 2408 e
660 2342 952 2407 liberiori
985 2341 1153 2405 vitae
1178 2341 1470 2405 instituto
1523 2340 1587 2403 in
1617 2342 1845 2406 bonam
1903 2360 1974 2404 se

402 2440 663 2525 'frugem
700 2438 982 2522 recepit,
1011 2436 1302 2502 assiduae
1325 2436 1635 2510 orationi,
1668 2436 1978 2500 bumilita-

413 2541 509 2612 ti,
541 2536 844 2623 singulari
900 2534 1283 2620 patientiae,
1341 2532 1732 2599 infirmorum
1794 2534 1977 2599 saluti

414 2634 889 2723 procurandae,
921 2632 1344 2715 omnibusque
1377 2631 1627 2713 pietatis
1683 2632 1983 2714 operibus

419 2758 490 2803 se
517 2732 929 2823 consecravit.
963 2731 1082 2796 Sed
1114 2751 1258 2796 cum
1288 2728 1428 2794 zelo
1468 2730 1690 2795 salutis
1747 2731 1982 2795 anima·

415 2854 557 2898 rum
580 2834 900 2912 flagraret,
926 2831 1296 2912 videretque
1325 2830 1406 2891 ab
1436 2827 1576 2896 aliis
1602 2829 1980 2893 Patriarchis

416 2932 862 3016 religiosorum
895 2929 1194 2993 ordinum
1246 2927 1415 2991 vitae
1470 2927 1789 3011 integrae,
1846 2947 1983 2992 san·

425 3039 664 3111 eteque
694 3026 1013 3090 ducendae
1043 3024 1197 3090 satis
1227 3034 1371 3088 e‘sse
1401 3031 1799 3106 prospectum
1820 3068 1842 3099 ,
1870 3046 1980 3089 no·

425 3125 965 3200 vumjnstitutum
991 3166 1012 3193 .
1042 3120 1310 3188 consilio
1342 3123 1538 3188 sancti
1563 3114 1827 3212 Pbilippi
1865 3116 1985 3190 Νί-

418 3227 499 3291 rii
521 3269 543 3299 ,
574 3246 702 3307 quo
730 3228 1142 3312 praeceptore
1169 3221 1261 3285 uti
1309 3218 1597 3294 solebat,
1646 3223 1711 3285 in
1768 3223 1983 3286 Eccle-

420 3326 578 3390 siam
614 3321 1006 3394 introduxit,
1035 3318 1215 3402 cujus
1242 3319 1526 3388 Atu‘mnis
1554 3320 1672 3385 boc
1702 3339 1861 3384 onus
1889 3321 1981 3383 ἰιι-

420 3421 784 3506 cumberet,
815 3429 885 3483 ut
923 3415 1197 3482 Infirmis
1252 3417 1721 3492 ministrarent,
1777 3429 1984 3481 extre-

423 3505 657 3603 moque
685 3516 853 3581 vitae
882 3511 1239 3579 discrimine
1281 3514 1713 3580 laborantibus
1767 3523 1982 3596 presto

422 3624 632 3683 essent
650 3659 672 3688 ,
699 3621 1113 3694 curarentque
1142 3611 1391 3676 hortatu
1416 3613 1736 3686 ‚consilio
1755 3656 1777 3686 ,
1835 3634 1982 3680 con-

425 3709 725 3795 timiaque
756 3729 941 3794 opera
967 3733 988 3782 ,·
1017 3718 1087 3773 ut
1118 3728 1196 3772 ne
1226 3719 1485 3789 pereant
1507 3753 1527 3784 ‚
1560 3710 1674 3774 sed
1714 3709 1984 3775 babeant

423 3812 608 3878 vitam
638 3818 972 3875 aeternam.
1004 3812 1210 3881 Quare
1239 3807 1451 3872 virum
1483 3810 1790 3889 optimum
1850 3829 1986 3874 san·

424 3908 759 3976 ctimoniae
788 3902 1358 3987 miraculorumque
1390 3903 1588 3987 gloria
1638 3904 1982 3990 fulgentem

419 4007 635 4092 judico
665 3993 946 4068 decorari
978 4002 1060 4066 iis
1088 4000 1428 4065 bonoribus
1456 4013 1750 4085 oportere
1776 4047 1798 4076 ,
1851 4004 1984 4086 qui·

422 4107 544 4186 bus
572 4126 609 4171 a
636 4101 824 4167 nobis
849 4100 956 4183 qui
980 4105 1131 4165 'sunt
1176 4099 1258 4164 ab
1310 4096 1592 4190 Ecclesia
1646 4099 1985 4177 declarati,

426 4199 633 4269 Sancti
664 4201 977 4294 coluntur.

455 4379 798 4488 :oseba
833 4398 1174 4472 Episcopus
1206 4396 1579 4457 ruentum
1608 4399 1947 4465 camenam

862 4547 867 4558 .
947 4495 1462 4557 Accoramboaus.

579 4691 813 4757 Eximia
842 4688 1013 4754 beati
1041 4688 1285 4754 Camilli
1315 4688 1634 4757 humilitas
1652 4733 1673 4763 ,
1699 4712 1819 4774 qua
1848 4713 1990 4761 cum

429 4777 593 4855 bene
622 4793 705 4854 'de
736 4788 1030 4853 omnibus
1059 4795 1444 4860 mereretur,
1474 4789 1555 4853 de
1615 4810 1684 4854 se
1745 4791 1988 4857 dumta-

428 4900 538 4955 xat
565 4889 814 4952 abiecte
847 4885 1204 4952 sentiebat:
1238 4884 1703 4971 singularisque
1737 4888 1797 4952 in
1846 4897 1988 4956 Pro·

427 4987 630 5064 ximos
655 4983 947 5053 ebaritas,
978 5002 1163 5063 quam
1197 4984 1493 5062 omnibus
1522 4985 1988 5063 omnist'actns,

428 5091 496 5147 ut
522 5101 742 5147 omnes
773 5078 1020 5145 cbristo
1051 5075 1489 5155 lucrifaceret,
1543 5103 1685 5148 cum
1740 5082 1988 5151 ferven-

430 5180 678 5246 tissimo
706 5197 923 5243 amore
958 5177 1066 5241 Dei
1120 5177 1470 5260 copulavit,
1528 5181 1987 5262 amplissimum

426 5298 574 5344 sane
590 5273 911 5364 praebent
954 5275 1239 5362 ejusdem
1299 5279 1648 5392 sainctitatis
1701 5282 1985 5348 testimo·

426 5377 622 5440 nium.
692 5395 699 5402 ·

2074 860 2389 945 Ecclesiae
2418 881 2610 946 decus
2640 886 2827 961 atque
2858 879 3108 944 Ordinis
3145 878 3632 945 Ministrantium

2075 976 2345 1041 infirmis
2372 995 2409 1040 a
2436 981 2504 1040 B.
2532 975 2791 1041 Camillo
2821 976 3086 1042 instituti
3120 977 3512 1061 profectum
3501 996 3635 1041 ver-

2075 1095 2292 1139 surum
2322 1073 2461 1140 fore
2488 1094 2758 1151 censeo,
2789 1075 2845 1141 si
2875 1082 3241 1141 Sanctorum
3280 1072 3482 1141 Fastis
3530 1074 3637 1140 ad·
3703 1099 3710 1105 ·

2082 1174 2414 1240 scribatur.

2086 1373 2595 1440 VthzNTms
2622 1373 2960 1448 Episcopus
2984 1374 3334 1435 Sabirmmr
3354 1374 3643 1434 cardina-

2663 1472 2746 1531 lis
2775 1471 3070 1535 Blenina..

2204 1669 2434 1731 Beatus
2463 1659 2763 1727 Camillus
2792 1660 2871 1726 de
2900 1659 3093 1726 Lellis
3116 1658 3495 1727 elericorum
3527 1668 3646 1725 lte·

2081 1762 2394 1848 gularium
2423 1760 2902 1834 ninistrantium
2931 1758 3200 1823 infirmis
3227 1758 3539 1824 Fundator
3578 1780 3648 1824 e·

2081 1861 2279 1926 x'imio
2305 1856 2579 1923 Proximi
2607 1876 2820 1921 amore
2845 1856 3155 1937 flagrans,
3186 1877 3302 1920 nec
3351 1857 3506 1921 satis
3564 1857 3645 1921 de

2085 1981 2200 2025 sno
2227 1967 2465 2022 tantum
2494 1974 2686 2038 opere
2716 1954 2964 2021 factus
2946 1974 3009 2016 ιιι
3039 1954 3403 2020 assistendis
3423 1963 3487 2020 et
3517 1973 3647 2018 ser-

2085 2056 2334 2122 viendis
2362 2053 2738 2138 pauperibus
2767 2051 3074 2128 infirmis,
3102 2060 3167 2116 et
3208 2051 3650 2125 moribundis,

2086 2152 2385 2240 pestifera
2417 2153 2607 2218 etiam
2636 2150 2745 2217 lue
2773 2138 3046 2222 infectis,
3075 2168 3217 2215 cum
3252 2148 3425 2215 solus
3455 2148 3649 2233 pluri·

2086 2251 2264 2317 ribus
2291 2269 2633 2334 congruum
2662 2245 2939 2314 officium
2973 2248 3276 2331 praebere
3309 2266 3430 2311 non
3483 2247 3653 2312 vale·

2084 2357 2205 2422 ret,
2233 2347 2522 2432 cogitavit
2551 2346 2628 2410 de
2657 2344 3137 2430 nova⁴erigenda
3162 2344 3652 2431 congregatione

2088 2447 2377 2512 Virorum
2412 2444 2490 2508 ad
2516 2443 2670 2507 baec
2700 2443 2798 2524 pia
2829 2462 3020 2523 opera
3047 2440 3377 2524 explenda,
3408 2441 3656 2505 Divino·

2087 2565 2210 2627 que
2239 2543 2438 2609 fretus
2467 2540 2704 2606 auxilio
2724 2582 2745 2610 ‚
2776 2559 2891 2605 nec
2923 2558 3048 2613 non
3079 2540 3451 2625 sanctissimi
3503 2544 3653 2602 Cru-

2089 2641 2258 2709 ciflxi
2291 2661 2444 2705 voce
2475 2636 2854 2721 imperatus:
2898 2641 3213 2713 Inceptum
3246 2658 3400 2716 opus
3450 2656 3655 2715 prors-

2091 2741 2318 2822 qusrsl
2351 2735 3004 2804 Novam'clericorum
3037 2735 3436 2819 Regularium
3479 2734 3656 2800 uini-

2095 2837 2421 2903 strantium
2452 2832 2723 2901 Infirmis
2751 2830 3139 2916 Religionem
3172 2832 3493 2904 fundavit,
3549 2852 3656 2895 cu-

2085 2935 2190 3019 jus
2216 2929 2489 2998 instituti
2520 2929 2855 3012 praecipua
2884 2928 3219 3010 promissio
3250 2935 3314 2991 et
3352 2927 3655 3012 obligatio

2091 3039 2228 3097 est:
2265 3035 2564 3106 Perpetuo
2618 3030 2848 3089 serviro
2910 3027 3288 3102 Pauperibus
3352 3029 3650 3105 Infit-mis,

2093 3152 2245 3212 quos
2273 3134 2456 3192 stiam
2477 3130 2665 3204 postis
2691 3128 3035 3197 wesen-tt,
3019 3147 3036 3164 ·
3070 3145 3190 3207 qua
3218 3123 3281 3187 in
3327 3142 3531 3199 nova,
3586 3131 3654 3189 et

2098 3239 2223 3297 Deo
2250 3228 2588 3311 inspirante
2614 3245 2649 3288 a
2680 3243 2749 3288 se
2776 3221 3061 3286 instituta
3087 3220 3419 3306 Religione
3459 3224 3652 3287 vitam

2091 3322 2449 3392 admirabili
2477 3320 2806 3394 sanctitate
2827 3317 3140 3390 traduxit,
3170 3325 3237 3382 et
3266 3318 3657 3385 sanctissimo

2094 3422 2397 3491 conclusit
2423 3411 2639 3491 exitu,
2667 3415 2959 3500 pluribus
2988 3416 3304 3482 miraculis
3332 3426 3659 3498 postmor-

2094 3531 2223 3588 tem
2257 3522 2332 3585 ad
2363 3519 2503 3603 ejus
2532 3513 3051 3579 intercessionem
3081 3515 3348 3596 patratis
3381 3513 3659 3580 illustra·

2094 3629 2245 3686 tam.
2274 3622 2585 3694 Quantum
2609 3611 2755 3676 huic
2786 3609 2997 3675 eximii
3025 3611 3258 3677 amoris
3300 3633 3449 3695 erga
3505 3619 3656 3677 Pro·

2091 3717 2333 3783 ximum
2356 3709 2672 3779 Inventori
2702 3717 2766 3774 et
2793 3707 3192 3790 Propagatori
3217 3708 3488 3773 debeant
3507 3713 3661 3773 Pau·

2093 3832 2282 3899 peres
2302 3856 2324 3884 .‚
2350 3808 2587 3876 Infirmi
2615 3815 2678 3874 et
2706 3804 3060 3872 Moribundi
3084 3804 3329 3871 oculata
3361 3805 3540 3870 testis
3558 3811 3661 3873 est

2094 3913 2256 3978 Urbs
2281 3911 2416 3992 ipsa
2450 3915 2642 3974 Roma
2663 3949 2684 3980 ‚
2712 3924 2874 3986 quae
2908 3903 3238 3987 primitias,
3265 3903 3496 3977 media,
3511 3905 3661 3969 ben.

2099 4019 2361 4091 tumque
2391 4003 2577 4068 finem
2608 4001 2764 4090 tanti
2797 4000 2974 4065 Servi
3004 4002 3114 4065 Dei
3151 3999 3453 4085 gloriatur
3478 4021 3661 4083 aspe-

2093 4106 2308 4178 xisse,
2338 4103 2753 4182 continuaque
2792 4095 3212 4162 beneficentia
3267 4104 3334 4162 et
3384 4096 3662 4166 utilitate

2094 4203 2321 4268 fruitur
2348 4197 2655 4263 Instituti·
2684 4193 3043 4259 Verendum
3065 4202 3398 4275 propterea
3419 4213 3539 4257 non
3561 4198 3664 4259 est

2098 4321 2213 4385 per
2240 4304 2516 4363 sanctam
2546 4292 2734 4355 vitam
2765 4287 3114 4354 obtinuisse
3163 4287 3489 4353 Camillum
3546 4296 3660 4354 Ec-

2099 4396 2333 4463 clesiae
2362 4388 2796 4470 triumphantis
2823 4382 3250 4458 consortium,
3310 4404 3422 4468 per
3478 4385 3664 4449 mira-

2099 4493 2242 4560 cula
2271 4489 2499 4557 exinde
2524 4494 2766 4568 patrata
2803 4481 3200 4545 tribuendum
3257 4479 3354 4544 Illi
3409 4480 3665 4546 videtur

2101 4591 2164 4653 in
2195 4587 2481 4653 Ecclesia
2511 4579 2807 4647 militanti
2837 4579 3184 4658 sanctitatis
3220 4578 3528 4644 bonorum
3571 4576 3664 4642 fa·

2101 4685 2376 4770 ufflhm.

2114 4879 2526 4947 Nlcoffltss
2551 4874 2801 4939 mam
2843 4873 2960 4930 Tit.
2993 4870 3053 4931 S.
3089 4870 3260 4929 Pom
3284 4871 3366 4928 ad
3398 4867 3657 4930 Vincula

2359 4981 2674 5052 Presbyter
2705 4972 3057 5033 cardinatis
3088 4970 3417 5028 ιιιταηιιε.

2200 5143 2482 5238 ‘Divinae
2537 5164 2818 5250 profecto
2876 5156 3303 5244 providentiae
3345 5156 3665 5221 consenta-

2086 5255 2289 5339 neu'm
2322 5278 2418 5335 est
2439 5276 2560 5350 ..ut
2589 5264 2695 5345 qui
2726 5282 2838 5342 pro
2866 5258 3062 5340 gloria
3096 5255 3206 5320 Dei
3246 5263 3311 5319 et
3337 5251 3664 5316 bominum

2101 5372 2374 5435 utilitate
2408 5366 2470 5429 in
2499 5365 2685 5442 vinea
2715 5355 2958 5422 nomini
3000 5355 3163 5420 adeo
3193 5351 3543 5424 laboravit,
3586 5350 3669 5414 si·

548 5449 706 5538 Cum
734 5470 925 5556 igitur
953 5471 1031 5533 D.
1056 5476 1126 5536 Ο.
1158 5477 1237 5537 Π.
1259 5471 1576 5557 ejusdem,
1607 5500 1726 5562 qua
1762 5502 1823 5543 ιιι
1842 5481 1986 5545 Cae
2076 5474 2209 5542 cuti
2242 5451 2634 5552 amplissima
2668 5458 2732 5521 in
2759 5454 2962 5522 Caelis
2987 5450 3264 5537 praemia
3294 5448 3552 5533 recepit,
3584 5448 3670 5515 ita

765 5598 979 5640 ιιιιιιι.
1019 5602 1132 5641 xiv.
1176 5603 1320 5645 ron.
1363 5595 1488 5673 νη.

3264 5566 3337 5618 2³
