4442 6300
1506 516 1853 584 Quinque
1896 514 2367 570 sancronuu
2406 516 2574 568 arc.
3442 515 3509 567 ss

438 660 643 737 liber,
688 680 851 745 quae
893 665 1227 746 aggravant
1255 659 1527 727 animam
1551 705 1573 736 ,
1602 661 1723 728 dici
1761 660 1868 727 vix
1908 679 2017 742 po·
2126 659 2487 723 manitatem
2516 678 2660 724 cum
2688 656 3003 741 aequitate
3031 655 3117 720 ita
3160 657 3586 742 conjungens,
3627 662 3698 720 ut

441 767 567 825 test
596 769 831 842 quanta
858 759 1231 825 assiduitate
1255 802 1276 831 ,
1321 767 1554 842 quanta
1580 760 1767 824 animi
1810 779 2015 843 prom·

437 856 798 939 ptitudine,
854 865 1089 940 quanto
1143 854 1394 921 fervore
1438 856 1669 922 mentis
1706 856 1771 919 in
1811 861 2010 921 Deum

438 954 775 1038 Regalatus
816 960 1197 1040 assurgeret.
1238 953 1615 1019 caelestium
1656 954 1828 1019 enim
1867 972 2013 1018 con·

441 1050 832 1134 templationi
875 1070 1018 1114 cum
1077 1057 1382 1135 perpetuo
1425 1051 1820 1126 inhaereret,
1875 1058 2012 1116 tum

437 1148 614 1212 statis
643 1148 1043 1230 potissimum
1085 1148 1212 1213 diei
1245 1150 1578 1231 noctisque
1620 1150 2012 1233 temporibus

439 1247 523 1311 ita
554 1246 765 1311 defixo
787 1290 808 1320 ,
838 1247 924 1312 ita
954 1247 1212 1312 sublimi
1241 1249 1451 1312 animo
1493 1247 1733 1332 singula
1763 1255 2010 1313 nostrae

437 1345 658 1409 salutis
685 1347 989 1429 mysteria
1006 1348 1566 1419 commentabatur,
1595 1354 1667 1410 ut
1695 1347 1749 1410 si
1776 1345 2014 1428 patieu-

436 1443 519 1506 tis
560 1443 785 1506 Christi
825 1443 1424 1516 commisereretur,
1455 1462 1791 1526 erumpens
1832 1443 2015 1506 uber-

438 1541 550 1604 tim
581 1541 647 1603 in
677 1540 986 1625 lacrymas
1027 1560 1170 1605 cum
1202 1541 1343 1621 ipso
1383 1546 1897 1624 compateretur,
1939 1560 2013 1605 ac

438 1635 631 1700 veluti
665 1644 1203 1709 commoret-etun
1233 1637 1465 1702 sivero
1490 1658 1640 1701 mox
1671 1636 1894 1701 Christi
1921 1637 2013 1718 ip·

440 1733 567 1797 sius
596 1735 980 1817 resurgentis
1008 1733 1273 1817 gloriam
1306 1735 1717 1819 recogitaret,
1749 1733 2010 1801 caelesti

439 1830 706 1912 quadam
738 1830 1030 1914 perfusus
1059 1830 1395 1897 dulcedine
1438 1833 1699 1918 gestiret
1728 1842 1800 1898 et
1837 1832 2014 1898 exul·

441 1935 646 2002 taret;
691 1929 746 1992 si
776 1949 914 1993 eam
957 1929 1345 2005 intueretur,
1389 1950 1577 2012 quam
1622 1931 2016 2014 praeparavit

440 2031 607 2090 Deus
634 2023 1052 2109 diligentibus
1079 2042 1184 2097 se,
1217 2026 1807 2093 immarcescibilem
1838 2049 2016 2093 coro·

441 2141 577 2185 nam
609 2121 891 2206 gloriae,
923 2122 987 2184 in
1030 2122 1189 2186 atria
1219 2128 1461 2186 Domus
1506 2123 1619 2186 Dei
1646 2125 1780 2206 rapi
1823 2134 2015 2207 atque

440 2218 679 2285 elevari
710 2219 1177 2302 quodammodo
1204 2219 1572 2297 videretur3
1604 2220 1656 2284 si
1686 2240 1836 2285 vero
1867 2242 2017 2286 mox

441 2325 725 2382 aeternos
744 2316 893 2380 illos
921 2317 1245 2381 homiuum
1277 2318 1687 2398 reproborum
1708 2320 2017 2386 cruciatus

443 2415 932 2481 considerandos
962 2415 1083 2479 sibi
1106 2424 1490 2498 proponeret
1510 2459 1530 2487 ,
1558 2417 1710 2482 totis
1753 2419 2016 2483 artubus

441 2513 978 2578 contremisceret.
1008 2514 1080 2576 Id
1107 2521 1283 2578 certe
1311 2513 1430 2595 ipsi
1457 2512 2013 2580 familiarissimum

438 2608 557 2673 fuit
582 2620 772 2693 atque
802 2619 1208 2694 perpetuum,
1238 2618 1329 2686 ut,
1359 2633 1503 2677 cum
1535 2612 1843 2679 infinitam
1867 2634 2013 2697 erga

441 2726 638 2789 genus
665 2706 1002 2777 humanum
1034 2708 1408 2774 charitatem
1437 2711 1550 2775 Dei
1585 2719 1798 2775 mente
1841 2731 2018 2776 reco-

443 2802 650 2878 leret,
678 2804 1150 2869 abstraheretur
1181 2805 1355 2871 illico
1380 2826 1418 2871 a
1446 2807 1738 2872 sensibus
1759 2850 1780 2882 ,
1827 2815 2016 2891 atque

442 2902 650 2967 divina
678 2901 947 2985 quadam
993 2903 1355 2968 suavissima
1386 2904 1445 2967 vi
1489 2904 1554 2965 in
1583 2905 1877 2970 ecstasim
1924 2926 2018 2970 ra-

447 3007 744 3080 peretur;
775 3017 924 3063 cum
952 3019 1102 3064 vero
1131 3021 1499 3083 perversam
1530 3021 1679 3086 erga
1708 3009 1898 3065 Deum
1927 3003 2018 3086 ip-

445 3117 578 3162 sum
607 3096 1130 3180 nequissimorum
1155 3098 1478 3163 hominum
1506 3097 1894 3165 voluntatem
1924 3120 2020 3165 re-

445 3193 849 3267 cordaretur,
881 3194 1194 3258 indoleret
1223 3196 1590 3279 gravissime
1608 3239 1628 3270 ,
1659 3217 1929 3280 seseque
1955 3199 2019 3261 in

443 3291 791 3357 uberrimos
820 3291 1336 3375 diutissimosque
1363 3293 1550 3358 fletus
1580 3293 1950 3358 effunderet.
1987 3323 2010 3349 .

577 3420 600 3445 ·
633 3395 927 3453 Ceterum
949 3432 970 3462 ,
1028 3410 1172 3455 cum
1226 3396 1401 3456 tanto
1457 3398 1780 3456 aestuaret
1830 3391 2018 3455 divini

446 3486 676 3550 amoris
696 3486 947 3556 ardore,
966 3484 1126 3550 illud
1143 3487 1399 3552 interim
1423 3486 1828 3552 vehementer
1848 3497 2021 3570 opta-

446 3585 593 3657 bat,
637 3586 1022 3666 curabatque
1065 3583 1590 3670 diligentissime,
1619 3594 1692 3647 ut
1733 3586 2020 3651 eamdem

449 3682 789 3747 caelestem
831 3684 1146 3749 flammam
1193 3682 1526 3765 Religiosis
1559 3682 1690 3747 suis
1734 3684 2022 3748 omnibus

445 3782 953 3846 communicaret.
995 3780 1154 3845 Hinc
1198 3779 1470 3845 suaviter
1513 3782 1675 3846 adeo
1704 3801 1848 3845 cum
1893 3783 2024 3846 suis

448 3876 733 3941 Alumnis
776 3878 856 3942 de
898 3884 1033 3942 Deo
1074 3877 1428 3959 divinisque
1490 3877 1684 3941 rebus
1726 3877 2025 3941 continuo

443 3974 925 4057 colloquebatur
946 4020 967 4048 ,
996 3982 1070 4038 ut
1095 3983 1164 4039 et
1192 3975 1393 4059 ignavi
1413 4018 1434 4048 ,
1468 3974 1523 4038 si
1550 3974 1657 4056 qui
1690 3983 1926 4051 essent,
1957 3975 2021 4039 in

442 4073 843 4155 perfectionis
870 4074 1074 4138 stadio
1102 4073 1513 4138 redderentur
1539 4071 1880 4138 alacriores
1897 4117 1918 4146 ,
1965 4074 2018 4138 si

444 4172 550 4252 qui
591 4192 741 4236 vero
765 4172 896 4255 jam
938 4179 1299 4244 currerent,
1332 4189 1454 4235 non
1497 4170 1680 4253 quasi
1714 4170 1780 4232 in
1823 4170 2022 4236 incer-

445 4278 576 4333 tum
597 4312 617 4341 ,
649 4269 763 4333 sed
803 4271 890 4333 ita
917 4288 1175 4335 currere
1197 4315 1217 4345 ,
1247 4274 1317 4332 ut
1358 4267 2020 4352 comprehenderent,

444 4368 882 4431 animarentur.
913 4366 1090 4440 Quod
1117 4368 1170 4432 si
1200 4385 1348 4454 casu
1377 4364 1590 4447 aliquo
1613 4365 2023 4448 contigisset,

361 4507 369 4518 -
443 4473 514 4528 ut
541 4486 622 4528 ex
651 4466 969 4528 Fratribus
999 4465 1334 4547 quisquam
1377 4471 1487 4528 aut
1517 4482 1600 4527 ex
1629 4463 1877 4528 incuria
1920 4463 2023 4528 de·

418 4545 689 4635 'ficei-et,
721 4570 827 4626 aut
857 4583 940 4652 ex·
965 4561 1268 4627 humanae
1289 4561 1670 4628 conditionis
1698 4560 2024 4630 debilitate

447 4660 885 4743 delinqueret,
916 4667 1172 4743 praesto
1201 4660 1417 4725 aderat
1447 4658 1793 4744 Regalatus
1822 4657 2024 4725 forma

447 4760 655 4843 gregis
695 4757 937 4832 factus,
986 4778 1107 4822 non
1136 4765 1203 4821 ut
1230 4758 1343 4821 ille
1389 4758 1453 4820 in
1500 4758 1725 4842 spiritu
1767 4756 1896 4820 irae
1938 4763 2027 4822 at-

450 4875 573 4937 que
605 4855 934 4936 superbiae
963 4855 1486 4930 confunderetur,
1519 4856 1632 4919 sed
1660 4862 1727 4919 ut
1754 4854 1820 4916 in
1849 4854 2027 4936 spiri-

450 4958 517 5017 tu
541 4954 883 5036 patientiae
910 4959 976 5016 et
1006 4952 1280 5017 lenitatis
1329 4950 1861 5036 tanquam-filium
1887 4949 2026 5015 cha·

450 5051 767 5114 tissimum
799 5049 1203 5124 admoneret,
1235 5056 1301 5115 et
1329 5058 1625 5132 tauquam
1667 5047 1928 5112 fratrem
1957 5047 2025 5109 in

453 5149 721 5211 Bomino
753 5145 1119 5210 lucraretur.
1164 5154 1507 5229 Utrumque
1534 5145 1703 5207 enim
1749 5150 2026 5226 praesta·

457 5244 560 5308 bat
589 5245 698 5308 vir
717 5243 1245 5328 prudentissimus
1267 5288 1287 5316 ‚
1319 5251 1385 5308 et
1411 5252 1481 5306 ut
1508 5262 1680 5308 suam
1698 5286 1718 5316 ,
1749 5242 1854 5324 qui
1883 5262 2030 5324 pec-

460 5350 707 5417 casset,
764 5341 1014 5423 culpam
1076 5348 1480 5425 agnosceret,
1526 5351 1594 5406 et
1633 5346 1700 5404 ut
1755 5341 2027 5424 agnitam

459 5439 1019 5523 exprobratamque
1046 5438 1316 5505 maxime
1346 5439 1846 5522 perhorresceret
1864 5479 1886 5511 ,
1918 5436 2028 5502 bu-

2123 755 2275 821 nihil
2308 754 2582 820 facilitas
2612 756 2693 820 de
2722 754 3129 828 auctoritate,
3156 754 3311 816 nihil
3356 753 3698 821 austeritas

2123 854 2202 920 de
2232 854 2615 919 humanitate
2644 852 3022 919 detraheret.
3054 881 3077 907 ·

2255 982 2278 1007 ι
2307 958 2620 1017 Hactenus
2639 952 2717 1016 de
2738 949 3019 1034 Regalati
3040 948 3378 1014 virtutibus
3398 950 3465 1012 in
3478 950 3697 1014 dome-

2124 1050 2288 1115 stico
2318 1048 2562 1115 vivendi
2591 1048 2800 1113 modo.
2832 1046 3117 1112 Breviter
3140 1047 3697 1113 commemoranda

2123 1168 2199 1213 ea
2229 1167 2392 1213 nunc
2421 1153 2599 1221 sunt,
2629 1166 2794 1229 quae
2826 1166 2939 1229 pro
2966 1145 3132 1211 vitiis
3161 1144 3655 1209 exterminandis
3674 1187 3696 1218 ,

2121 1264 2235 1327 pro
2261 1245 2499 1309 virtute
2542 1246 2606 1307 in
2648 1251 2893 1309 exteras
2934 1243 3127 1307 etiam
3160 1252 3384 1329 gentes
3424 1240 3701 1325 ampliti-

2120 1343 2318 1407 canda
2341 1362 2374 1405 a
2403 1340 2701 1427 Regalato
2733 1348 2907 1427 gesta
2936 1340 3135 1406 fuisse
3153 1342 3498 1406 traduntur.
3513 1340 3700 1415 Quid-

2095 1439 2273 1521 quid
2301 1438 2496 1523 igitur
2536 1437 2851 1520 reliquum
2893 1459 2930 1503 a
2957 1437 3325 1503 domesticis
3368 1436 3540 1503 curis
3577 1436 3706 1520 ipsi

2123 1536 2429 1618 temporis
2459 1546 2616 1610 erat,
2642 1535 2706 1598 id
2737 1554 2920 1598 omne
2950 1536 3028 1600 ab
3058 1552 3139 1598 eo
3170 1535 3235 1597 in
3265 1535 3701 1599 proximorum

2125 1631 2393 1696 salutem
2418 1633 2922 1714 impendebatur.
2942 1635 3093 1697 Cum
3106 1630 3365 1715 plurimi
3384 1633 3463 1696 ad
3492 1631 3700 1715 ipsum

2125 1731 2405 1814 quotidie
2416 1731 2794 1797 confluerent
2811 1735 3104 1812 tanquam
3119 1729 3200 1795 ad
3216 1730 3457 1814 insigne
3478 1729 3705 1796 sancti-

2124 1830 2271 1894 tatis
2300 1827 2619 1895 oraculum
2643 1872 2663 1903 ,
2693 1847 2816 1892 non
2845 1834 2972 1893 tam
3001 1828 3274 1913 hospitio
3318 1828 3567 1894 solebat
3589 1848 3702 1892 eos

2125 1929 2465 2010 excipere,
2494 1947 2684 2009 quam
2728 1926 2806 1991 ad
2833 1925 3130 1991 virtutem
3174 1925 3418 2009 Deique
3459 1924 3698 1992 cultum

2124 2025 2273 2091 totis
2296 2024 2627 2091 conatibus
2641 2024 3052 2088 inflammare.
3073 2023 3136 2088 si
3158 2044 3317 2107 quos
3336 2044 3493 2090 vero
3512 2023 3705 2090 hahe-

2126 2130 2224 2187 ret
2253 2123 2474 2188 obvios
2502 2122 2915 2207 elephantiasi
2936 2122 3322 2196 laborantes,
3349 2141 3464 2188 eos
3492 2121 3568 2188 ad
3597 2121 3707 2186 ho-

2128 2220 2381 2304 spitium
2415 2241 2629 2285 secum
2654 2239 2773 2283 una
2805 2220 3113 2285 deductos
3143 2226 3396 2304 tergere
3424 2240 3460 2285 a
3503 2220 3705 2285 sordi·

2126 2318 2249 2382 bus
2273 2361 2294 2389 ,
2350 2317 2566 2382 fovere
2608 2314 2824 2382 linteis
2849 2360 2870 2390 ,
2900 2317 3245 2382 esculentis
3288 2314 3593 2390 reticere,
3636 2327 3705 2385 et

2126 2434 2393 2495 quorum
2425 2413 2534 2477 alii
2555 2422 2962 2498 conspectum
2993 2411 3166 2478 ferre
3208 2432 3333 2476 non
3377 2420 3702 2495 poterant,

2125 2510 2406 2594 ipsorum
2425 2510 2636 2576 ulcera
2660 2511 2954 2576 manibus
2973 2516 3336 2585 attrectare;
3357 2510 3487 2574 imo
3510 2510 3705 2576 etiam

2130 2607 2507 2691 quandoque
2528 2606 2902 2679 deosculari,
2920 2615 2989 2670 et
3010 2606 3246 2672 saniem
3276 2605 3562 2671 lambere
3592 2606 3707 2669 mi·

2128 2705 2303 2769 nime
2332 2704 2808 2788 dedignabatura
2838 2708 3010 2777 Quae
3037 2703 3292 2785 quidem
3322 2703 3581 2785 pietatis
3611 2701 3706 2766 of-

2125 2800 2268 2867 ficia
2298 2803 2361 2864 in
2392 2822 2507 2867 eos
2537 2801 2925 2893 potissimum
2956 2799 3243 2873 conferre
3273 2802 3564 2877 solebat,
3594 2801 3707 2885 qui

2128 2898 2224 2962 vel
2270 2899 2334 2960 in
2361 2899 2758 2964 Nosocomiis
2799 2896 3066 2982 graviori
3094 2896 3307 2981 aliquo
3333 2899 3559 2963 morbo
3602 2898 3699 2964 af·

2127 2988 2550 3069 flictarentur,
2580 2995 2680 3061 vel
2710 2995 2775 3057 in
2814 2994 3178 3060 carceribus
3200 3037 3222 3066 ,
3250 2994 3351 3060 vel
3382 2995 3446 3057 in
3477 3003 3705 3062 Turca·

2128 3112 2268 3156 rum
2312 3091 2606 3166 vinculis,
2638 3091 2850 3158 inedia
2886 3097 2952 3156 et
2995 3091 3285 3174 squalore
3326 3089 3705 3157 conficeren-

2131 3200 2250 3255 tur.
2283 3196 2435 3255 Cum
2463 3190 2628 3254 euim
2661 3189 2965 3273 singulari
3014 3189 3177 3273 apud
3236 3188 3472 3253 divites
3527 3199 3702 3255 esset

2131 3289 2356 3371 gratia,
2387 3286 2540 3350 nihil
2570 3289 2835 3353 curabat
2860 3287 3081 3371 magis,
3111 3305 3302 3368 quam
3334 3295 3446 3359 ut,
3479 3305 3702 3368 oppor-

2133 3395 2281 3450 tuna
2312 3406 2391 3451 ex
2421 3406 2639 3449 eorum
2662 3385 3086 3469 eleemosynis
3103 3383 3329 3448 collata
3354 3382 3541 3466 stipe,
3561 3384 3702 3448 ino·

2131 3503 2246 3567 pes
2272 3485 2352 3547 ab
2382 3482 2686 3568 angustiis
2714 3481 3194 3545 sublevarentur
3213 3524 3232 3552 ‚
3264 3478 3492 3542 infirmi
3537 3479 3702 3544 rele-

2130 3588 2425 3647 varentur
2452 3601 2489 3644 a
2516 3580 2759 3644 morbis
2778 3621 2798 3652 ,
2832 3578 3059 3662 captivi
3119 3584 3444 3642 numerata
3473 3578 3703 3643 Barba-

2132 3680 2221 3744 ris
2250 3677 2517 3763 pecunia
2566 3678 2628 3739 iu
2677 3675 3039 3740 libertatem
3102 3684 3576 3750 assererentur3
3629 3694 3703 3740 ac

2135 3776 2403 3861 proinde
2435 3793 2657 3862 omnes
2682 3793 2719 3837 a
2746 3772 2930 3856 culpa
2961 3779 3363 3843 arcerentur,
3393 3779 3459 3836 et
3485 3771 3564 3836 ad
3593 3770 3704 3836 bo·

2135 3881 2380 3938 nestam
2408 3872 2663 3937 vivendi
2690 3871 2999 3935 rationem
3030 3891 3151 3953 qua
3184 3867 3657 3933 hortationibus
3677 3910 3699 3943 ,

2135 3991 2257 4053 qua
2286 3969 2835 4041 obsecrationibus
2857 4010 2879 4041 ,
2911 3986 3035 4049 qua
3064 3963 3427 4048 opportunis
3456 3964 3705 4031 auxiliis

2135 4066 2640 4149 impellerentur.
2675 4071 2763 4127 Eo
2792 4062 3113 4145 siquidem
3146 4063 3507 4144 spectabant
3569 4083 3705 4127 om·

2134 4164 2239 4227 nia
2267 4163 2549 4248 Regalati
2576 4160 2886 4232 consilia,
2916 4167 3023 4231 ut,
3074 4178 3237 4240 quae
3291 4158 3612 4242 perierant
3666 4180 3704 4225 a

2137 4262 2380 4326 Christo
2399 4303 2421 4334 ,
2448 4279 2598 4324 oves
2624 4259 2702 4323 ad
2730 4257 2956 4322 Christi
3010 4277 3269 4341 gregem
3328 4256 3702 4322 reduceren-

2135 4369 2280 4433 tur,
2312 4366 2377 4423 et
2404 4378 2568 4440 quae
2596 4357 2658 4419 in
2686 4355 2934 4438 pascuis
2964 4353 3187 4418 salutis
3216 4361 3430 4426 erant,
3462 4353 3544 4417 de
3575 4374 3704 4419 ma-

2135 4477 2216 4521 nu
2248 4454 2475 4520 Christi
2502 4453 2676 4520 nulla
2708 4451 2945 4517 inimici
2976 4449 3246 4516 hominis
3283 4452 3344 4515 vi
3406 4470 3703 4535 raperen-

2135 4562 2260 4619 tur.
2300 4582 2324 4610 υ

2273 4682 2295 4707 ·
2334 4657 2490 4714 Dum
2522 4668 2671 4714 vero
2703 4668 2814 4712 eos
2843 4665 3062 4710 omnes
3086 4687 3106 4715 ,
3136 4644 3513 4727 quibuscum
3552 4664 3693 4707 ver-

2136 4752 2436 4821 sabatur,
2465 4758 2538 4813 ut
2569 4751 2896 4811 manerent
2923 4743 2985 4805 in
3038 4749 3164 4806 neo
3189 4785 3208 4813 ,
3270 4741 3376 4823 qui
3430 4740 3704 4806 charitas

2134 4857 2274 4921 est,
2301 4846 2745 4910 ardentissime
2776 4843 3168 4906 hortaretur:
3204 4838 3363 4901 illud
3412 4838 3650 4903 interea
3677 4881 3698 4912 ,

2136 4946 2202 5009 in
2226 4965 2359 5028 quo
2386 4943 2655 5007 alterum
2687 4941 2846 5024 legis
2901 4938 3260 5001 mandatum
3321 4936 3508 4999 situm
3566 4942 3701 5010 est,

2136 5043 2399 5107 minime
2431 5039 2873 5124 negligendum
2908 5036 3201 5120 putabat,
3230 5041 3302 5097 ut
3330 5031 3577 5097 scilicet
3612 5033 3704 5114 ip.

2141 5162 2210 5208 sa
2243 5139 2675 5205 Fraternitatis
2703 5136 2972 5200 charitas
3004 5132 3279 5214 apprime
3311 5130 3702 5213 diligeretur.

2136 5240 2293 5302 Hinc
2320 5246 2552 5300 tantam
2584 5236 2697 5298 hac
2729 5235 2792 5294 in
2822 5252 2888 5295 re
2949 5249 3160 5292 curam
3220 5246 3469 5309 semper
3527 5228 3699 5292 adhi-

2137 5337 2280 5402 buit
2307 5341 2371 5398 et
2402 5333 2818 5414 diligentiam,
2851 5335 2920 5391 ut
2949 5328 3002 5391 si
3030 5347 3187 5408 quos
3210 5323 3443 5387 infesto
3470 5323 3535 5385 in
3559 5331 3704 5390 Pro.

2140 5434 2377 5500 ximum
2409 5432 2623 5496 animo
2653 5449 2795 5494 esse
2827 5432 3279 5508 cognosceret,
3320 5441 3431 5486 eos
3487 5422 3699 5488 statim
