4442 6300
960 495 1072 548 2³2

1990 493 2199 547 ACTA
2234 491 2819 550 canomzamott
2825 492 2894 547 18

782 641 1012 722 quibus
1030 646 1157 704 tam
1183 635 1434 707 erudite
1460 633 1523 698 ln
1542 634 1750 702 aureis
1767 639 2246 704 Commentariis
2259 638 2356 725 (a)
2468 647 2671 702 tutum
2702 656 2934 718 genere
2967 655 3037 701 ae
3066 657 3371 705 exercens
3395 682 3417 711 ,
3437 638 3533 701 ‘ita
3563 637 3774 725 divina
3815 640 4036 724 flagra-

781 740 864 802 de
892 736 1375 804 canonizatione
1415 741 1779 799 Sanctorum
1809 756 1931 819 per
1952 742 2360 802 SANCTITA-

785 842 949 899 ΤΕΜ
982 838 1343 899 vEsTnau
1373 831 1733 905 disseritnr;
1766 833 1880 896 sed
1911 833 2133 918 Angeli
2168 835 2359 898 bene-

778 932 929 998 ficio
957 931 1222 996 vinculis
1252 928 1497 994 solutus
1524 930 1588 992 in
1620 930 1861 995 ltaliam
1897 932 2125 1007 rediit;
2168 940 2234 997 et
2275 931 2359 996 de

783 1029 1104 1093 similibus
1131 1026 1509 1113 Martyribus
1532 1026 1594 1109 in
1613 1047 1787 1091 sacra
1808 1029 2196 1112 Antiquitate
2226 1027 2356 1111 plu-

784 1143 873 1191 ra·
899 1135 1307 1191 numerantur
1362 1125 1697 1208 exempla,
1744 1144 2010 1207 quornm
2058 1124 2354 1191 nonnulla

783 1230 978 1295 modo
1020 1246 1134 1310 per
1174 1225 1575 1290 sanctitatem
1606 1231 1895 1289 Vestram
1942 1224 2006 1288 in
2049 1223 2352 1289 bodierna

786 1349 901 1392 sua
932 1326 1201 1409 eleganti
1236 1321 1681 1411 ⁴Alloqnutione
1714 1321 1968 1388 fuerunt
1996 1321 2204 1387 allata.
2234 1327 2354 1384 Ve-

784 1445 924 1491 rum
957 1444 1101 1489 cum
1135 1423 1477 1487 secundum
1502 1426 1897 1503 praesentem
1924 1418 2240 1484 Ecclesiae
2261 1417 2355 1482 di·

785 1519 1104 1604 sciplinam
1166 1518 1522 1602 requiratur
1575 1525 2078 1580 consummatum
2124 1524 2357 1607 marty·

785 1619 949 1683 rium
974 1662 995 1690 ,
1044 1625 1114 1682 ut
1157 1615 1361 1681 Sancti
1411 1616 1578 1678 inter
1622 1617 1932 1699 Martyres
1960 1615 2040 1677 ab
2071 1613 2354 1679 Ecclesia

785 1716 1238 1783 renuncientur
1261 1756 1283 1788 ,
1343 1720 1409 1777 et
1463 1712 1528 1774 in
1585 1710 1839 1777 laudata
1907 1702 2356 1793 Alloquutione

785 1817 979 1881 etiam
1011 1811 1463 1896 proclamatum
1493 1809 1745 1883 extitit,
1788 1807 2021 1873 sufficit
2049 1809 2216 1891 qnod
2249 1828 2357 1873 no-

786 1926 920 1978 ster
947 1918 1016 1975 B.
1047 1909 1277 1992 loseph
1311 1907 1394 1972 sit
1423 1916 1754 1972 coronatus
1799 1907 1861 1968 in
1907 1904 2111 1971 Caelis
2132 1948 2154 1979 ,
2197 1906 2307 1969 nbi
2332 1949 2354 1979 ,

784 2018 855 2072 ut
887 2008 1092 2090 inquit
1114 2006 1455 2092 Cyprianus
1473 2046 1494 2079 ‚
1537 2003 1642 2090 (b)
1685 2010 1852 2070 Deus
1879 2008 2187 2089 nai-tyre·
2212 2022 2360 2087 pro-

786 2108 896 2172 bat
923 2112 989 2171 et
1014 2111 1275 2173 coronat
1291 2147 1307 2165 .

832 2303 1249 2370 NICOLAUS
1287 2303 1521 2380 carata
1556 2300 2050 2399 {whiepireopus
2083 2290 2314 2377 Pnup-

1262 2403 1476 2480 possi·
1516 2400 1819 2462 desistens
1840 2443 1859 2460 .
1892 2448 1901 2465 .

906 2598 1061 2659 Cum
1092 2591 1434 2657 Lutberana
1461 2589 1604 2656 lues
1645 2589 1873 2655 nedum
1905 2609 1944 2655 e
1976 2587 2306 2656 Germania
2325 2632 2351 2663 ,

782 2710 1001 2758 verum
1032 2691 1222 2756 etiam
1249 2710 1286 2753 e
1306 2689 1537 2755 ceteris
1558 2682 2035 2771 'septemtrionis
2066 2689 2353 2771 partibus

781 2787 1125 2854 catholicae
1149 2786 1316 2852 Fidei
1338 2805 1597 2872 germen
1625 2786 1873 2869 penitus
1902 2784 2182 2850 evellere
2207 2804 2357 2849 con-

784 2888 1098 2961 tenderet,
1132 2880 1486 2957 moliretur,
1520 2883 1779 2948 Romani
1811 2882 2142 2949 Pontifices
2169 2890 2352 2948 Prae·

781 2985 1158 3051 decessores
1191 2984 1277 3046 tui
1307 3002 1550 3048 summo
1581 3001 1707 3065 quo
1734 2986 1826 3047 Tu
1858 2980 2084 3064 polles,
2113 2977 2257 3045 zelo
2284 2980 2348 3042 in

782 3083 957 3147 Fidei
980 3082 1248 3166 puritate
1283 3080 1539 3153 tuenda,
1570 3090 1641 3145 ut
1666 3080 1808 3146 buic
1832 3088 1965 3145 tam
1997 3079 2352 3165 pernicioso

783 3185 1009 3249 morbo
1076 3188 1477 3246 occurrerent
1497 3223 1520 3254 ,
1575 3171 1919 3244 Concilium
1985 3178 2352 3245 oecumeni-

780 3301 925 3346 cum
958 3279 1267 3345 Generale
1300 3277 1730 3343 'tridentinum
1760 3276 1849 3341 uti
1879 3297 2026 3360 prae
2057 3276 2350 3341 omnibus

781 3384 1196 3462 opportunum
1227 3398 1301 3441 ac
1329 3375 1601 3441 salutare
1632 3375 1979 3441 remedium
2022 3374 2307 3438 indixere
2328 3418 2349 3437 .

778 3481 874 3540 Eo
905 3474 1042 3557 ipso
1074 3482 1359 3557 tempore
1390 3473 1570 3538 Italia
1599 3481 1812 3538 nostra
1831 3515 1852 3546 ‚
1894 3471 2003 3534 ubi
2046 3469 2350 3536 catholica

782 3571 965 3637 Fides
994 3578 1059 3637 et
1086 3570 1356 3653 primam
1391 3571 1619 3636 Sedem
1650 3577 1715 3633 et
1746 3566 2163 3649 Principalem
2210 3587 2352 3648 pos·

786 3669 998 3740 sidet,
1041 3686 1167 3732 non
1213 3666 1351 3732 sine
1393 3664 1587 3731 divini
1630 3663 1915 3729 Numinis
1946 3661 2200 3745 speciali
2231 3683 2350 3745 ope

782 3767 1038 3829 beatum
1073 3763 1414 3846 ⁸losephum
1442 3763 1506 3824 in
1528 3760 1774 3844 Oppido
1800 3761 2131 3825 Leonissae
2162 3760 2224 3822 in
2256 3759 2350 3823 lu-

787 3880 927 3924 cem
962 3858 1207 3935 edidit,
1236 3860 1416 3941 cujus
1445 3856 1788 3923 altissimae
1827 3855 2234 3939 perfectionis
2261 3856 2351 3921 fa·

782 3975 888 4027 ma
929 3956 1223 4020 vitiorum
1268 3955 1731 4036 haeresnmque
1774 3959 2050 4018 monstra
2091 3952 2351 4018 confun-

785 4053 1121 4127 derentur,
1154 4062 1221 4116 et
1250 4072 1402 4117 vera
1429 4071 1593 4134 quae
1622 4067 1737 4133 per
1768 4043 2349 4132 dilectionemope·

783 4158 983 4224 ratur,
1011 4158 1285 4216 Romana
1318 4149 1498 4216 Fides
1529 4168 1609 4214 ex
1641 4149 1839 4232 ipsius
1869 4146 2206 4232 splendore
2227 4147 2345 4210 vir·

785 4258 988 4314 tutum
1022 4265 1252 4313 novum
1283 4247 1590 4330 reciperet
1615 4246 1938 4311 munimen
1958 4254 2025 4311 et
2045 4243 2345 4310 solamen.

779 4352 858 4412 Et
902 4365 1051 4410 sane
1096 4345 1159 4408 in
1202 4346 1354 4409 Viro
1386 4346 1509 4409 isto
1539 4343 1706 4436 omni
1739 4342 2189 4427 laude‘digno,
2220 4360 2345 4410 noa

780 4430 986 4508 minus
1020 4442 1308 4526 propriae
1337 4462 1522 4524 quam
1555 4439 1794 4506 alienae
1825 4439 2071 4505 solicito
2101 4428 2346 4512 salutis,

777 4550 907 4605 tam
936 4539 1281 4608 vehemens
1305 4537 1498 4616 divini
1530 4538 1762 4602 amoris
1794 4544 2011 4601 aestus
2037 4555 2110 4601 ac
2137 4535 2349 4600 catire-

777 4636 938 4702 licae
982 4633 1325 4719 Religionis
1377 4636 1814 4720 propagandae
1858 4633 2028 4696 Fidei
2075 4631 2343 4697 studium

779 4736 924 4808 fuit,
956 4744 1026 4800 ut
1053 4753 1174 4796 non
1208 4732 1394 4798 modo
1425 4732 1727 4797 abdicatis
1758 4730 1955 4796 seculi
1987 4730 2233 4813 pompis
2257 4738 2349 4794 to·

779 4842 913 4897 tum
955 4852 1025 4896 se
1075 4838 1200 4896 Deo
1242 4833 1304 4895 in
1348 4851 1521 4896 sacra
1564 4829 2048 4912 Capnccinorum
2091 4828 2346 4893 Familia

778 4929 1198 5010 manciparet3
1245 4929 1352 4992 nbi
1397 4926 1825 5001 orationibus,
1869 4925 2143 5009 vigiliis,
2181 4925 2348 5010 jeju-

777 5027 899 5089 niis
929 5026 1283 5108 ceterisque
1311 5024 1594 5105 corporis
1639 5021 2161 5086 macerationibus
2201 5043 2349 5104 ope·

775 5141 909 5190 ram
943 5121 1118 5185 dedit
1140 5147 1159 5184 ι
1190 5121 1312 5185 Sed
1346 5120 1446 5183 nil·
1466 5121 1758 5204 omittens
1785 5139 1898 5201 pro
1930 5116 2103 5183 illius
2147 5118 2342 5183 seculi

779 5218 1134 5301 depravatis
1163 5215 1446 5282 moribus
1472 5213 1857 5298 corrigendis
1875 5257 1897 5288 ,
1927 5213 1994 5277 in
2019 5213 2186 5280 omni
2231 5214 2350 5280 vir-

884 5427 972 5503 (²)
996 5427 1120 5484 m.
1151 5429 1202 5483 ι.
1228 5403 1350 5504 kap.
1376 5428 1432 5483 2.
1578 5424 1674 5502 (b)
1696 5424 1892 5500 tpzse.
1919 5427 2008 5483 st.

2467 735 2576 798 bat
2631 733 2932 798 charitate
2954 778 2975 806 ,
3025 743 3092 798 nt
3141 736 3328 800 etiam
3383 737 3753 822 martyrium
3803 737 4030 803 Christi

2466 831 2715 897 Athleta
2734 848 2850 914 pro
2867 831 3218 898 infidelium
3249 842 3572 916 appeteret
3597 837 4030 911 conversione,

2468 939 2532 994 ut
2580 929 2720 1013 ejus
2762 914 2939 1014 gesta
2983 930 3361 1013 loquuntur.
3402 938 3619 1015 ltaque
3646 931 3699 997 si
3729 938 4028 998 SANCTI-

2464 1034 2645 1092 TATl
2675 1035 2844 1095 TUAE
2867 1026 3072 1105 disum
3099 1027 3293 1092 fuerit
3311 1071 3334 1103 ,
3364 1035 3622 1095 Beatum
3652 1030 3846 1095 istum
3889 1037 4034 1097 San·

2463 1136 2710 1192 ctomm
2739 1126 3035 1212 Catalogo
3060 1126 3547 1205 adscribendum
3577 1148 3809 1195 censeo
3829 1175 3848 1192 .

2458 1324 2537 1385 D.
2568 1323 3167 1386 FBRDINANDUS
3201 1321 3701 1386 ammanus
3719 1324 4031 1387 &eiecisti

2639 1421 3141 1498 Archiepmopus
3174 1426 3495 1486 Ravennae
3519 1423 3846 1485 Aaemaem.

2587 1611 2789 1678 Nullis
2817 1611 3102 1695 prthcto
3130 1612 3419 1679 humanis
3449 1612 3740 1695 laudibus
3765 1613 4032 1696 aequari

2464 1720 2751 1790 possunt,
2783 1714 3281 1803 SANcrlssluE
3311 1717 3590 1783 PATER,
3615 1710 3830 1776 merita
3858 1711 4031 1779 beati

2464 1808 2699 1891 loseph
2741 1828 2776 1872 a
2817 1808 3150 1876 Leonissa.
3195 1807 3683 1887 Charitas-illius
3710 1808 4035 1895 inPaupe·

2467 1923 2569 1968 res
2591 1948 2611 1977 ,
2659 1904 2720 1969 in
2765 1911 3133 1970 Peccatores
3164 1914 3230 1970 et
3261 1903 3554 1971 infideles
3583 1905 3833 1970 flamma
3869 1902 4037 1988 ignis

2463 1999 2623 2076 fuit,
2654 2002 2906 2067 flamma
2938 2001 3158 2068 lucens
3185 2012 3247 2069 et
3279 2004 3680 2068 comburens.
3705 2008 3880 2078 Quae
3907 2022 4036 2067 non

2466 2099 2845 2185 excogitavit
2870 2099 3110 2183 loseph
3134 2143 3156 2173 ,
3190 2121 3352 2183 quae
3383 2108 3504 2165 non
3536 2101 3838 2183 suscepit,
3870 2122 4037 2184 qnae

2462 2216 2586 2262 non
2613 2196 2889 2263 absolvit
2914 2199 3310 2263 sanctissima
3338 2199 3586 2265 heroica
3612 2197 3887 2264 facinora
3915 2241 3938 2272 ,
3968 2210 4038 2266 ut

2462 2299 2776 2376 Pauperes
2806 2291 3043 2360 levaret
3067 2316 3096 2368 ,¹
3118 2301 3490 2360 Peccatores
3518 2295 3599 2360 ad
3617 2314 3779 2369 coe,
3811 2294 4038 2361 infide·

2463 2388 2669 2456 les2ad
2699 2389 2888 2456 tidem
2920 2394 3347 2480 converteret?
3367 2393 3782 2458 Barbarornm
3809 2394 4037 2479 aegio-

2463 2507 2577 2554 nes
2609 2488 2781 2554 ultro
2805 2488 3006 2565 adiit,
3037 2490 3446 2557 immanitatis
3475 2489 3705 2555 faciem
3734 2497 3799 2555 et
3825 2491 4037 2558 uisas

2463 2603 2585 2650 non
2616 2586 2854 2662 timuit,
2880 2594 2951 2652 ut
2979 2587 3374 2670 Captivorum
3398 2589 3666 2674 gemitus
3693 2587 4036 2664 solaretur,

2461 2693 2720 2750 catenas
2761 2686 3165 2766 abrumperet
3204 2695 3270 2750 et
3312 2686 3660 2753 secretiora
3699 2686 4035 2752 tremendi

2463 2781 3039 2865 Regis-penetralia
3069 2784 3379 2861 tentarit,
3420 2792 3493 2849 ut
3531 2806 3611 2850 so
3652 2803 3851 2865 usque
3882 2783 4037 2848 insi-

2462 2887 2651 2943 nuata
2700 2880 2884 2944 Fides
2923 2879 3352 2963 captivitatem
3399 2890 3495 2947 tot
3542 2878 3892 2945 infidelium
3941 2879 4036 2945 ad

2455 2976 2754 3042 Crucifixi
2790 2977 2986 3063 pedes
3012 2979 3318 3062 captivam
3351 2978 3617 3044 duceret
3637 3026 3653 3042 .
3684 2984 3819 3045 Non
3848 2976 4033 3043 illum
4128 2989 4133 2993 ’

2461 3080 2785 3151 cari-eres,
2819 3095 2943 3140 non
2973 3077 3234 3142 verbera
3260 3119 3283 3151 ,
3313 3096 3435 3142 non
3467 3076 3730 3162 plagae,
3761 3097 3887 3141 non
3916 3077 4038 3141 im-

2463 3171 2669 3240 mania
2697 3180 3015 3239 tormenta
3045 3195 3080 3238 a
3113 3175 3429 3257 proposito
3461 3183 3860 3250 terruerunt,
3904 3176 4033 3242 etsi

2460 3271 2837 3356 minus,jam
2886 3282 3228 3357 martyrem
3274 3272 3654 3358 sanguineae
3686 3279 4031 3342 ‘turcarum

2459 3387 2680 3433 cruces
2708 3379 2852 3434 tunc
2881 3381 3416 3445 consummarunt,
3448 3370 3905 3436 consummavit
3931 3380 4029 3435 ta·

2461 3484 2609 3528 men
2644 3485 2826 3531 amor
2866 3475 2934 3531 et
2973 3466 3286 3542 charitas,
3319 3468 3667 3533 incensanti
3697 3467 4032 3546 laborum,

2455 3561 2857 3647 vigiliarum,
2899 3563 3192 3628 itinerum
3217 3611 3238 3640 ,
3266 3565 3734 3631 solicitudinem
3778 3585 3893 3649 pro
3935 3587 4036 3632 aa·

2459 3656 2594 3724 lute
2653 3660 3081 3725 Proximorum
3106 3705 3128 3736 ,
3187 3682 3300 3745 pro
3355 3663 3582 3728 Christi
3641 3663 4031 3745 Pauperibus

2458 3756 2763 3841 martyrio
2783 3803 2801 3820 .
2832 3757 3246 3822 Admirabilia
3273 3759 3430 3824 baec
3458 3759 3693 3834 omnia,
3727 3760 4035 3841 imperce-

2458 3852 2705 3935 ptibilis
2736 3874 2807 3920 ac
2836 3875 2998 3937 pene
3024 3856 3230 3919 divina
3261 3856 3477 3920 merita
3503 3902 3523 3931 ,
3564 3862 4027 3922 Bssssrssmss

2457 3958 2707 4017 PATER
2739 3995 2761 4024 ,
2791 3972 2907 4033 per
2934 3973 3002 4016 se
3033 3952 3167 4038 ipsa
3197 3952 3541 4036 loquuntur
3563 3997 3585 4028 ,
3629 3973 3741 4035 per
3781 3974 3856 4018 se
3875 3953 4030 4035 ipsa

2457 4048 2744 4122 debitum
2764 4048 3099 4117 Caelitibus
3115 4051 3349 4117 cultum
3359 4064 3665 4136 expetere
3682 4061 3874 4136 atque
3896 4051 4031 4116 exi·

2456 4165 2616 4231 gere
2639 4146 2935 4212 videntur
2957 4193 2975 4211 .

2473 4343 2763 4416 5181.st
2791 4345 3070 4408 Salutius
3101 4297 3598 4424 antiepiscopus
3645 4339 3985 4412 flamm

2909 4467 2915 4474 ·
3071 4445 3401 4508 Asm'tm.

2582 4637 2781 4707 Quem
2841 4631 2906 4696 in
2959 4637 3327 4715 praeparato
3383 4632 3688 4719 martyrio
3725 4630 4016 4700 toleratis

2457 4729 2632 4812 prins
2680 4751 2794 4814 per
2842 4731 3120 4800 triduum
3175 4728 3587 4807 atrocissimis
3641 4730 4025 4797 cunci-tibus

2454 4833 2794 4914 Martyrem
2828 4827 3028 4893 noluit
3055 4829 3460 4912 omnipotens
3488 4826 3654 4894 Deus
3676 4873 3710 4902 ,-
3729 4829 4023 4893 eumdem

2456 4931 2661 4989 tamen
2686 4925 3126 4991 Confessorem
3158 4924 3596 4990 admirabilem
3631 4928 3750 4990 sub
3778 4926 4022 4991 diverso

2456 5023 2738 5108 martyrii
2767 5043 3024 5108 genere,
3043 5032 3111 5087 ut
3133 5024 3452 5106 exemplar
3479 5024 3855 5090 christianae
3884 5046 4024 5107 per·

2458 5117 2749 5185 fectionis
2778 5121 2961 5185 nobis
2989 5119 3287 5208 reliquitz
3321 5126 3551 5186 Beatus
3582 5121 3745 5186 enim
3789 5122 4023 5205 Josepb

2456 5218 2806 5285 aLeonissa
2826 5219 2887 5282 in
2908 5217 3149 5285 ltaliam
3176 5239 3213 5285 e
3236 5218 3769 5304 Constantinopoli
3797 5219 4022 5296 redux,
