<?xml version="1.0" encoding="UTF-8"?>
<!DOCTYPE html PUBLIC "-//W3C//DTD XHTML 1.0 Transitional//EN"
    "http://www.w3.org/TR/xhtml1/DTD/xhtml1-transitional.dtd">
<html xmlns="http://www.w3.org/1999/xhtml" xml:lang="en" lang="en">
 <head>
  <title>
</title>
<meta http-equiv="Content-Type" content="text/html;charset=utf-8" />
  <meta name='ocr-system' content='tesseract 3.04.00' />
  <meta name='ocr-capabilities' content='ocr_page ocr_carea ocr_par ocr_line ocrx_word'/>
</head>
<body>
  <div class='ocr_page' id='page_1' title='image "benedictixivpon00benegoog_0445.png"; bbox 0 0 4442 6300; ppageno 0'>
   <div class='ocr_carea' id='block_1_1' title="bbox 1479 532 2526 604">
    <p class='ocr_par' dir='ltr' id='par_1_1' title="bbox 1479 532 2526 604">
     <span class='ocr_line' id='line_1_1' title="bbox 1479 532 2526 604; baseline -0.004 -14"><span class='ocrx_word' id='word_1_1' title='bbox 1479 535 1824 604; x_wconf 75' lang='grc'><strong>0011101111</strong></span> <span class='ocrx_word' id='word_1_2' title='bbox 1866 532 2329 589; x_wconf 58' lang='lat' dir='ltr'><strong>mucronum</strong></span> <span class='ocrx_word' id='word_1_3' title='bbox 2363 535 2526 587; x_wconf 67' lang='lat' dir='ltr'><strong>erc.</strong></span> 
     </span>
    </p>
   </div>
   <div class='ocr_carea' id='block_1_2' title="bbox 415 670 1974 756">
    <p class='ocr_par' dir='ltr' id='par_1_2' title="bbox 415 670 1974 756">
     <span class='ocr_line' id='line_1_2' title="bbox 415 670 1974 756; baseline -0.004 -7"><span class='ocrx_word' id='word_1_4' title='bbox 415 698 638 749; x_wconf 74' lang='lat' dir='ltr'><strong>eorum</strong></span> <span class='ocrx_word' id='word_1_5' title='bbox 673 679 1110 746; x_wconf 74' lang='lat' dir='ltr'><strong>membrorum</strong></span> <span class='ocrx_word' id='word_1_6' title='bbox 1168 670 1433 756; x_wconf 80' lang='lat' dir='ltr'><strong>carnes,</strong></span> <span class='ocrx_word' id='word_1_7' title='bbox 1494 679 1742 747; x_wconf 86' lang='lat' dir='ltr'><strong>linteoli</strong></span> <span class='ocrx_word' id='word_1_8' title='bbox 1803 680 1974 752; x_wconf 83' lang='lat' dir='ltr'><strong>ritu,</strong></span> 
     </span>
    </p>
   </div>
   <div class='ocr_carea' id='block_1_3' title="bbox 3358 535 3468 590">
    <p class='ocr_par' dir='ltr' id='par_1_3' title="bbox 3358 535 3468 590">
     <span class='ocr_line' id='line_1_3' title="bbox 3358 535 3468 590; baseline -0.018 0"><span class='ocrx_word' id='word_1_9' title='bbox 3358 535 3468 590; x_wconf 69' lang='grc'><strong>359</strong></span> 
     </span>
    </p>
   </div>
   <div class='ocr_carea' id='block_1_4' title="bbox 2087 652 3647 762">
    <p class='ocr_par' dir='ltr' id='par_1_4' title="bbox 2087 652 3647 762">
     <span class='ocr_line' id='line_1_4' title="bbox 2087 652 3647 762; baseline 0.001 -21"><span class='ocrx_word' id='word_1_10' title='bbox 2087 652 2401 741; x_wconf 79' lang='lat' dir='ltr'><strong>dictorum</strong></span> <span class='ocrx_word' id='word_1_11' title='bbox 2431 683 2872 762; x_wconf 82' lang='lat' dir='ltr'><strong>supremorum</strong></span> <span class='ocrx_word' id='word_1_12' title='bbox 2901 679 3299 762; x_wconf 73' lang='lat' dir='ltr'><strong>Principum,</strong></span> <span class='ocrx_word' id='word_1_13' title='bbox 3354 685 3422 743; x_wconf 84' lang='lat' dir='ltr'><strong>et</strong></span> <span class='ocrx_word' id='word_1_14' title='bbox 3478 680 3647 743; x_wconf 79' lang='lat' dir='ltr'><strong>Anti·</strong></span> 
     </span>
    </p>
   </div>
   <div class='ocr_carea' id='block_1_5' title="bbox 418 775 3647 861">
    <p class='ocr_par' dir='ltr' id='par_1_5' title="bbox 418 775 3647 861">
     <span class='ocr_line' id='line_1_5' title="bbox 418 775 3647 861; baseline -0.002 -18"><span class='ocrx_word' id='word_1_15' title='bbox 418 797 918 861; x_wconf 75' lang='lat' dir='ltr'><strong>quaquaversum</strong></span> <span class='ocrx_word' id='word_1_16' title='bbox 969 775 1539 859; x_wconf 75' lang='lat' dir='ltr'><strong>complicarentur‚</strong></span> <span class='ocrx_word' id='word_1_17' title='bbox 1595 778 1848 845; x_wconf 80' lang='lat' dir='ltr'><strong>ossibus</strong></span> <span class='ocrx_word' id='word_1_18' title='bbox 1902 796 1976 849; x_wconf 84' lang='lat' dir='ltr'><strong>ea</strong></span> <span class='ocrx_word' id='word_1_19' title='bbox 2089 775 2352 849; x_wconf 82' lang='grc'><strong>0111010,</strong></span> <span class='ocrx_word' id='word_1_20' title='bbox 2381 794 2454 838; x_wconf 84' lang='lat' dir='ltr'><strong>ac</strong></span> <span class='ocrx_word' id='word_1_21' title='bbox 2483 775 2860 858; x_wconf 80' lang='lat' dir='ltr'><strong>Populorum</strong></span> <span class='ocrx_word' id='word_1_22' title='bbox 2886 784 3055 851; x_wconf 83' lang='lat' dir='ltr'><strong>vota,</strong></span> <span class='ocrx_word' id='word_1_23' title='bbox 3080 776 3647 856; x_wconf 76' lang='grc' dir='ltr'><strong>000110000οω01·-</strong></span> 
     </span>
    </p>
   </div>
   <div class='ocr_carea' id='block_1_6' title="bbox 409 873 1983 4350">
    <p class='ocr_par' dir='ltr' id='par_1_6' title="bbox 415 873 1982 1618">
     <span class='ocr_line' id='line_1_6' title="bbox 416 873 1982 956; baseline -0.004 -15"><span class='ocrx_word' id='word_1_24' title='bbox 416 892 635 941; x_wconf 77' lang='lat' dir='ltr'><strong>carere</strong></span> <span class='ocrx_word' id='word_1_25' title='bbox 661 873 914 940; x_wconf 88' lang='lat' dir='ltr'><strong>omnino</strong></span> <span class='ocrx_word' id='word_1_26' title='bbox 940 875 1350 956; x_wconf 73' lang='lat' dir='ltr'><strong>putabanturz</strong></span> <span class='ocrx_word' id='word_1_27' title='bbox 1378 881 1472 943; x_wconf 78' lang='lat' dir='ltr'><strong>flu</strong></span> <span class='ocrx_word' id='word_1_28' title='bbox 1487 894 1564 939; x_wconf 85' lang='lat' dir='ltr'><strong>ne</strong></span> <span class='ocrx_word' id='word_1_29' title='bbox 1590 882 1792 943; x_wconf 73' lang='grc'><strong>110101·</strong></span> <span class='ocrx_word' id='word_1_30' title='bbox 1808 875 1982 937; x_wconf 83' lang='grc' dir='ltr'><strong>1ιίοη-</strong></span> 
     </span>
     <span class='ocr_line' id='line_1_7' title="bbox 416 970 1982 1056; baseline -0.001 -21"><span class='ocrx_word' id='word_1_31' title='bbox 416 971 506 1035; x_wconf 84' lang='lat' dir='ltr'><strong>nii</strong></span> <span class='ocrx_word' id='word_1_32' title='bbox 528 970 661 1055; x_wconf 74' lang='lat' dir='ltr'><strong>iam</strong></span> <span class='ocrx_word' id='word_1_33' title='bbox 692 979 898 1037; x_wconf 82' lang='lat' dir='ltr'><strong>aetate</strong></span> <span class='ocrx_word' id='word_1_34' title='bbox 928 971 1018 1037; x_wconf 89' lang='lat' dir='ltr'><strong>nil</strong></span> <span class='ocrx_word' id='word_1_35' title='bbox 1047 970 1475 1056; x_wconf 83' lang='lat' dir='ltr'><strong>proficientem</strong></span> <span class='ocrx_word' id='word_1_36' title='bbox 1512 973 1590 1038; x_wconf 89' lang='lat' dir='ltr'><strong>ad</strong></span> <span class='ocrx_word' id='word_1_37' title='bbox 1640 977 1822 1037; x_wconf 82' lang='lat' dir='ltr'><strong>Aram</strong></span> <span class='ocrx_word' id='word_1_38' title='bbox 1878 971 1982 1035; x_wconf 84' lang='lat' dir='ltr'><strong>ad-</strong></span> 
     </span>
     <span class='ocr_line' id='line_1_8' title="bbox 418 1067 1974 1151; baseline 0.003 -19"><span class='ocrx_word' id='word_1_39' title='bbox 418 1067 594 1132; x_wconf 79' lang='lat' dir='ltr'><strong>duxit</strong></span> <span class='ocrx_word' id='word_1_40' title='bbox 615 1111 637 1139; x_wconf 89' lang='grc'>,</span> <span class='ocrx_word' id='word_1_41' title='bbox 671 1069 791 1133; x_wconf 89' lang='lat' dir='ltr'><strong>sub</strong></span> <span class='ocrx_word' id='word_1_42' title='bbox 821 1088 941 1149; x_wconf 87' lang='lat' dir='ltr'><strong>qua</strong></span> <span class='ocrx_word' id='word_1_43' title='bbox 972 1068 1139 1133; x_wconf 84' lang='lat' dir='ltr'><strong>beati</strong></span> <span class='ocrx_word' id='word_1_44' title='bbox 1171 1069 1430 1149; x_wconf 85' lang='grc' dir='ltr'><strong>100001ιί</strong></span> <span class='ocrx_word' id='word_1_45' title='bbox 1468 1089 1700 1150; x_wconf 92' lang='lat' dir='ltr'><strong>corpus</strong></span> <span class='ocrx_word' id='word_1_46' title='bbox 1736 1069 1974 1151; x_wconf 89' lang='lat' dir='ltr'><strong>requie·</strong></span> 
     </span>
     <span class='ocr_line' id='line_1_9' title="bbox 419 1165 1982 1247; baseline -0.001 -17"><span class='ocrx_word' id='word_1_47' title='bbox 419 1165 586 1240; x_wconf 80' lang='lat' dir='ltr'><strong>scit;</strong></span> <span class='ocrx_word' id='word_1_48' title='bbox 614 1183 882 1245; x_wconf 87' lang='lat' dir='ltr'><strong>cumque</strong></span> <span class='ocrx_word' id='word_1_49' title='bbox 911 1165 1397 1246; x_wconf 84' lang='lat' dir='ltr'><strong>omnipotentem</strong></span> <span class='ocrx_word' id='word_1_50' title='bbox 1453 1172 1648 1230; x_wconf 86' lang='lat' dir='ltr'><strong>Deum</strong></span> <span class='ocrx_word' id='word_1_51' title='bbox 1707 1184 1822 1247; x_wconf 86' lang='lat' dir='ltr'><strong>pro</strong></span> <span class='ocrx_word' id='word_1_52' title='bbox 1876 1165 1982 1229; x_wconf 86' lang='lat' dir='ltr'><strong>de-</strong></span> 
     </span>
     <span class='ocr_line' id='line_1_10' title="bbox 415 1260 1982 1346; baseline 0.004 -21"><span class='ocrx_word' id='word_1_53' title='bbox 415 1261 660 1346; x_wconf 80' lang='lat' dir='ltr'><strong>plorata</strong></span> <span class='ocrx_word' id='word_1_54' title='bbox 685 1260 805 1325; x_wconf 87' lang='lat' dir='ltr'><strong>filii</strong></span> <span class='ocrx_word' id='word_1_55' title='bbox 839 1261 1107 1327; x_wconf 85' lang='lat' dir='ltr'><strong>sanitate</strong></span> <span class='ocrx_word' id='word_1_56' title='bbox 1135 1280 1249 1344; x_wconf 88' lang='lat' dir='ltr'><strong>per</strong></span> <span class='ocrx_word' id='word_1_57' title='bbox 1281 1261 1478 1343; x_wconf 87' lang='lat' dir='ltr'><strong>ipsius</strong></span> <span class='ocrx_word' id='word_1_58' title='bbox 1507 1265 1693 1328; x_wconf 86' lang='lat' dir='ltr'><strong>Beati</strong></span> <span class='ocrx_word' id='word_1_59' title='bbox 1757 1262 1982 1331; x_wconf 76' lang='lat' dir='ltr'><strong>merita</strong></span> 
     </span>
     <span class='ocr_line' id='line_1_11' title="bbox 418 1357 1982 1443; baseline 0.001 -19"><span class='ocrx_word' id='word_1_60' title='bbox 418 1380 562 1425; x_wconf 87' lang='lat' dir='ltr'><strong>cum</strong></span> <span class='ocrx_word' id='word_1_61' title='bbox 592 1357 882 1443; x_wconf 79' lang='lat' dir='ltr'><strong>lacrymis</strong></span> <span class='ocrx_word' id='word_1_62' title='bbox 911 1368 1282 1435; x_wconf 84' lang='lat' dir='ltr'><strong>exorasset,</strong></span> <span class='ocrx_word' id='word_1_63' title='bbox 1311 1361 1604 1427; x_wconf 86' lang='lat' dir='ltr'><strong>exaudita</strong></span> <span class='ocrx_word' id='word_1_64' title='bbox 1630 1369 1729 1429; x_wconf 86' lang='grc'><strong>001</strong></span> <span class='ocrx_word' id='word_1_65' title='bbox 1776 1361 1982 1426; x_wconf 89' lang='lat' dir='ltr'><strong>oratio</strong></span> 
     </span>
     <span class='ocr_line' id='line_1_12' title="bbox 420 1456 1975 1540; baseline 0.002 -19"><span class='ocrx_word' id='word_1_66' title='bbox 420 1456 602 1540; x_wconf 81' lang='lat' dir='ltr'><strong>ejus,</strong></span> <span class='ocrx_word' id='word_1_67' title='bbox 633 1456 793 1519; x_wconf 88' lang='lat' dir='ltr'><strong>itaut</strong></span> <span class='ocrx_word' id='word_1_68' title='bbox 819 1476 1087 1539; x_wconf 89' lang='lat' dir='ltr'><strong>puerum</strong></span> <span class='ocrx_word' id='word_1_69' title='bbox 1117 1456 1264 1522; x_wconf 88' lang='lat' dir='ltr'><strong>inde</strong></span> <span class='ocrx_word' id='word_1_70' title='bbox 1291 1457 1567 1539; x_wconf 89' lang='lat' dir='ltr'><strong>pedihus</strong></span> <span class='ocrx_word' id='word_1_71' title='bbox 1624 1458 1757 1526; x_wconf 88' lang='lat' dir='ltr'><strong>suis</strong></span> <span class='ocrx_word' id='word_1_72' title='bbox 1809 1459 1975 1525; x_wconf 90' lang='lat' dir='ltr'><strong>ince-</strong></span> 
     </span>
     <span class='ocr_line' id='line_1_13' title="bbox 415 1552 1339 1618; baseline 0 -1"><span class='ocrx_word' id='word_1_73' title='bbox 415 1552 673 1617; x_wconf 90' lang='lat' dir='ltr'><strong>dentem</strong></span> <span class='ocrx_word' id='word_1_74' title='bbox 710 1559 972 1617; x_wconf 82' lang='lat' dir='ltr'><strong>Domum</strong></span> <span class='ocrx_word' id='word_1_75' title='bbox 997 1553 1339 1618; x_wconf 82' lang='lat' dir='ltr'><strong>reduxerit.</strong></span> 
     </span>
    </p>

    <p class='ocr_par' dir='ltr' id='par_1_7' title="bbox 409 1648 1981 3556">
     <span class='ocr_line' id='line_1_14' title="bbox 541 1648 1975 1727; baseline 0.003 -14"><span class='ocrx_word' id='word_1_76' title='bbox 541 1648 824 1715; x_wconf 79' lang='lat' dir='ltr'><strong>Alterum</strong></span> <span class='ocrx_word' id='word_1_77' title='bbox 857 1657 954 1713; x_wconf 84' lang='lat' dir='ltr'><strong>est</strong></span> <span class='ocrx_word' id='word_1_78' title='bbox 984 1650 1228 1715; x_wconf 88' lang='lat' dir='ltr'><strong>sanatio</strong></span> <span class='ocrx_word' id='word_1_79' title='bbox 1256 1651 1559 1717; x_wconf 77' lang='lat' dir='ltr'><strong>Antoniae</strong></span> <span class='ocrx_word' id='word_1_80' title='bbox 1598 1652 1975 1727; x_wconf 70' lang='lat' dir='ltr'><strong>Motelliae,</strong></span> 
     </span>
     <span class='ocr_line' id='line_1_15' title="bbox 418 1745 1977 1832; baseline 0 -19"><span class='ocrx_word' id='word_1_81' title='bbox 418 1745 519 1813; x_wconf 83' lang='lat' dir='ltr'><strong>cui</strong></span> <span class='ocrx_word' id='word_1_82' title='bbox 548 1754 844 1831; x_wconf 86' lang='lat' dir='ltr'><strong>congesta</strong></span> <span class='ocrx_word' id='word_1_83' title='bbox 878 1746 1057 1810; x_wconf 88' lang='lat' dir='ltr'><strong>tabes</strong></span> <span class='ocrx_word' id='word_1_84' title='bbox 1084 1745 1150 1808; x_wconf 93' lang='lat' dir='ltr'><strong>in</strong></span> <span class='ocrx_word' id='word_1_85' title='bbox 1178 1745 1427 1811; x_wconf 89' lang='lat' dir='ltr'><strong>sinistra</strong></span> <span class='ocrx_word' id='word_1_86' title='bbox 1459 1746 1731 1813; x_wconf 75' lang='lat' dir='ltr'><strong>thoracis</strong></span> <span class='ocrx_word' id='word_1_87' title='bbox 1777 1750 1977 1832; x_wconf 86' lang='lat' dir='ltr'><strong>regio·</strong></span> 
     </span>
     <span class='ocr_line' id='line_1_16' title="bbox 417 1841 1975 1920; baseline 0.002 -13"><span class='ocrx_word' id='word_1_88' title='bbox 417 1860 498 1907; x_wconf 84' lang='lat' dir='ltr'><strong>ne</strong></span> <span class='ocrx_word' id='word_1_89' title='bbox 527 1841 823 1906; x_wconf 85' lang='lat' dir='ltr'><strong>interiora</strong></span> <span class='ocrx_word' id='word_1_90' title='bbox 852 1842 1091 1908; x_wconf 83' lang='lat' dir='ltr'><strong>viscera</strong></span> <span class='ocrx_word' id='word_1_91' title='bbox 1118 1843 1277 1909; x_wconf 89' lang='lat' dir='ltr'><strong>adeo</strong></span> <span class='ocrx_word' id='word_1_92' title='bbox 1303 1842 1643 1920; x_wconf 75' lang='lat' dir='ltr'><strong>infecerat,</strong></span> <span class='ocrx_word' id='word_1_93' title='bbox 1698 1856 1769 1912; x_wconf 89' lang='lat' dir='ltr'><strong>ut</strong></span> <span class='ocrx_word' id='word_1_94' title='bbox 1827 1845 1975 1913; x_wconf 85' lang='lat' dir='ltr'><strong>licet</strong></span> 
     </span>
     <span class='ocr_line' id='line_1_17' title="bbox 419 1938 1981 2027; baseline 0.002 -23"><span class='ocrx_word' id='word_1_95' title='bbox 419 1938 708 2022; x_wconf 77' lang='lat' dir='ltr'>Chirurgi</span> <span class='ocrx_word' id='word_1_96' title='bbox 736 1958 919 2003; x_wconf 88' lang='lat' dir='ltr'><strong>manu</strong></span> <span class='ocrx_word' id='word_1_97' title='bbox 950 1947 1250 2006; x_wconf 79' lang='lat' dir='ltr'><strong>externus</strong></span> <span class='ocrx_word' id='word_1_98' title='bbox 1278 1942 1510 2006; x_wconf 89' lang='lat' dir='ltr'><strong>tumori</strong></span> <span class='ocrx_word' id='word_1_99' title='bbox 1547 1942 1753 2009; x_wconf 83' lang='lat' dir='ltr'><strong>hiatus</strong></span> <span class='ocrx_word' id='word_1_100' title='bbox 1808 1964 1981 2027; x_wconf 85' lang='lat' dir='ltr'><strong>aper·</strong></span> 
     </span>
     <span class='ocr_line' id='line_1_18' title="bbox 419 2034 1980 2113; baseline 0.003 -12"><span class='ocrx_word' id='word_1_101' title='bbox 419 2042 523 2101; x_wconf 87' lang='lat' dir='ltr'><strong>tus</strong></span> <span class='ocrx_word' id='word_1_102' title='bbox 550 2034 742 2101; x_wconf 80' lang='lat' dir='ltr'><strong>fuerit</strong></span> <span class='ocrx_word' id='word_1_103' title='bbox 762 2078 785 2109; x_wconf 87' lang='lat'>‚</span> <span class='ocrx_word' id='word_1_104' title='bbox 816 2042 1095 2101; x_wconf 77' lang='lat' dir='ltr'><strong>attamen</strong></span> <span class='ocrx_word' id='word_1_105' title='bbox 1130 2057 1251 2101; x_wconf 89' lang='lat' dir='ltr'><strong>nnn</strong></span> <span class='ocrx_word' id='word_1_106' title='bbox 1283 2056 1365 2103; x_wconf 84' lang='lat' dir='ltr'><strong>ex</strong></span> <span class='ocrx_word' id='word_1_107' title='bbox 1421 2059 1499 2104; x_wconf 88' lang='lat' dir='ltr'><strong>eo</strong></span> <span class='ocrx_word' id='word_1_108' title='bbox 1554 2040 1759 2106; x_wconf 88' lang='lat' dir='ltr'><strong>solum</strong></span> <span class='ocrx_word' id='word_1_109' title='bbox 1783 2082 1804 2113; x_wconf 86' lang='lat'><strong>,</strong></span> <span class='ocrx_word' id='word_1_110' title='bbox 1864 2041 1980 2106; x_wconf 89' lang='lat' dir='ltr'><strong>sed</strong></span> 
     </span>
     <span class='ocr_line' id='line_1_19' title="bbox 421 2133 1977 2217; baseline 0.006 -22"><span class='ocrx_word' id='word_1_111' title='bbox 421 2153 610 2214; x_wconf 81' lang='lat' dir='ltr'><strong>saepe</strong></span> <span class='ocrx_word' id='word_1_112' title='bbox 641 2133 830 2198; x_wconf 89' lang='lat' dir='ltr'><strong>etiam</strong></span> <span class='ocrx_word' id='word_1_113' title='bbox 861 2153 942 2201; x_wconf 82' lang='lat' dir='ltr'><strong>ex</strong></span> <span class='ocrx_word' id='word_1_114' title='bbox 967 2136 1348 2217; x_wconf 85' lang='lat' dir='ltr'><strong>aegrotantis</strong></span> <span class='ocrx_word' id='word_1_115' title='bbox 1369 2156 1480 2201; x_wconf 85' lang='lat' dir='ltr'><strong>ore</strong></span> <span class='ocrx_word' id='word_1_116' title='bbox 1498 2179 1519 2209; x_wconf 92' lang='lat'>‚</span> <span class='ocrx_word' id='word_1_117' title='bbox 1549 2138 1760 2205; x_wconf 81' lang='lat' dir='ltr'><strong>sanies</strong></span> <span class='ocrx_word' id='word_1_118' title='bbox 1786 2139 1977 2205; x_wconf 86' lang='lat' dir='ltr'><strong>mixta</strong></span> 
     </span>
     <span class='ocr_line' id='line_1_20' title="bbox 423 2228 1975 2315; baseline 0.004 -23"><span class='ocrx_word' id='word_1_119' title='bbox 423 2230 718 2310; x_wconf 81' lang='lat' dir='ltr'><strong>sanguine</strong></span> <span class='ocrx_word' id='word_1_120' title='bbox 747 2228 1098 2295; x_wconf 70' lang='lat' dir='ltr'><strong>alternatim</strong></span> <span class='ocrx_word' id='word_1_121' title='bbox 1126 2231 1319 2297; x_wconf 83' lang='lat' dir='ltr'><strong>fluere</strong></span> <span class='ocrx_word' id='word_1_122' title='bbox 1372 2235 1765 2315; x_wconf 52' lang='lat' dir='ltr'><strong>perrexerim</strong></span> <span class='ocrx_word' id='word_1_123' title='bbox 1823 2236 1975 2303; x_wconf 84' lang='lat' dir='ltr'><strong>assi·</strong></span> 
     </span>
     <span class='ocr_line' id='line_1_21' title="bbox 420 2324 1976 2417; baseline 0.002 -24"><span class='ocrx_word' id='word_1_124' title='bbox 420 2328 709 2409; x_wconf 83' lang='lat' dir='ltr'><strong>duusque</strong></span> <span class='ocrx_word' id='word_1_125' title='bbox 739 2324 925 2392; x_wconf 90' lang='lat' dir='ltr'><strong>dolor</strong></span> <span class='ocrx_word' id='word_1_126' title='bbox 953 2346 1095 2391; x_wconf 89' lang='lat' dir='ltr'><strong>cum</strong></span> <span class='ocrx_word' id='word_1_127' title='bbox 1126 2328 1283 2392; x_wconf 89' lang='lat' dir='ltr'><strong>tussi</strong></span> <span class='ocrx_word' id='word_1_128' title='bbox 1312 2335 1376 2391; x_wconf 88' lang='lat' dir='ltr'><strong>et</strong></span> <span class='ocrx_word' id='word_1_129' title='bbox 1408 2329 1570 2417; x_wconf 77' lang='lat' dir='ltr'><strong>febri</strong></span> <span class='ocrx_word' id='word_1_130' title='bbox 1597 2373 1620 2402; x_wconf 84' lang='lat'>‚</span> <span class='ocrx_word' id='word_1_131' title='bbox 1669 2330 1976 2397; x_wconf 74' lang='lat' dir='ltr'><strong>hecticam</strong></span> 
     </span>
     <span class='ocr_line' id='line_1_22' title="bbox 417 2423 1981 2506; baseline 0 -13"><span class='ocrx_word' id='word_1_132' title='bbox 417 2423 750 2493; x_wconf 65' lang='lat' dir='ltr'><strong>Uulierem</strong></span> <span class='ocrx_word' id='word_1_133' title='bbox 785 2423 1041 2490; x_wconf 89' lang='lat' dir='ltr'><strong>biennio</strong></span> <span class='ocrx_word' id='word_1_134' title='bbox 1070 2432 1204 2489; x_wconf 92' lang='lat' dir='ltr'><strong>toto</strong></span> <span class='ocrx_word' id='word_1_135' title='bbox 1235 2425 1530 2490; x_wconf 81' lang='lat' dir='ltr'><strong>afflictam</strong></span> <span class='ocrx_word' id='word_1_136' title='bbox 1592 2428 1981 2506; x_wconf 80' lang='lat' dir='ltr'><strong>detinuerit;</strong></span> 
     </span>
     <span class='ocr_line' id='line_1_23' title="bbox 413 2521 1974 2599; baseline 0.003 -12"><span class='ocrx_word' id='word_1_137' title='bbox 413 2521 644 2589; x_wconf 76' lang='lat' dir='ltr'><strong>vulnus</strong></span> <span class='ocrx_word' id='word_1_138' title='bbox 669 2531 879 2586; x_wconf 85' lang='lat' dir='ltr'><strong>autem</strong></span> <span class='ocrx_word' id='word_1_139' title='bbox 903 2564 925 2594; x_wconf 86' lang='lat'>‚</span> <span class='ocrx_word' id='word_1_140' title='bbox 951 2530 1278 2599; x_wconf 69' lang='lat' dir='ltr'><strong>,contracto</strong></span> <span class='ocrx_word' id='word_1_141' title='bbox 1323 2522 1487 2589; x_wconf 90' lang='lat' dir='ltr'><strong>callo</strong></span> <span class='ocrx_word' id='word_1_142' title='bbox 1509 2566 1532 2598; x_wconf 86' lang='lat'>‚</span> <span class='ocrx_word' id='word_1_143' title='bbox 1585 2524 1650 2587; x_wconf 89' lang='lat' dir='ltr'><strong>in</strong></span> <span class='ocrx_word' id='word_1_144' title='bbox 1703 2524 1974 2595; x_wconf 87' lang='lat' dir='ltr'><strong>fistulam</strong></span> 
     </span>
     <span class='ocr_line' id='line_1_24' title="bbox 417 2619 1981 2707; baseline 0.001 -20"><span class='ocrx_word' id='word_1_145' title='bbox 417 2620 916 2705; x_wconf 71' lang='lat' dir='ltr'><strong>degeneraverit,</strong></span> <span class='ocrx_word' id='word_1_146' title='bbox 946 2640 1026 2684; x_wconf 87' lang='lat' dir='ltr'><strong>ex</strong></span> <span class='ocrx_word' id='word_1_147' title='bbox 1056 2640 1178 2701; x_wconf 88' lang='lat' dir='ltr'><strong>qua</strong></span> <span class='ocrx_word' id='word_1_148' title='bbox 1206 2619 1467 2702; x_wconf 87' lang='lat' dir='ltr'><strong>spiritus</strong></span> <span class='ocrx_word' id='word_1_149' title='bbox 1487 2641 1601 2702; x_wconf 88' lang='lat' dir='ltr'><strong>per</strong></span> <span class='ocrx_word' id='word_1_150' title='bbox 1626 2624 1981 2707; x_wconf 86' lang='lat' dir='ltr'><strong>respiratio·</strong></span> 
     </span>
     <span class='ocr_line' id='line_1_25' title="bbox 415 2717 1978 2803; baseline 0.003 -22"><span class='ocrx_word' id='word_1_151' title='bbox 415 2736 562 2781; x_wconf 81' lang='lat' dir='ltr'><strong>nem</strong></span> <span class='ocrx_word' id='word_1_152' title='bbox 594 2724 848 2800; x_wconf 82' lang='lat' dir='ltr'><strong>pectore</strong></span> <span class='ocrx_word' id='word_1_153' title='bbox 880 2724 1180 2799; x_wconf 79' lang='lat' dir='ltr'><strong>exceptus</strong></span> <span class='ocrx_word' id='word_1_154' title='bbox 1217 2718 1378 2780; x_wconf 91' lang='lat' dir='ltr'><strong>adeo</strong></span> <span class='ocrx_word' id='word_1_155' title='bbox 1435 2717 1637 2782; x_wconf 90' lang='lat' dir='ltr'><strong>libere</strong></span> <span class='ocrx_word' id='word_1_156' title='bbox 1696 2740 1978 2803; x_wconf 84' lang='lat' dir='ltr'><strong>permea-</strong></span> 
     </span>
     <span class='ocr_line' id='line_1_26' title="bbox 416 2814 1980 2896; baseline 0.001 -16"><span class='ocrx_word' id='word_1_157' title='bbox 416 2816 527 2881; x_wconf 85' lang='lat' dir='ltr'><strong>bat</strong></span> <span class='ocrx_word' id='word_1_158' title='bbox 551 2858 573 2889; x_wconf 92' lang='lat'>‚</span> <span class='ocrx_word' id='word_1_159' title='bbox 603 2825 673 2879; x_wconf 91' lang='lat' dir='ltr'><strong>ut</strong></span> <span class='ocrx_word' id='word_1_160' title='bbox 702 2814 1039 2896; x_wconf 87' lang='lat' dir='ltr'><strong>aliquando</strong></span> <span class='ocrx_word' id='word_1_161' title='bbox 1066 2814 1366 2879; x_wconf 73' lang='lat' dir='ltr'><strong>candelae</strong></span> <span class='ocrx_word' id='word_1_162' title='bbox 1405 2815 1720 2880; x_wconf 82' lang='lat' dir='ltr'><strong>flammam</strong></span> <span class='ocrx_word' id='word_1_163' title='bbox 1780 2820 1980 2883; x_wconf 81' lang='lat' dir='ltr'><strong>extin-</strong></span> 
     </span>
     <span class='ocr_line' id='line_1_27' title="bbox 415 2910 1976 2996; baseline 0.006 -22"><span class='ocrx_word' id='word_1_164' title='bbox 415 2918 655 2996; x_wconf 79' lang='lat' dir='ltr'><strong>gueret.</strong></span> <span class='ocrx_word' id='word_1_165' title='bbox 690 2918 758 2974; x_wconf 88' lang='lat' dir='ltr'><strong>ln</strong></span> <span class='ocrx_word' id='word_1_166' title='bbox 815 2910 931 2974; x_wconf 86' lang='lat' dir='ltr'><strong>hoc</strong></span> <span class='ocrx_word' id='word_1_167' title='bbox 989 2911 1325 2992; x_wconf 84' lang='lat' dir='ltr'><strong>desperato</strong></span> <span class='ocrx_word' id='word_1_168' title='bbox 1378 2912 1755 2978; x_wconf 84' lang='lat' dir='ltr'><strong>valetudinis</strong></span> <span class='ocrx_word' id='word_1_169' title='bbox 1812 2922 1976 2983; x_wconf 73' lang='lat' dir='ltr'><strong>statu</strong></span> 
     </span>
     <span class='ocr_line' id='line_1_28' title="bbox 414 3007 1973 3091; baseline 0.003 -18"><span class='ocrx_word' id='word_1_170' title='bbox 414 3028 611 3090; x_wconf 84' lang='lat' dir='ltr'><strong>quum</strong></span> <span class='ocrx_word' id='word_1_171' title='bbox 641 3007 790 3074; x_wconf 89' lang='lat' dir='ltr'><strong>oleo</strong></span> <span class='ocrx_word' id='word_1_172' title='bbox 818 3027 898 3071; x_wconf 83' lang='lat' dir='ltr'><strong>ex</strong></span> <span class='ocrx_word' id='word_1_173' title='bbox 929 3007 1220 3088; x_wconf 86' lang='lat' dir='ltr'><strong>lampade</strong></span> <span class='ocrx_word' id='word_1_174' title='bbox 1249 3016 1392 3073; x_wconf 83' lang='lat' dir='ltr'><strong>ante</strong></span> <span class='ocrx_word' id='word_1_175' title='bbox 1423 3028 1651 3091; x_wconf 90' lang='lat' dir='ltr'><strong>corpus</strong></span> <span class='ocrx_word' id='word_1_176' title='bbox 1683 3011 1973 3078; x_wconf 74' lang='grc'><strong>11001110-</strong></span> 
     </span>
     <span class='ocr_line' id='line_1_29' title="bbox 415 3102 1975 3189; baseline 0.003 -21"><span class='ocrx_word' id='word_1_177' title='bbox 415 3104 593 3189; x_wconf 81' lang='grc'><strong>000111</strong></span> <span class='ocrx_word' id='word_1_178' title='bbox 622 3105 883 3171; x_wconf 76' lang='lat' dir='ltr'><strong>ardente</strong></span> <span class='ocrx_word' id='word_1_179' title='bbox 910 3102 1155 3168; x_wconf 82' lang='lat' dir='ltr'><strong>fistulae</strong></span> <span class='ocrx_word' id='word_1_180' title='bbox 1185 3103 1355 3170; x_wconf 86' lang='lat' dir='ltr'><strong>labia</strong></span> <span class='ocrx_word' id='word_1_181' title='bbox 1385 3105 1635 3173; x_wconf 85' lang='lat' dir='ltr'><strong>inuncta</strong></span> <span class='ocrx_word' id='word_1_182' title='bbox 1661 3106 1975 3183; x_wconf 76' lang='lat' dir='ltr'><strong>fuissent3</strong></span> 
     </span>
     <span class='ocr_line' id='line_1_30' title="bbox 417 3198 1980 3283; baseline 0.004 -20"><span class='ocrx_word' id='word_1_183' title='bbox 417 3202 606 3270; x_wconf 82' lang='lat' dir='ltr'><strong>unius</strong></span> <span class='ocrx_word' id='word_1_184' title='bbox 634 3201 838 3266; x_wconf 83' lang='lat' dir='ltr'><strong>noctis</strong></span> <span class='ocrx_word' id='word_1_185' title='bbox 870 3200 1077 3283; x_wconf 88' lang='lat' dir='ltr'><strong>spatio</strong></span> <span class='ocrx_word' id='word_1_186' title='bbox 1103 3198 1315 3266; x_wconf 80' lang='lat' dir='ltr'><strong>fistula</strong></span> <span class='ocrx_word' id='word_1_187' title='bbox 1343 3203 1625 3278; x_wconf 84' lang='lat' dir='ltr'><strong>coaluit,</strong></span> <span class='ocrx_word' id='word_1_188' title='bbox 1667 3206 1980 3271; x_wconf 83' lang='lat' dir='ltr'><strong>abscessit</strong></span> 
     </span>
     <span class='ocr_line' id='line_1_31' title="bbox 409 3294 1979 3374; baseline 0.004 -14"><span class='ocrx_word' id='word_1_189' title='bbox 409 3294 616 3362; x_wconf 75' lang='lat' dir='ltr'><strong>febris</strong></span> <span class='ocrx_word' id='word_1_190' title='bbox 642 3306 711 3364; x_wconf 90' lang='lat' dir='ltr'><strong>et</strong></span> <span class='ocrx_word' id='word_1_191' title='bbox 737 3295 967 3368; x_wconf 87' lang='lat' dir='ltr'><strong>dolor,</strong></span> <span class='ocrx_word' id='word_1_192' title='bbox 998 3295 1192 3361; x_wconf 89' lang='lat' dir='ltr'><strong>tussis</strong></span> <span class='ocrx_word' id='word_1_193' title='bbox 1219 3297 1527 3374; x_wconf 85' lang='lat' dir='ltr'><strong>cessavit,</strong></span> <span class='ocrx_word' id='word_1_194' title='bbox 1555 3298 1734 3364; x_wconf 87' lang='lat' dir='ltr'><strong>color</strong></span> <span class='ocrx_word' id='word_1_195' title='bbox 1782 3300 1979 3366; x_wconf 82' lang='lat' dir='ltr'><strong>vires-</strong></span> 
     </span>
     <span class='ocr_line' id='line_1_32' title="bbox 415 3393 1978 3480; baseline 0.006 -25"><span class='ocrx_word' id='word_1_196' title='bbox 415 3413 541 3476; x_wconf 83' lang='lat' dir='ltr'><strong>que</strong></span> <span class='ocrx_word' id='word_1_197' title='bbox 567 3393 928 3468; x_wconf 76' lang='lat' dir='ltr'><strong>redierunt,</strong></span> <span class='ocrx_word' id='word_1_198' title='bbox 958 3398 1146 3478; x_wconf 89' lang='lat' dir='ltr'><strong>atque</strong></span> <span class='ocrx_word' id='word_1_199' title='bbox 1175 3393 1418 3477; x_wconf 86' lang='lat' dir='ltr'><strong>integra</strong></span> <span class='ocrx_word' id='word_1_200' title='bbox 1447 3402 1512 3461; x_wconf 90' lang='lat' dir='ltr'><strong>et</strong></span> <span class='ocrx_word' id='word_1_201' title='bbox 1566 3416 1978 3480; x_wconf 83' lang='lat' dir='ltr'><strong>perseverans</strong></span> 
     </span>
     <span class='ocr_line' id='line_1_33' title="bbox 415 3473 1456 3564; baseline 0.001 -9"><span class='ocrx_word' id='word_1_202' title='bbox 415 3473 710 3564; x_wconf 73' lang='lat' dir='ltr'><strong>valetudo</strong></span> <span class='ocrx_word' id='word_1_203' title='bbox 734 3488 986 3554; x_wconf 73' lang='lat' dir='ltr'><strong>Mulieri</strong></span> <span class='ocrx_word' id='word_1_204' title='bbox 1013 3495 1114 3554; x_wconf 90' lang='lat' dir='ltr'><strong>est</strong></span> <span class='ocrx_word' id='word_1_205' title='bbox 1140 3491 1456 3556; x_wconf 89' lang='lat' dir='ltr'><strong>restituta.</strong></span> 
     </span>
    </p>

    <p class='ocr_par' dir='ltr' id='par_1_8' title="bbox 410 3573 1983 4350">
     <span class='ocr_line' id='line_1_34' title="bbox 537 3573 1979 3672; baseline 0.005 -20"><span class='ocrx_word' id='word_1_206' title='bbox 537 3589 653 3652; x_wconf 79' lang='lat' dir='ltr'><strong>His</strong></span> <span class='ocrx_word' id='word_1_207' title='bbox 680 3573 869 3672; x_wconf 86' lang='lat' dir='ltr'><strong>igitur</strong></span> <span class='ocrx_word' id='word_1_208' title='bbox 892 3588 1216 3670; x_wconf 77' lang='lat' dir='ltr'><strong>probatis.</strong></span> <span class='ocrx_word' id='word_1_209' title='bbox 1247 3608 1438 3669; x_wconf 87' lang='lat' dir='ltr'><strong>quum</strong></span> <span class='ocrx_word' id='word_1_210' title='bbox 1469 3588 1533 3651; x_wconf 89' lang='lat' dir='ltr'><strong>in</strong></span> <span class='ocrx_word' id='word_1_211' title='bbox 1564 3591 1846 3671; x_wconf 74' lang='lat' dir='ltr'><strong>praefata</strong></span> <span class='ocrx_word' id='word_1_212' title='bbox 1876 3598 1979 3658; x_wconf 85' lang='lat' dir='ltr'><strong>Sa·</strong></span> 
     </span>
     <span class='ocr_line' id='line_1_35' title="bbox 414 3684 1979 3768; baseline 0.001 -16"><span class='ocrx_word' id='word_1_213' title='bbox 414 3704 667 3752; x_wconf 84' lang='lat' dir='ltr'><strong>crorum</strong></span> <span class='ocrx_word' id='word_1_214' title='bbox 696 3685 952 3749; x_wconf 80' lang='lat' dir='ltr'><strong>Rituum</strong></span> <span class='ocrx_word' id='word_1_215' title='bbox 983 3684 1466 3768; x_wconf 76' lang='lat' dir='ltr'><strong>congregatione</strong></span> <span class='ocrx_word' id='word_1_216' title='bbox 1511 3705 1721 3749; x_wconf 83' lang='lat' dir='ltr'><strong>coram</strong></span> <span class='ocrx_word' id='word_1_217' title='bbox 1781 3690 1979 3753; x_wconf 85' lang='lat' dir='ltr'><strong>Nobis</strong></span> 
     </span>
     <span class='ocr_line' id='line_1_36' title="bbox 413 3781 1976 3865; baseline 0.001 -17"><span class='ocrx_word' id='word_1_218' title='bbox 413 3792 630 3848; x_wconf 88' lang='lat' dir='ltr'><strong>coacta</strong></span> <span class='ocrx_word' id='word_1_219' title='bbox 660 3783 762 3846; x_wconf 86' lang='lat' dir='ltr'><strong>die</strong></span> <span class='ocrx_word' id='word_1_220' title='bbox 776 3791 835 3847; x_wconf 81' lang='lat'><strong>3.</strong></span> <span class='ocrx_word' id='word_1_221' title='bbox 849 3783 1109 3865; x_wconf 77' lang='lat' dir='ltr'><strong>Augusti</strong></span> <span class='ocrx_word' id='word_1_222' title='bbox 1123 3781 1410 3864; x_wconf 83' lang='lat' dir='ltr'><strong>ejusdem</strong></span> <span class='ocrx_word' id='word_1_223' title='bbox 1423 3781 1577 3843; x_wconf 80' lang='lat' dir='ltr'><strong>Anni</strong></span> <span class='ocrx_word' id='word_1_224' title='bbox 1590 3787 1976 3850; x_wconf 71' lang='lat' dir='ltr'>MDCCXLV.</span> 
     </span>
     <span class='ocr_line' id='line_1_37' title="bbox 412 3877 1975 3961; baseline 0.001 -17"><span class='ocrx_word' id='word_1_225' title='bbox 412 3880 728 3961; x_wconf 84' lang='lat' dir='ltr'><strong>proposita</strong></span> <span class='ocrx_word' id='word_1_226' title='bbox 758 3877 950 3943; x_wconf 76' lang='lat' dir='ltr'><strong>fuerit</strong></span> <span class='ocrx_word' id='word_1_227' title='bbox 1007 3878 1333 3960; x_wconf 82' lang='lat' dir='ltr'><strong>quaestio,</strong></span> <span class='ocrx_word' id='word_1_228' title='bbox 1392 3898 1471 3941; x_wconf 84' lang='lat' dir='ltr'><strong>an</strong></span> <span class='ocrx_word' id='word_1_229' title='bbox 1529 3886 1665 3943; x_wconf 89' lang='grc'><strong>1010</strong></span> <span class='ocrx_word' id='word_1_230' title='bbox 1719 3881 1975 3959; x_wconf 83' lang='lat' dir='ltr'><strong>procedi</strong></span> 
     </span>
     <span class='ocr_line' id='line_1_38' title="bbox 416 3974 1978 4057; baseline 0 -16"><span class='ocrx_word' id='word_1_231' title='bbox 416 3984 636 4057; x_wconf 83' lang='lat' dir='ltr'><strong>posset</strong></span> <span class='ocrx_word' id='word_1_232' title='bbox 665 3975 744 4039; x_wconf 88' lang='lat' dir='ltr'><strong>ad</strong></span> <span class='ocrx_word' id='word_1_233' title='bbox 770 3975 1123 4039; x_wconf 87' lang='lat' dir='ltr'><strong>solemnem</strong></span> <span class='ocrx_word' id='word_1_234' title='bbox 1156 3975 1326 4040; x_wconf 83' lang='lat' dir='ltr'><strong>beati</strong></span> <span class='ocrx_word' id='word_1_235' title='bbox 1359 3974 1613 4055; x_wconf 84' lang='grc' dir='ltr'><strong>100001ιί</strong></span> <span class='ocrx_word' id='word_1_236' title='bbox 1646 3975 1978 4041; x_wconf 83' lang='lat' dir='ltr'><strong>canoniza-</strong></span> 
     </span>
     <span class='ocr_line' id='line_1_39' title="bbox 410 4069 1983 4154; baseline 0.003 -21"><span class='ocrx_word' id='word_1_237' title='bbox 410 4071 650 4136; x_wconf 87' lang='lat' dir='ltr'><strong>tionem</strong></span> <span class='ocrx_word' id='word_1_238' title='bbox 674 4114 696 4145; x_wconf 84' lang='lat'>‚</span> <span class='ocrx_word' id='word_1_239' title='bbox 728 4072 957 4136; x_wconf 88' lang='lat' dir='ltr'><strong>nemini</strong></span> <span class='ocrx_word' id='word_1_240' title='bbox 993 4071 1254 4135; x_wconf 89' lang='lat' dir='ltr'><strong>dubium</strong></span> <span class='ocrx_word' id='word_1_241' title='bbox 1280 4069 1404 4136; x_wconf 77' lang='lat' dir='ltr'><strong>fuit</strong></span> <span class='ocrx_word' id='word_1_242' title='bbox 1422 4112 1444 4144; x_wconf 88' lang='lat'><strong><em>‚</em></strong></span> <span class='ocrx_word' id='word_1_243' title='bbox 1474 4070 1623 4153; x_wconf 88' lang='lat' dir='ltr'><strong>quin</strong></span> <span class='ocrx_word' id='word_1_244' title='bbox 1646 4070 1825 4154; x_wconf 81' lang='lat' dir='ltr'><strong>juxta</strong></span> <span class='ocrx_word' id='word_1_245' title='bbox 1846 4092 1983 4154; x_wconf 86' lang='lat' dir='ltr'><strong>pra·</strong></span> 
     </span>
     <span class='ocr_line' id='line_1_40' title="bbox 414 4167 1983 4250; baseline 0.001 -19"><span class='ocrx_word' id='word_1_246' title='bbox 414 4169 546 4231; x_wconf 79' lang='lat' dir='ltr'><strong>xim</strong></span> <span class='ocrx_word' id='word_1_247' title='bbox 579 4167 977 4250; x_wconf 81' lang='lat' dir='ltr'><strong>Apostolicae</strong></span> <span class='ocrx_word' id='word_1_248' title='bbox 995 4167 1171 4233; x_wconf 85' lang='lat' dir='ltr'><strong>Sedis</strong></span> <span class='ocrx_word' id='word_1_249' title='bbox 1200 4174 1265 4233; x_wconf 89' lang='lat' dir='ltr'><strong>et</strong></span> <span class='ocrx_word' id='word_1_250' title='bbox 1288 4168 1848 4232; x_wconf 81' lang='lat' dir='ltr'><strong>Praedecessorum</strong></span> <span class='ocrx_word' id='word_1_251' title='bbox 1876 4188 1983 4233; x_wconf 92' lang='lat' dir='ltr'><strong>no·</strong></span> 
     </span>
     <span class='ocr_line' id='line_1_41' title="bbox 420 4264 1980 4350; baseline -0.001 -20"><span class='ocrx_word' id='word_1_252' title='bbox 420 4273 691 4330; x_wconf 81' lang='lat' dir='ltr'><strong>atrorum</strong></span> <span class='ocrx_word' id='word_1_253' title='bbox 721 4271 985 4332; x_wconf 82' lang='lat' dir='ltr'><strong>Decreta</strong></span> <span class='ocrx_word' id='word_1_254' title='bbox 1004 4309 1028 4342; x_wconf 87' lang='lat'>‚</span> <span class='ocrx_word' id='word_1_255' title='bbox 1056 4266 1262 4330; x_wconf 88' lang='lat' dir='ltr'><strong>omnia</strong></span> <span class='ocrx_word' id='word_1_256' title='bbox 1295 4265 1422 4350; x_wconf 82' lang='lat' dir='ltr'><strong>jam</strong></span> <span class='ocrx_word' id='word_1_257' title='bbox 1480 4264 1562 4329; x_wconf 90' lang='lat' dir='ltr'><strong>ad</strong></span> <span class='ocrx_word' id='word_1_258' title='bbox 1618 4264 1980 4349; x_wconf 80' lang='lat' dir='ltr'><strong>hujusmodi</strong></span> 
     </span>
    </p>
   </div>
   <div class='ocr_carea' id='block_1_7' title="bbox 295 4351 1977 4447">
    <p class='ocr_par' dir='ltr' id='par_1_9' title="bbox 295 4351 1977 4447">
     <span class='ocr_line' id='line_1_42' title="bbox 295 4351 1977 4447; baseline 0.001 -23"><span class='ocrx_word' id='word_1_259' title='bbox 295 4409 312 4424; x_wconf 80' lang='grc'>,</span> <span class='ocrx_word' id='word_1_260' title='bbox 416 4351 712 4426; x_wconf 67' lang='lat' dir='ltr'><strong>effectum</strong></span> <span class='ocrx_word' id='word_1_261' title='bbox 754 4362 1007 4427; x_wconf 89' lang='lat' dir='ltr'><strong>abunde</strong></span> <span class='ocrx_word' id='word_1_262' title='bbox 1060 4368 1502 4445; x_wconf 74' lang='lat' dir='ltr'><strong>suppeterent3</strong></span> <span class='ocrx_word' id='word_1_263' title='bbox 1557 4365 1810 4443; x_wconf 82' lang='lat' dir='ltr'><strong>Nosque</strong></span> <span class='ocrx_word' id='word_1_264' title='bbox 1857 4361 1977 4447; x_wconf 92' lang='lat' dir='ltr'><strong>ipsi</strong></span> 
     </span>
    </p>
   </div>
   <div class='ocr_carea' id='block_1_8' title="bbox 272 4971 335 5034">
    <p class='ocr_par' dir='ltr' id='par_1_10' title="bbox 272 4971 335 5034">
     <span class='ocr_line' id='line_1_43' title="bbox 272 4971 335 5034; baseline 0 0"><span class='ocrx_word' id='word_1_265' title='bbox 272 4971 335 5034; x_wconf 86' lang='lat' dir='ltr'><strong>&#39;c</strong></span> 
     </span>
    </p>
   </div>
   <div class='ocr_carea' id='block_1_9' title="bbox 416 4455 1981 4925">
    <p class='ocr_par' dir='ltr' id='par_1_11' title="bbox 416 4455 1979 4925">
     <span class='ocr_line' id='line_1_44' title="bbox 417 4455 1979 4541; baseline 0.001 -19"><span class='ocrx_word' id='word_1_266' title='bbox 417 4457 676 4522; x_wconf 87' lang='lat' dir='ltr'><strong>demum</strong></span> <span class='ocrx_word' id='word_1_267' title='bbox 707 4456 812 4526; x_wconf 84' lang='lat' dir='ltr'><strong>die</strong></span> <span class='ocrx_word' id='word_1_268' title='bbox 838 4464 1026 4526; x_wconf 83' lang='lat' dir='ltr'><strong>xvn.</strong></span> <span class='ocrx_word' id='word_1_269' title='bbox 1056 4455 1343 4541; x_wconf 81' lang='lat' dir='ltr'><strong>ejusdem</strong></span> <span class='ocrx_word' id='word_1_270' title='bbox 1372 4455 1605 4521; x_wconf 88' lang='lat' dir='ltr'><strong>mensis</strong></span> <span class='ocrx_word' id='word_1_271' title='bbox 1636 4461 1702 4519; x_wconf 90' lang='lat' dir='ltr'><strong>et</strong></span> <span class='ocrx_word' id='word_1_272' title='bbox 1727 4458 1871 4522; x_wconf 90' lang='lat' dir='ltr'><strong>anni</strong></span> <span class='ocrx_word' id='word_1_273' title='bbox 1915 4458 1979 4523; x_wconf 89' lang='lat' dir='ltr'><strong>in</strong></span> 
     </span>
     <span class='ocr_line' id='line_1_45' title="bbox 416 4551 1979 4634; baseline 0.001 -14"><span class='ocrx_word' id='word_1_274' title='bbox 416 4552 837 4620; x_wconf 87' lang='lat' dir='ltr'><strong>anniversario</strong></span> <span class='ocrx_word' id='word_1_275' title='bbox 881 4551 1345 4634; x_wconf 85' lang='lat' dir='ltr'><strong>Assumptionis</strong></span> <span class='ocrx_word' id='word_1_276' title='bbox 1399 4559 1648 4617; x_wconf 87' lang='lat' dir='ltr'><strong>nostrae</strong></span> <span class='ocrx_word' id='word_1_277' title='bbox 1700 4552 1979 4621; x_wconf 85' lang='lat' dir='ltr'><strong>solemne</strong></span> 
     </span>
     <span class='ocr_line' id='line_1_46' title="bbox 417 4648 1979 4742; baseline 0.002 -29"><span class='ocrx_word' id='word_1_278' title='bbox 417 4655 751 4742; x_wconf 80' lang='lat' dir='ltr'><strong>Decretum</strong></span> <span class='ocrx_word' id='word_1_279' title='bbox 785 4649 1106 4716; x_wconf 88' lang='lat' dir='ltr'><strong>edidimus</strong></span> <span class='ocrx_word' id='word_1_280' title='bbox 1138 4648 1219 4714; x_wconf 87' lang='lat' dir='ltr'><strong>de</strong></span> <span class='ocrx_word' id='word_1_281' title='bbox 1277 4648 1500 4713; x_wconf 84' lang='lat' dir='ltr'><strong>eadem</strong></span> <span class='ocrx_word' id='word_1_282' title='bbox 1559 4649 1979 4718; x_wconf 81' lang='lat' dir='ltr'><strong>canonizatio·</strong></span> 
     </span>
     <span class='ocr_line' id='line_1_47' title="bbox 419 4743 1981 4829; baseline 0.001 -22"><span class='ocrx_word' id='word_1_283' title='bbox 419 4765 538 4817; x_wconf 84' lang='lat' dir='ltr'><strong>ne,</strong></span> <span class='ocrx_word' id='word_1_284' title='bbox 571 4745 835 4810; x_wconf 79' lang='lat' dir='ltr'><strong>servatis</strong></span> <span class='ocrx_word' id='word_1_285' title='bbox 859 4743 1227 4819; x_wconf 70' lang='lat' dir='ltr'><strong>servandis,</strong></span> <span class='ocrx_word' id='word_1_286' title='bbox 1257 4743 1777 4829; x_wconf 79' lang='lat' dir='ltr'><strong>quandocumque</strong></span> <span class='ocrx_word' id='word_1_287' title='bbox 1804 4764 1981 4828; x_wconf 70' lang='lat' dir='ltr'><strong>pera-</strong></span> 
     </span>
     <span class='ocr_line' id='line_1_48' title="bbox 419 4839 644 4925; baseline -0.005 -20"><span class='ocrx_word' id='word_1_288' title='bbox 419 4839 644 4925; x_wconf 84' lang='lat' dir='ltr'><strong>genda.</strong></span> 
     </span>
    </p>
   </div>
   <div class='ocr_carea' id='block_1_10' title="bbox 2086 869 3658 2991">
    <p class='ocr_par' dir='ltr' id='par_1_12' title="bbox 2092 869 3653 1135">
     <span class='ocr_line' id='line_1_49' title="bbox 2092 869 3653 956; baseline 0.004 -25"><span class='ocrx_word' id='word_1_289' title='bbox 2092 869 2264 937; x_wconf 90' lang='lat' dir='ltr'><strong>dinis</strong></span> <span class='ocrx_word' id='word_1_290' title='bbox 2294 873 2605 956; x_wconf 74' lang='lat' dir='ltr'><strong>pmedicti</strong></span> <span class='ocrx_word' id='word_1_291' title='bbox 2634 879 2911 939; x_wconf 79' lang='lat' dir='ltr'><strong>Fratrum</strong></span> <span class='ocrx_word' id='word_1_292' title='bbox 2941 872 3254 939; x_wconf 67' lang='lat' dir='ltr'><strong>uinomm</strong></span> <span class='ocrx_word' id='word_1_293' title='bbox 3282 871 3653 953; x_wconf 68' lang='lat' dir='ltr'><strong>Capuwinn·</strong></span> 
     </span>
     <span class='ocr_line' id='line_1_50' title="bbox 2094 969 3652 1057; baseline 0 -26"><span class='ocrx_word' id='word_1_294' title='bbox 2094 989 2229 1032; x_wconf 85' lang='lat' dir='ltr'><strong>rum</strong></span> <span class='ocrx_word' id='word_1_295' title='bbox 2259 990 2478 1051; x_wconf 81' lang='lat' dir='ltr'><strong>preces</strong></span> <span class='ocrx_word' id='word_1_296' title='bbox 2497 975 2625 1039; x_wconf 74' lang='lat' dir='ltr'><strong>Nos</strong></span> <span class='ocrx_word' id='word_1_297' title='bbox 2653 990 2880 1057; x_wconf 84' lang='lat' dir='ltr'><strong>urgere</strong></span> <span class='ocrx_word' id='word_1_298' title='bbox 2911 989 3035 1035; x_wconf 88' lang='grc'><strong>000</strong></span> <span class='ocrx_word' id='word_1_299' title='bbox 3055 969 3474 1042; x_wconf 76' lang='lat' dir='ltr'><strong>desisterent3</strong></span> <span class='ocrx_word' id='word_1_300' title='bbox 3497 975 3652 1033; x_wconf 82' lang='lat' dir='ltr'><strong>Tan-</strong></span> 
     </span>
     <span class='ocr_line' id='line_1_51' title="bbox 2097 1056 3652 1135; baseline -0.001 -4"><span class='ocrx_word' id='word_1_301' title='bbox 2097 1056 2242 1132; x_wconf 86' lang='lat' dir='ltr'><strong>dem</strong></span> <span class='ocrx_word' id='word_1_302' title='bbox 2274 1068 2731 1135; x_wconf 88' lang='lat' dir='ltr'><strong>communicato</strong></span> <span class='ocrx_word' id='word_1_303' title='bbox 2749 1066 3008 1133; x_wconf 81' lang='lat' dir='ltr'><strong>consilio</strong></span> <span class='ocrx_word' id='word_1_304' title='bbox 3036 1086 3179 1133; x_wconf 88' lang='lat' dir='ltr'><strong>cum</strong></span> <span class='ocrx_word' id='word_1_305' title='bbox 3202 1064 3492 1134; x_wconf 82' lang='lat' dir='ltr'><strong>universo</strong></span> <span class='ocrx_word' id='word_1_306' title='bbox 3512 1066 3652 1130; x_wconf 91' lang='lat' dir='ltr'><strong>col·</strong></span> 
     </span>
    </p>

    <p class='ocr_par' dir='ltr' id='par_1_13' title="bbox 2091 1163 3655 1247">
     <span class='ocr_line' id='line_1_52' title="bbox 2091 1163 3655 1247; baseline 0.001 -21"><span class='ocrx_word' id='word_1_307' title='bbox 2091 1163 2261 1247; x_wconf 83' lang='lat' dir='ltr'><strong>legio</strong></span> <span class='ocrx_word' id='word_1_308' title='bbox 2291 1169 2440 1231; x_wconf 83' lang='lat' dir='ltr'><strong>ven.</strong></span> <span class='ocrx_word' id='word_1_309' title='bbox 2472 1171 2749 1230; x_wconf 80' lang='lat' dir='ltr'><strong>Fratrum</strong></span> <span class='ocrx_word' id='word_1_310' title='bbox 2781 1171 3137 1231; x_wconf 86' lang='lat' dir='ltr'><strong>nostrorum</strong></span> <span class='ocrx_word' id='word_1_311' title='bbox 3167 1170 3227 1227; x_wconf 89' lang='lat' dir='ltr'><strong>S.</strong></span> <span class='ocrx_word' id='word_1_312' title='bbox 3268 1171 3337 1228; x_wconf 77' lang='lat' dir='ltr'><strong>B.</strong></span> <span class='ocrx_word' id='word_1_313' title='bbox 3356 1171 3422 1229; x_wconf 76' lang='grc' dir='ltr'><strong>Β.</strong></span> <span class='ocrx_word' id='word_1_314' title='bbox 3444 1164 3655 1228; x_wconf 81' lang='lat' dir='ltr'><strong>Cardi-</strong></span> 
     </span>
    </p>

    <p class='ocr_par' dir='ltr' id='par_1_14' title="bbox 2086 1259 3658 2025">
     <span class='ocr_line' id='line_1_53' title="bbox 2089 1259 3655 1344; baseline -0.001 -20"><span class='ocrx_word' id='word_1_315' title='bbox 2089 1261 2373 1327; x_wconf 91' lang='lat' dir='ltr'><strong>nalium</strong></span> <span class='ocrx_word' id='word_1_316' title='bbox 2356 1283 2419 1325; x_wconf 90' lang='grc' dir='ltr'><strong>ιιι</strong></span> <span class='ocrx_word' id='word_1_317' title='bbox 2437 1261 2819 1327; x_wconf 87' lang='lat' dir='ltr'><strong>Consistorio</strong></span> <span class='ocrx_word' id='word_1_318' title='bbox 2846 1267 3092 1327; x_wconf 87' lang='lat' dir='ltr'><strong>secreto</strong></span> <span class='ocrx_word' id='word_1_319' title='bbox 3105 1259 3439 1325; x_wconf 72' lang='lat' dir='ltr'><strong>diexvm.</strong></span> <span class='ocrx_word' id='word_1_320' title='bbox 3455 1259 3655 1344; x_wconf 79' lang='lat' dir='ltr'><strong>elapsi</strong></span> 
     </span>
     <span class='ocr_line' id='line_1_54' title="bbox 2095 1358 3651 1443; baseline -0.001 -22"><span class='ocrx_word' id='word_1_321' title='bbox 2095 1359 2333 1425; x_wconf 85' lang='lat' dir='ltr'><strong>mensis</strong></span> <span class='ocrx_word' id='word_1_322' title='bbox 2364 1358 2596 1443; x_wconf 77' lang='lat' dir='ltr'><strong>Aprilis</strong></span> <span class='ocrx_word' id='word_1_323' title='bbox 2624 1378 2834 1425; x_wconf 85' lang='lat' dir='ltr'><strong>coram</strong></span> <span class='ocrx_word' id='word_1_324' title='bbox 2864 1358 3063 1423; x_wconf 80' lang='lat' dir='ltr'><strong>Nobis</strong></span> <span class='ocrx_word' id='word_1_325' title='bbox 3090 1366 3607 1443; x_wconf 73' lang='lat' dir='ltr'><strong>congregatorum</strong></span> <span class='ocrx_word' id='word_1_326' title='bbox 3628 1400 3651 1431; x_wconf 88' lang='lat'>,</span> 
     </span>
     <span class='ocr_line' id='line_1_55' title="bbox 2092 1455 3654 1539; baseline -0.001 -21"><span class='ocrx_word' id='word_1_327' title='bbox 2092 1476 2441 1539; x_wconf 88' lang='lat' dir='ltr'><strong>eorumque</strong></span> <span class='ocrx_word' id='word_1_328' title='bbox 2470 1475 2731 1523; x_wconf 86' lang='lat' dir='ltr'><strong>assensu</strong></span> <span class='ocrx_word' id='word_1_329' title='bbox 2775 1462 3032 1539; x_wconf 75' lang='lat' dir='ltr'><strong>accepto</strong></span> <span class='ocrx_word' id='word_1_330' title='bbox 3050 1498 3073 1529; x_wconf 86' lang='lat'>‚</span> <span class='ocrx_word' id='word_1_331' title='bbox 3113 1455 3470 1538; x_wconf 79' lang='lat' dir='ltr'><strong>complures</strong></span> <span class='ocrx_word' id='word_1_332' title='bbox 3499 1462 3654 1521; x_wconf 83' lang='lat' dir='ltr'><strong>Van.</strong></span> 
     </span>
     <span class='ocr_line' id='line_1_56' title="bbox 2088 1551 3650 1636; baseline 0.001 -19"><span class='ocrx_word' id='word_1_333' title='bbox 2088 1560 2336 1619; x_wconf 74' lang='lat' dir='ltr'><strong>Fratres</strong></span> <span class='ocrx_word' id='word_1_334' title='bbox 2364 1551 2880 1635; x_wconf 79' lang='lat' dir='ltr'><strong>Arcbiepiscopos</strong></span> <span class='ocrx_word' id='word_1_335' title='bbox 2912 1562 2980 1618; x_wconf 88' lang='lat' dir='ltr'><strong>et</strong></span> <span class='ocrx_word' id='word_1_336' title='bbox 3020 1553 3363 1636; x_wconf 85' lang='lat' dir='ltr'><strong>Episcopos</strong></span> <span class='ocrx_word' id='word_1_337' title='bbox 3389 1572 3467 1619; x_wconf 80' lang='lat' dir='ltr'><strong>ex</strong></span> <span class='ocrx_word' id='word_1_338' title='bbox 3519 1559 3650 1618; x_wconf 80' lang='lat' dir='ltr'><strong>tota</strong></span> 
     </span>
     <span class='ocr_line' id='line_1_57' title="bbox 2090 1648 3657 1734; baseline 0.003 -22"><span class='ocrx_word' id='word_1_339' title='bbox 2090 1648 2292 1715; x_wconf 81' lang='lat' dir='ltr'><strong>ferme</strong></span> <span class='ocrx_word' id='word_1_340' title='bbox 2321 1649 2504 1715; x_wconf 88' lang='lat' dir='ltr'><strong>Italia</strong></span> <span class='ocrx_word' id='word_1_341' title='bbox 2533 1650 2611 1715; x_wconf 93' lang='lat' dir='ltr'><strong>ad</strong></span> <span class='ocrx_word' id='word_1_342' title='bbox 2642 1650 3070 1734; x_wconf 82' lang='lat' dir='ltr'><strong>gravissimum</strong></span> <span class='ocrx_word' id='word_1_343' title='bbox 3102 1650 3442 1716; x_wconf 88' lang='lat' dir='ltr'><strong>consilinm</strong></span> <span class='ocrx_word' id='word_1_344' title='bbox 3468 1650 3657 1716; x_wconf 78' lang='lat' dir='ltr'><strong>advo·</strong></span> 
     </span>
     <span class='ocr_line' id='line_1_58' title="bbox 2086 1746 3658 1832; baseline 0.001 -20"><span class='ocrx_word' id='word_1_345' title='bbox 2086 1749 2403 1824; x_wconf 70' lang='lat' dir='ltr'><strong>cavimun</strong></span> <span class='ocrx_word' id='word_1_346' title='bbox 2433 1767 2780 1830; x_wconf 89' lang='lat' dir='ltr'><strong>eorumque</strong></span> <span class='ocrx_word' id='word_1_347' title='bbox 2798 1746 3039 1832; x_wconf 82' lang='lat' dir='ltr'><strong>judicio</strong></span> <span class='ocrx_word' id='word_1_348' title='bbox 3070 1755 3261 1813; x_wconf 88' lang='lat' dir='ltr'><strong>totam</strong></span> <span class='ocrx_word' id='word_1_349' title='bbox 3289 1747 3477 1830; x_wconf 80' lang='lat' dir='ltr'><strong>hujus</strong></span> <span class='ocrx_word' id='word_1_350' title='bbox 3505 1752 3658 1813; x_wconf 81' lang='lat' dir='ltr'><strong>cau-</strong></span> 
     </span>
     <span class='ocr_line' id='line_1_59' title="bbox 2090 1844 3651 1929; baseline 0.001 -17"><span class='ocrx_word' id='word_1_351' title='bbox 2090 1866 2197 1912; x_wconf 88' lang='lat' dir='ltr'><strong>sae</strong></span> <span class='ocrx_word' id='word_1_352' title='bbox 2227 1847 2497 1921; x_wconf 87' lang='lat' dir='ltr'><strong>seriem,</strong></span> <span class='ocrx_word' id='word_1_353' title='bbox 2530 1857 2719 1929; x_wconf 85' lang='lat' dir='ltr'><strong>atque</strong></span> <span class='ocrx_word' id='word_1_354' title='bbox 2748 1845 2999 1918; x_wconf 81' lang='lat' dir='ltr'><strong>omnia,</strong></span> <span class='ocrx_word' id='word_1_355' title='bbox 3018 1865 3181 1926; x_wconf 85' lang='grc'><strong>0000</strong></span> <span class='ocrx_word' id='word_1_356' title='bbox 3207 1845 3291 1911; x_wconf 87' lang='lat' dir='ltr'><strong>de</strong></span> <span class='ocrx_word' id='word_1_357' title='bbox 3317 1844 3651 1913; x_wconf 84' lang='lat' dir='ltr'><strong>virtutibus</strong></span> 
     </span>
     <span class='ocr_line' id='line_1_60' title="bbox 2093 1942 3650 2035; baseline -0.004 -24"><span class='ocrx_word' id='word_1_358' title='bbox 2093 1953 2160 2011; x_wconf 85' lang='lat' dir='ltr'><strong>et</strong></span> <span class='ocrx_word' id='word_1_359' title='bbox 2187 1942 2505 2010; x_wconf 82' lang='lat' dir='ltr'><strong>miraculis</strong></span> <span class='ocrx_word' id='word_1_360' title='bbox 2535 1943 2702 2008; x_wconf 90' lang='lat' dir='ltr'><strong>beati</strong></span> <span class='ocrx_word' id='word_1_361' title='bbox 2732 1942 2989 2025; x_wconf 85' lang='grc' dir='ltr'><strong>100001ιί</strong></span> <span class='ocrx_word' id='word_1_362' title='bbox 3040 1944 3304 2025; x_wconf 83' lang='lat' dir='ltr'><strong>probata</strong></span> <span class='ocrx_word' id='word_1_363' title='bbox 3362 1942 3650 2035; x_wconf 75' lang='lat' dir='ltr'><strong>fuerant,</strong></span> 
     </span>
    </p>

    <p class='ocr_par' dir='ltr' id='par_1_15' title="bbox 2087 2038 3655 2991">
     <span class='ocr_line' id='line_1_61' title="bbox 2093 2038 3650 2125; baseline -0.001 -20"><span class='ocrx_word' id='word_1_364' title='bbox 2093 2050 2226 2105; x_wconf 88' lang='lat' dir='ltr'><strong>tum</strong></span> <span class='ocrx_word' id='word_1_365' title='bbox 2257 2051 2553 2107; x_wconf 84' lang='lat' dir='ltr'><strong>oretenus</strong></span> <span class='ocrx_word' id='word_1_366' title='bbox 2579 2041 2640 2103; x_wconf 92' lang='lat' dir='ltr'><strong>in</strong></span> <span class='ocrx_word' id='word_1_367' title='bbox 2682 2039 3069 2109; x_wconf 84' lang='lat' dir='ltr'><strong>consistorio</strong></span> <span class='ocrx_word' id='word_1_368' title='bbox 3126 2038 3383 2125; x_wconf 86' lang='lat' dir='ltr'><strong>publico</strong></span> <span class='ocrx_word' id='word_1_369' title='bbox 3437 2059 3650 2106; x_wconf 81' lang='lat' dir='ltr'><strong>coram</strong></span> 
     </span>
     <span class='ocr_line' id='line_1_62' title="bbox 2095 2136 3653 2222; baseline -0.002 -19"><span class='ocrx_word' id='word_1_370' title='bbox 2095 2137 2294 2203; x_wconf 81' lang='lat' dir='ltr'><strong>Nobis</strong></span> <span class='ocrx_word' id='word_1_371' title='bbox 2323 2137 2587 2212; x_wconf 79' lang='lat' dir='ltr'><strong>habito.</strong></span> <span class='ocrx_word' id='word_1_372' title='bbox 2616 2139 2681 2199; x_wconf 88' lang='lat' dir='ltr'><strong>in</strong></span> <span class='ocrx_word' id='word_1_373' title='bbox 2712 2157 2841 2220; x_wconf 90' lang='lat' dir='ltr'><strong>quo</strong></span> <span class='ocrx_word' id='word_1_374' title='bbox 2869 2136 3144 2203; x_wconf 90' lang='lat' dir='ltr'><strong>dilectus</strong></span> <span class='ocrx_word' id='word_1_375' title='bbox 3172 2136 3362 2205; x_wconf 81' lang='lat' dir='ltr'><strong>Filius</strong></span> <span class='ocrx_word' id='word_1_376' title='bbox 3419 2138 3653 2222; x_wconf 81' lang='lat' dir='ltr'><strong>Philip·</strong></span> 
     </span>
     <span class='ocr_line' id='line_1_63' title="bbox 2090 2231 3653 2315; baseline 0.002 -17"><span class='ocrx_word' id='word_1_377' title='bbox 2090 2252 2207 2315; x_wconf 86' lang='lat' dir='ltr'><strong>pus</strong></span> <span class='ocrx_word' id='word_1_378' title='bbox 2236 2233 2430 2301; x_wconf 77' lang='lat' dir='ltr'><strong>llaria</strong></span> <span class='ocrx_word' id='word_1_379' title='bbox 2457 2231 2749 2298; x_wconf 85' lang='lat' dir='ltr'><strong>Pirellius</strong></span> <span class='ocrx_word' id='word_1_380' title='bbox 2780 2231 2978 2300; x_wconf 80' lang='lat' dir='ltr'><strong>Aulae</strong></span> <span class='ocrx_word' id='word_1_381' title='bbox 3017 2237 3282 2299; x_wconf 82' lang='lat' dir='ltr'><strong>Nostrae</strong></span> <span class='ocrx_word' id='word_1_382' title='bbox 3336 2234 3653 2301; x_wconf 83' lang='lat' dir='ltr'><strong>consisto·</strong></span> 
     </span>
     <span class='ocr_line' id='line_1_64' title="bbox 2089 2330 3650 2414; baseline 0.004 -21"><span class='ocrx_word' id='word_1_383' title='bbox 2089 2331 2261 2395; x_wconf 84' lang='lat' dir='ltr'><strong>rialis</strong></span> <span class='ocrx_word' id='word_1_384' title='bbox 2286 2332 2639 2397; x_wconf 78' lang='lat' dir='ltr'><strong>Advocatus</strong></span> <span class='ocrx_word' id='word_1_385' title='bbox 2670 2331 2872 2414; x_wconf 81' lang='lat' dir='ltr'><strong>ipsius</strong></span> <span class='ocrx_word' id='word_1_386' title='bbox 2896 2330 3073 2395; x_wconf 81' lang='lat' dir='ltr'><strong>Beati</strong></span> <span class='ocrx_word' id='word_1_387' title='bbox 3102 2334 3364 2397; x_wconf 76' lang='lat' dir='ltr'><strong>Causam</strong></span> <span class='ocrx_word' id='word_1_388' title='bbox 3394 2351 3650 2413; x_wconf 75' lang='lat' dir='ltr'><strong>perora-</strong></span> 
     </span>
     <span class='ocr_line' id='line_1_65' title="bbox 2087 2427 3653 2511; baseline 0.001 -19"><span class='ocrx_word' id='word_1_389' title='bbox 2087 2428 2177 2492; x_wconf 84' lang='lat' dir='ltr'><strong>vit</strong></span> <span class='ocrx_word' id='word_1_390' title='bbox 2194 2472 2216 2502; x_wconf 86' lang='lat'><strong>‚</strong></span> <span class='ocrx_word' id='word_1_391' title='bbox 2251 2438 2382 2494; x_wconf 87' lang='lat' dir='ltr'><strong>tum</strong></span> <span class='ocrx_word' id='word_1_392' title='bbox 2414 2431 2605 2496; x_wconf 86' lang='lat' dir='ltr'><strong>etiam</strong></span> <span class='ocrx_word' id='word_1_393' title='bbox 2634 2430 2697 2492; x_wconf 90' lang='lat' dir='ltr'><strong>in</strong></span> <span class='ocrx_word' id='word_1_394' title='bbox 2759 2427 3008 2510; x_wconf 84' lang='lat' dir='ltr'><strong>scriptis</strong></span> <span class='ocrx_word' id='word_1_395' title='bbox 3059 2428 3287 2511; x_wconf 79' lang='lat' dir='ltr'><strong>exponi</strong></span> <span class='ocrx_word' id='word_1_396' title='bbox 3342 2428 3653 2495; x_wconf 76' lang='lat' dir='ltr'><strong>mandavi·</strong></span> 
     </span>
     <span class='ocr_line' id='line_1_66' title="bbox 2089 2524 3655 2609; baseline -0.001 -19"><span class='ocrx_word' id='word_1_397' title='bbox 2089 2547 2231 2591; x_wconf 87' lang='lat' dir='ltr'><strong>mus</strong></span> <span class='ocrx_word' id='word_1_398' title='bbox 2252 2570 2273 2601; x_wconf 92' lang='lat'>‚</span> <span class='ocrx_word' id='word_1_399' title='bbox 2303 2526 2531 2592; x_wconf 86' lang='lat' dir='ltr'><strong>tradita</strong></span> <span class='ocrx_word' id='word_1_400' title='bbox 2556 2545 2786 2609; x_wconf 87' lang='lat' dir='ltr'><strong>nempe</strong></span> <span class='ocrx_word' id='word_1_401' title='bbox 2813 2524 3080 2609; x_wconf 83' lang='lat' dir='ltr'><strong>singulis</strong></span> <span class='ocrx_word' id='word_1_402' title='bbox 3119 2525 3419 2592; x_wconf 84' lang='lat' dir='ltr'><strong>distincta</strong></span> <span class='ocrx_word' id='word_1_403' title='bbox 3470 2547 3655 2609; x_wconf 79' lang='lat' dir='ltr'><strong>prae·</strong></span> 
     </span>
     <span class='ocr_line' id='line_1_67' title="bbox 2088 2619 3651 2695; baseline -0.001 -6"><span class='ocrx_word' id='word_1_404' title='bbox 2088 2623 2423 2689; x_wconf 85' lang='lat' dir='ltr'><strong>missorum</strong></span> <span class='ocrx_word' id='word_1_405' title='bbox 2450 2622 2733 2687; x_wconf 80' lang='lat' dir='ltr'><strong>omniurn</strong></span> <span class='ocrx_word' id='word_1_406' title='bbox 2765 2619 3072 2687; x_wconf 83' lang='lat' dir='ltr'><strong>relatione</strong></span> <span class='ocrx_word' id='word_1_407' title='bbox 3092 2663 3115 2695; x_wconf 91' lang='lat'>‚</span> <span class='ocrx_word' id='word_1_408' title='bbox 3142 2642 3222 2686; x_wconf 79' lang='lat' dir='ltr'><strong>ex</strong></span> <span class='ocrx_word' id='word_1_409' title='bbox 3275 2621 3651 2688; x_wconf 80' lang='lat' dir='ltr'><strong>authenticis</strong></span> 
     </span>
     <span class='ocr_line' id='line_1_68' title="bbox 2097 2716 3653 2802; baseline 0.001 -20"><span class='ocrx_word' id='word_1_410' title='bbox 2097 2719 2526 2784; x_wconf 81' lang='lat' dir='ltr'><strong>monumentis</strong></span> <span class='ocrx_word' id='word_1_411' title='bbox 2556 2716 2876 2801; x_wconf 76' lang='lat' dir='ltr'><strong>praefatae</strong></span> <span class='ocrx_word' id='word_1_412' title='bbox 2901 2717 3416 2802; x_wconf 77' lang='lat' dir='ltr'><strong>congregationis</strong></span> <span class='ocrx_word' id='word_1_413' title='bbox 3439 2725 3653 2785; x_wconf 80' lang='lat' dir='ltr'><strong>Sacro·</strong></span> 
     </span>
     <span class='ocr_line' id='line_1_69' title="bbox 2092 2813 3652 2899; baseline 0 -18"><span class='ocrx_word' id='word_1_414' title='bbox 2092 2836 2239 2881; x_wconf 87' lang='lat' dir='ltr'><strong>rum</strong></span> <span class='ocrx_word' id='word_1_415' title='bbox 2264 2814 2516 2882; x_wconf 78' lang='lat' dir='ltr'><strong>Rituum</strong></span> <span class='ocrx_word' id='word_1_416' title='bbox 2540 2814 2832 2899; x_wconf 85' lang='lat' dir='ltr'><strong>religiose</strong></span> <span class='ocrx_word' id='word_1_417' title='bbox 2854 2813 3456 2896; x_wconf 71' lang='lat' dir='ltr'><strong>desumpta-Quibus</strong></span> <span class='ocrx_word' id='word_1_418' title='bbox 3473 2835 3652 2897; x_wconf 82' lang='lat' dir='ltr'><strong>prae-</strong></span> 
     </span>
     <span class='ocr_line' id='line_1_70' title="bbox 2088 2910 3652 2991; baseline 0 -14"><span class='ocrx_word' id='word_1_419' title='bbox 2088 2914 2303 2979; x_wconf 86' lang='lat' dir='ltr'><strong>missis</strong></span> <span class='ocrx_word' id='word_1_420' title='bbox 2324 2955 2346 2991; x_wconf 70' lang='lat'><strong>,</strong></span> <span class='ocrx_word' id='word_1_421' title='bbox 2371 2910 2547 2976; x_wconf 82' lang='lat' dir='ltr'><strong>aliud</strong></span> <span class='ocrx_word' id='word_1_422' title='bbox 2574 2911 3025 2976; x_wconf 79' lang='lat' dir='ltr'><strong>consistorium</strong></span> <span class='ocrx_word' id='word_1_423' title='bbox 3054 2910 3158 2977; x_wconf 90' lang='grc'><strong>010</strong></span> <span class='ocrx_word' id='word_1_424' title='bbox 3186 2917 3349 2974; x_wconf 75' lang='lat' dir='ltr'><strong>Xlss.</strong></span> <span class='ocrx_word' id='word_1_425' title='bbox 3377 2910 3652 2977; x_wconf 88' lang='lat' dir='ltr'><strong>labentis</strong></span> 
     </span>
    </p>
   </div>
   <div class='ocr_carea' id='block_1_11' title="bbox 2087 3006 3679 3091">
    <p class='ocr_par' dir='ltr' id='par_1_16' title="bbox 2087 3006 3679 3091">
     <span class='ocr_line' id='line_1_71' title="bbox 2087 3006 3679 3091; baseline 0.003 -18"><span class='ocrx_word' id='word_1_426' title='bbox 2087 3011 2321 3077; x_wconf 83' lang='lat' dir='ltr'><strong>mensis</strong></span> <span class='ocrx_word' id='word_1_427' title='bbox 2351 3008 2522 3074; x_wconf 87' lang='grc'><strong>10011</strong></span> <span class='ocrx_word' id='word_1_428' title='bbox 2554 3006 2872 3091; x_wconf 86' lang='lat' dir='ltr'><strong>coegimus</strong></span> <span class='ocrx_word' id='word_1_429' title='bbox 2892 3049 2914 3078; x_wconf 88' lang='lat'>‚</span> <span class='ocrx_word' id='word_1_430' title='bbox 2942 3007 3009 3069; x_wconf 89' lang='lat' dir='ltr'><strong>in</strong></span> <span class='ocrx_word' id='word_1_431' title='bbox 3037 3028 3165 3089; x_wconf 92' lang='grc'><strong>000</strong></span> <span class='ocrx_word' id='word_1_432' title='bbox 3192 3015 3439 3090; x_wconf 83' lang='lat' dir='ltr'><strong>praeter</strong></span> <span class='ocrx_word' id='word_1_433' title='bbox 3494 3016 3679 3077; x_wconf 85' lang='lat' dir='ltr'><strong>ven..</strong></span> 
     </span>
    </p>
   </div>
   <div class='ocr_carea' id='block_1_12' title="bbox 2089 3104 3653 3387">
    <p class='ocr_par' dir='ltr' id='par_1_17' title="bbox 2089 3104 3653 3387">
     <span class='ocr_line' id='line_1_72' title="bbox 2089 3104 3653 3191; baseline -0.001 -19"><span class='ocrx_word' id='word_1_434' title='bbox 2089 3113 2337 3184; x_wconf 77' lang='lat' dir='ltr'><strong>Fratres</strong></span> <span class='ocrx_word' id='word_1_435' title='bbox 2366 3114 2621 3173; x_wconf 87' lang='lat' dir='ltr'><strong>nostros</strong></span> <span class='ocrx_word' id='word_1_436' title='bbox 2648 3112 2707 3171; x_wconf 88' lang='lat' dir='ltr'><strong>S.</strong></span> <span class='ocrx_word' id='word_1_437' title='bbox 2741 3113 2812 3169; x_wconf 80' lang='lat' dir='ltr'><strong>R.</strong></span> <span class='ocrx_word' id='word_1_438' title='bbox 2846 3110 2911 3167; x_wconf 75' lang='grc' dir='ltr'><strong>Β.</strong></span> <span class='ocrx_word' id='word_1_439' title='bbox 2943 3104 3310 3176; x_wconf 79' lang='lat' dir='ltr'><strong>cardinales</strong></span> <span class='ocrx_word' id='word_1_440' title='bbox 3330 3150 3353 3182; x_wconf 90' lang='lat'>‚</span> <span class='ocrx_word' id='word_1_441' title='bbox 3408 3105 3653 3191; x_wconf 85' lang='lat' dir='ltr'><strong>praedi·</strong></span> 
     </span>
     <span class='ocr_line' id='line_1_73' title="bbox 2091 3202 3651 3288; baseline -0.001 -17"><span class='ocrx_word' id='word_1_442' title='bbox 2091 3212 2228 3271; x_wconf 87' lang='lat' dir='ltr'><strong>ctos</strong></span> <span class='ocrx_word' id='word_1_443' title='bbox 2253 3225 2506 3288; x_wconf 88' lang='grc'><strong>000000</strong></span> <span class='ocrx_word' id='word_1_444' title='bbox 2537 3202 2924 3270; x_wconf 67' lang='lat' dir='ltr'><strong>patriarchas</strong></span> <span class='ocrx_word' id='word_1_445' title='bbox 2944 3245 2967 3276; x_wconf 86' lang='lat'>‚</span> <span class='ocrx_word' id='word_1_446' title='bbox 2994 3203 3555 3287; x_wconf 70' lang='lat' dir='ltr'><strong>archiepiscopos,</strong></span> <span class='ocrx_word' id='word_1_447' title='bbox 3582 3211 3651 3269; x_wconf 84' lang='lat' dir='ltr'><strong>et</strong></span> 
     </span>
     <span class='ocr_line' id='line_1_74' title="bbox 2089 3299 3652 3387; baseline -0.002 -18"><span class='ocrx_word' id='word_1_448' title='bbox 2089 3304 2436 3387; x_wconf 81' lang='lat' dir='ltr'><strong>Episcopus</strong></span> <span class='ocrx_word' id='word_1_449' title='bbox 2467 3301 2533 3365; x_wconf 92' lang='lat' dir='ltr'><strong>in</strong></span> <span class='ocrx_word' id='word_1_450' title='bbox 2560 3308 2828 3366; x_wconf 83' lang='lat' dir='ltr'><strong>Romana</strong></span> <span class='ocrx_word' id='word_1_451' title='bbox 2858 3299 3044 3368; x_wconf 84' lang='lat' dir='ltr'><strong>Curia</strong></span> <span class='ocrx_word' id='word_1_452' title='bbox 3079 3311 3441 3383; x_wconf 84' lang='lat' dir='ltr'><strong>praesentes</strong></span> <span class='ocrx_word' id='word_1_453' title='bbox 3468 3300 3652 3368; x_wconf 82' lang='lat' dir='ltr'><strong>sede·</strong></span> 
     </span>
    </p>
   </div>
   <div class='ocr_carea' id='block_1_13' title="bbox 2063 3395 3650 3490">
    <p class='ocr_par' dir='ltr' id='par_1_18' title="bbox 2063 3395 3650 3490">
     <span class='ocr_line' id='line_1_75' title="bbox 2063 3395 3650 3490; baseline 0.001 -28"><span class='ocrx_word' id='word_1_454' title='bbox 2063 3419 2164 3462; x_wconf 82' lang='lat' dir='ltr'><strong>.re</strong></span> <span class='ocrx_word' id='word_1_455' title='bbox 2190 3396 2491 3479; x_wconf 83' lang='lat' dir='ltr'><strong>jussimus</strong></span> <span class='ocrx_word' id='word_1_456' title='bbox 2509 3439 2532 3470; x_wconf 89' lang='lat'>‚</span> <span class='ocrx_word' id='word_1_457' title='bbox 2561 3404 2752 3490; x_wconf 86' lang='lat' dir='ltr'><strong>atque</strong></span> <span class='ocrx_word' id='word_1_458' title='bbox 2801 3395 3191 3462; x_wconf 85' lang='lat' dir='ltr'><strong>adstantibus</strong></span> <span class='ocrx_word' id='word_1_459' title='bbox 3244 3395 3650 3479; x_wconf 75' lang='lat' dir='ltr'><strong>Apostolicae</strong></span> 
     </span>
    </p>
   </div>
   <div class='ocr_carea' id='block_1_14' title="bbox 2086 3492 3653 4926">
    <p class='ocr_par' dir='ltr' id='par_1_19' title="bbox 2086 3492 3653 4926">
     <span class='ocr_line' id='line_1_76' title="bbox 2089 3492 3650 3575; baseline -0.001 -15"><span class='ocrx_word' id='word_1_460' title='bbox 2089 3495 2269 3560; x_wconf 81' lang='lat' dir='ltr'><strong>Sedis</strong></span> <span class='ocrx_word' id='word_1_461' title='bbox 2294 3492 2562 3564; x_wconf 75' lang='lat' dir='ltr'><strong>Notariis</strong></span> <span class='ocrx_word' id='word_1_462' title='bbox 2585 3536 2607 3567; x_wconf 90' lang='lat'>,</span> <span class='ocrx_word' id='word_1_463' title='bbox 2635 3503 2703 3558; x_wconf 89' lang='lat' dir='ltr'><strong>et</strong></span> <span class='ocrx_word' id='word_1_464' title='bbox 2728 3492 2976 3559; x_wconf 86' lang='lat' dir='ltr'><strong>duobus</strong></span> <span class='ocrx_word' id='word_1_465' title='bbox 3008 3493 3469 3575; x_wconf 86' lang='lat' dir='ltr'><strong>antiquioribus</strong></span> <span class='ocrx_word' id='word_1_466' title='bbox 3496 3498 3650 3559; x_wconf 87' lang='lat' dir='ltr'><strong>cau·</strong></span> 
     </span>
     <span class='ocr_line' id='line_1_77' title="bbox 2092 3587 3652 3670; baseline 0.001 -15"><span class='ocrx_word' id='word_1_467' title='bbox 2092 3609 2300 3655; x_wconf 85' lang='lat' dir='ltr'><strong>sarum</strong></span> <span class='ocrx_word' id='word_1_468' title='bbox 2330 3588 2552 3654; x_wconf 87' lang='lat' dir='ltr'><strong>Palatii</strong></span> <span class='ocrx_word' id='word_1_469' title='bbox 2584 3589 2786 3653; x_wconf 88' lang='lat' dir='ltr'><strong>nostri</strong></span> <span class='ocrx_word' id='word_1_470' title='bbox 2812 3587 3224 3653; x_wconf 79' lang='lat' dir='ltr'><strong>Auditorihus</strong></span> <span class='ocrx_word' id='word_1_471' title='bbox 3247 3631 3269 3662; x_wconf 88' lang='lat'><strong>,</strong></span> <span class='ocrx_word' id='word_1_472' title='bbox 3301 3607 3489 3670; x_wconf 87' lang='lat' dir='ltr'><strong>super</strong></span> <span class='ocrx_word' id='word_1_473' title='bbox 3542 3608 3652 3656; x_wconf 72' lang='lat' dir='ltr'><strong>ex·</strong></span> 
     </span>
     <span class='ocr_line' id='line_1_78' title="bbox 2088 3684 3653 3770; baseline -0.001 -18"><span class='ocrx_word' id='word_1_474' title='bbox 2088 3687 2290 3770; x_wconf 85' lang='lat' dir='ltr'><strong>petita</strong></span> <span class='ocrx_word' id='word_1_475' title='bbox 2317 3687 2484 3750; x_wconf 88' lang='lat' dir='ltr'><strong>beati</strong></span> <span class='ocrx_word' id='word_1_476' title='bbox 2520 3684 2778 3767; x_wconf 87' lang='grc' dir='ltr'><strong>100001ιί</strong></span> <span class='ocrx_word' id='word_1_477' title='bbox 2821 3685 3125 3768; x_wconf 85' lang='lat' dir='ltr'><strong>praedicti</strong></span> <span class='ocrx_word' id='word_1_478' title='bbox 3173 3684 3653 3751; x_wconf 83' lang='lat' dir='ltr'><strong>canonizatione</strong></span> 
     </span>
     <span class='ocr_line' id='line_1_79' title="bbox 2092 3782 3647 3863; baseline -0.001 -16"><span class='ocrx_word' id='word_1_479' title='bbox 2092 3783 2438 3850; x_wconf 86' lang='lat' dir='ltr'><strong>sententias</strong></span> <span class='ocrx_word' id='word_1_480' title='bbox 2467 3782 2696 3845; x_wconf 86' lang='lat' dir='ltr'><strong>dicere.</strong></span> <span class='ocrx_word' id='word_1_481' title='bbox 2728 3786 3010 3863; x_wconf 87' lang='lat' dir='ltr'><strong>Cumque</strong></span> <span class='ocrx_word' id='word_1_482' title='bbox 3039 3802 3263 3847; x_wconf 84' lang='lat' dir='ltr'><strong>omnes</strong></span> <span class='ocrx_word' id='word_1_483' title='bbox 3316 3782 3397 3848; x_wconf 88' lang='lat' dir='ltr'><strong>ad</strong></span> <span class='ocrx_word' id='word_1_484' title='bbox 3458 3802 3647 3846; x_wconf 87' lang='lat' dir='ltr'><strong>unum</strong></span> 
     </span>
     <span class='ocr_line' id='line_1_80' title="bbox 2090 3877 3649 3965; baseline 0 -21"><span class='ocrx_word' id='word_1_485' title='bbox 2090 3900 2205 3965; x_wconf 91' lang='lat' dir='ltr'><strong>pro</strong></span> <span class='ocrx_word' id='word_1_486' title='bbox 2237 3898 2526 3962; x_wconf 88' lang='lat' dir='ltr'><strong>suprema</strong></span> <span class='ocrx_word' id='word_1_487' title='bbox 2552 3878 2752 3958; x_wconf 86' lang='lat' dir='ltr'><strong>ipsius</strong></span> <span class='ocrx_word' id='word_1_488' title='bbox 2780 3878 2953 3942; x_wconf 84' lang='lat' dir='ltr'><strong>Beati</strong></span> <span class='ocrx_word' id='word_1_489' title='bbox 3010 3877 3468 3963; x_wconf 82' lang='lat' dir='ltr'><strong>glorificatione</strong></span> <span class='ocrx_word' id='word_1_490' title='bbox 3522 3897 3649 3944; x_wconf 82' lang='lat' dir='ltr'><strong>non</strong></span> 
     </span>
     <span class='ocr_line' id='line_1_81' title="bbox 2088 3974 3642 4044; baseline -0.003 -2"><span class='ocrx_word' id='word_1_491' title='bbox 2088 3994 2417 4042; x_wconf 82' lang='grc'><strong>0000000111</strong></span> <span class='ocrx_word' id='word_1_492' title='bbox 2451 3975 2639 4039; x_wconf 88' lang='grc'><strong>10000</strong></span> <span class='ocrx_word' id='word_1_493' title='bbox 2670 3993 2848 4038; x_wconf 85' lang='lat' dir='ltr'><strong>suum</strong></span> <span class='ocrx_word' id='word_1_494' title='bbox 2880 3974 3105 4040; x_wconf 82' lang='lat' dir='ltr'><strong>solidis</strong></span> <span class='ocrx_word' id='word_1_495' title='bbox 3129 3974 3475 4044; x_wconf 86' lang='lat' dir='ltr'><strong>rationibus</strong></span> <span class='ocrx_word' id='word_1_496' title='bbox 3496 3995 3642 4041; x_wconf 89' lang='lat' dir='ltr'><strong>con-</strong></span> 
     </span>
     <span class='ocr_line' id='line_1_82' title="bbox 2087 4069 3651 4142; baseline 0.001 -6"><span class='ocrx_word' id='word_1_497' title='bbox 2087 4071 2406 4136; x_wconf 85' lang='lat' dir='ltr'><strong>firmatum</strong></span> <span class='ocrx_word' id='word_1_498' title='bbox 2428 4112 2450 4142; x_wconf 85' lang='lat'>‚</span> <span class='ocrx_word' id='word_1_499' title='bbox 2480 4070 2594 4134; x_wconf 85' lang='lat' dir='ltr'><strong>sed</strong></span> <span class='ocrx_word' id='word_1_500' title='bbox 2619 4069 2803 4134; x_wconf 80' lang='lat' dir='ltr'><strong>enixa</strong></span> <span class='ocrx_word' id='word_1_501' title='bbox 2832 4069 3019 4135; x_wconf 87' lang='lat' dir='ltr'><strong>etiam</strong></span> <span class='ocrx_word' id='word_1_502' title='bbox 3043 4072 3251 4137; x_wconf 88' lang='lat' dir='ltr'><strong>studia</strong></span> <span class='ocrx_word' id='word_1_503' title='bbox 3276 4078 3345 4138; x_wconf 92' lang='lat' dir='ltr'><strong>et</strong></span> <span class='ocrx_word' id='word_1_504' title='bbox 3371 4078 3513 4137; x_wconf 84' lang='lat' dir='ltr'><strong>vota</strong></span> <span class='ocrx_word' id='word_1_505' title='bbox 3536 4091 3651 4138; x_wconf 88' lang='lat' dir='ltr'><strong>sua</strong></span> 
     </span>
     <span class='ocr_line' id='line_1_83' title="bbox 2093 4164 3646 4251; baseline 0.001 -21"><span class='ocrx_word' id='word_1_506' title='bbox 2093 4164 2569 4238; x_wconf 75' lang='grc' dir='ltr'><strong>0001010000ου</strong></span> <span class='ocrx_word' id='word_1_507' title='bbox 2595 4169 2723 4230; x_wconf 80' lang='lat' dir='ltr'><strong>Nos</strong></span> <span class='ocrx_word' id='word_1_508' title='bbox 2752 4164 3007 4247; x_wconf 87' lang='lat' dir='ltr'><strong>quidem</strong></span> <span class='ocrx_word' id='word_1_509' title='bbox 3043 4186 3116 4232; x_wconf 88' lang='lat' dir='ltr'><strong>ea</strong></span> <span class='ocrx_word' id='word_1_510' title='bbox 3143 4167 3224 4231; x_wconf 89' lang='lat' dir='ltr'><strong>de</strong></span> <span class='ocrx_word' id='word_1_511' title='bbox 3252 4186 3321 4231; x_wconf 89' lang='lat' dir='ltr'><strong>re</strong></span> <span class='ocrx_word' id='word_1_512' title='bbox 3376 4187 3414 4231; x_wconf 88' lang='lat' dir='ltr'><strong>a</strong></span> <span class='ocrx_word' id='word_1_513' title='bbox 3468 4185 3646 4251; x_wconf 88' lang='lat' dir='ltr'><strong>prae·</strong></span> 
     </span>
     <span class='ocr_line' id='line_1_84' title="bbox 2093 4260 3650 4348; baseline 0 -21"><span class='ocrx_word' id='word_1_514' title='bbox 2093 4263 2283 4327; x_wconf 90' lang='lat' dir='ltr'><strong>dictis</strong></span> <span class='ocrx_word' id='word_1_515' title='bbox 2314 4260 2715 4343; x_wconf 76' lang='lat' dir='ltr'><strong>Apostolicae</strong></span> <span class='ocrx_word' id='word_1_516' title='bbox 2747 4260 2927 4326; x_wconf 88' lang='lat' dir='ltr'><strong>Sedis</strong></span> <span class='ocrx_word' id='word_1_517' title='bbox 2952 4262 3228 4328; x_wconf 82' lang='lat' dir='ltr'><strong>Notariis</strong></span> <span class='ocrx_word' id='word_1_518' title='bbox 3254 4262 3510 4348; x_wconf 82' lang='lat' dir='ltr'><strong>publica</strong></span> <span class='ocrx_word' id='word_1_519' title='bbox 3550 4270 3650 4327; x_wconf 82' lang='lat' dir='ltr'><strong>ln-</strong></span> 
     </span>
     <span class='ocr_line' id='line_1_85' title="bbox 2092 4356 3643 4443; baseline -0.003 -16"><span class='ocrx_word' id='word_1_520' title='bbox 2092 4368 2439 4427; x_wconf 88' lang='lat' dir='ltr'><strong>strumenta</strong></span> <span class='ocrx_word' id='word_1_521' title='bbox 2466 4356 2687 4424; x_wconf 81' lang='lat' dir='ltr'><strong>confici</strong></span> <span class='ocrx_word' id='word_1_522' title='bbox 2710 4401 2733 4432; x_wconf 89' lang='lat'>‚</span> <span class='ocrx_word' id='word_1_523' title='bbox 2763 4379 2838 4422; x_wconf 89' lang='lat' dir='ltr'><strong>ac</strong></span> <span class='ocrx_word' id='word_1_524' title='bbox 2876 4370 3199 4440; x_wconf 89' lang='lat' dir='ltr'><strong>praeterea</strong></span> <span class='ocrx_word' id='word_1_525' title='bbox 3254 4359 3643 4443; x_wconf 85' lang='lat' dir='ltr'><strong>prolatorum</strong></span> 
     </span>
     <span class='ocr_line' id='line_1_86' title="bbox 2092 4453 3646 4540; baseline -0.001 -18"><span class='ocrx_word' id='word_1_526' title='bbox 2092 4455 2528 4539; x_wconf 75' lang='lat' dir='ltr'><strong>suffragiorum</strong></span> <span class='ocrx_word' id='word_1_527' title='bbox 2557 4453 2848 4537; x_wconf 83' lang='lat' dir='ltr'><strong>exempla</strong></span> <span class='ocrx_word' id='word_1_528' title='bbox 2875 4475 2912 4519; x_wconf 89' lang='lat' dir='ltr'><strong>a</strong></span> <span class='ocrx_word' id='word_1_529' title='bbox 2971 4455 3237 4540; x_wconf 75' lang='lat' dir='ltr'><strong>singulis</strong></span> <span class='ocrx_word' id='word_1_530' title='bbox 3291 4457 3646 4538; x_wconf 83' lang='lat' dir='ltr'><strong>subscripta</strong></span> 
     </span>
     <span class='ocr_line' id='line_1_87' title="bbox 2088 4551 3647 4637; baseline 0 -17"><span class='ocrx_word' id='word_1_531' title='bbox 2088 4552 2346 4637; x_wconf 86' lang='lat' dir='ltr'><strong>colligi,</strong></span> <span class='ocrx_word' id='word_1_532' title='bbox 2377 4551 2525 4616; x_wconf 92' lang='lat' dir='ltr'><strong>etin</strong></span> <span class='ocrx_word' id='word_1_533' title='bbox 2550 4551 2955 4617; x_wconf 81' lang='lat' dir='ltr'><strong>Tabularium</strong></span> <span class='ocrx_word' id='word_1_534' title='bbox 2986 4552 3305 4619; x_wconf 82' lang='lat' dir='ltr'><strong>Ecclesiae</strong></span> <span class='ocrx_word' id='word_1_535' title='bbox 3334 4560 3647 4626; x_wconf 71' lang='lat' dir='ltr'><strong>Romam</strong></span> 
     </span>
     <span class='ocr_line' id='line_1_88' title="bbox 2089 4648 3644 4730; baseline 0 -19"><span class='ocrx_word' id='word_1_536' title='bbox 2089 4649 2314 4715; x_wconf 78' lang='lat' dir='ltr'><strong>inferri</strong></span> <span class='ocrx_word' id='word_1_537' title='bbox 2347 4648 2807 4714; x_wconf 80' lang='lat' dir='ltr'><strong>mandavimus·</strong></span> <span class='ocrx_word' id='word_1_538' title='bbox 2836 4657 3281 4715; x_wconf 85' lang='lat' dir='ltr'><strong>Verumtamen</strong></span> <span class='ocrx_word' id='word_1_539' title='bbox 3311 4659 3644 4730; x_wconf 80' lang='lat' dir='ltr'><strong>antequam</strong></span> 
     </span>
     <span class='ocr_line' id='line_1_89' title="bbox 2086 4744 3644 4830; baseline -0.003 -19"><span class='ocrx_word' id='word_1_540' title='bbox 2086 4748 2165 4811; x_wconf 88' lang='lat' dir='ltr'><strong>ad</strong></span> <span class='ocrx_word' id='word_1_541' title='bbox 2193 4745 2517 4811; x_wconf 76' lang='lat' dir='ltr'><strong>ferendam</strong></span> <span class='ocrx_word' id='word_1_542' title='bbox 2549 4744 2908 4830; x_wconf 83' lang='lat' dir='ltr'><strong>hujusmodi</strong></span> <span class='ocrx_word' id='word_1_543' title='bbox 2955 4746 3336 4812; x_wconf 83' lang='lat' dir='ltr'><strong>definitivam</strong></span> <span class='ocrx_word' id='word_1_544' title='bbox 3396 4755 3644 4814; x_wconf 80' lang='lat' dir='ltr'><strong>senten·</strong></span> 
     </span>
     <span class='ocr_line' id='line_1_90' title="bbox 2087 4841 3644 4926; baseline -0.003 -21"><span class='ocrx_word' id='word_1_545' title='bbox 2087 4842 2238 4906; x_wconf 91' lang='lat' dir='ltr'><strong>tiam</strong></span> <span class='ocrx_word' id='word_1_546' title='bbox 2266 4841 2758 4916; x_wconf 86' lang='lat' dir='ltr'><strong>adduceremur,</strong></span> <span class='ocrx_word' id='word_1_547' title='bbox 2785 4841 3036 4908; x_wconf 88' lang='lat' dir='ltr'><strong>indictis</strong></span> <span class='ocrx_word' id='word_1_548' title='bbox 3063 4863 3177 4926; x_wconf 91' lang='lat' dir='ltr'><strong>per</strong></span> <span class='ocrx_word' id='word_1_549' title='bbox 3202 4841 3427 4907; x_wconf 89' lang='lat' dir='ltr'><strong>Urbem</strong></span> <span class='ocrx_word' id='word_1_550' title='bbox 3454 4858 3644 4924; x_wconf 87' lang='lat' dir='ltr'><strong>gene·</strong></span> 
     </span>
    </p>
   </div>
   <div class='ocr_carea' id='block_1_15' title="bbox 549 4934 3642 5024">
    <p class='ocr_par' dir='ltr' id='par_1_20' title="bbox 549 4934 3642 5024">
     <span class='ocr_line' id='line_1_91' title="bbox 549 4934 3642 5024; baseline 0 -24"><span class='ocrx_word' id='word_1_551' title='bbox 549 4941 666 5001; x_wconf 82' lang='lat' dir='ltr'><strong>Pro</strong></span> <span class='ocrx_word' id='word_1_552' title='bbox 694 4936 888 5024; x_wconf 79' lang='lat' dir='ltr'><strong>cujus</strong></span> <span class='ocrx_word' id='word_1_553' title='bbox 902 4935 1152 5024; x_wconf 84' lang='lat' dir='ltr'><strong>Decreti</strong></span> <span class='ocrx_word' id='word_1_554' title='bbox 1176 4934 1548 5003; x_wconf 85' lang='lat' dir='ltr'><strong>executione</strong></span> <span class='ocrx_word' id='word_1_555' title='bbox 1581 4954 1771 5020; x_wconf 88' lang='lat' dir='ltr'><strong>quum</strong></span> <span class='ocrx_word' id='word_1_556' title='bbox 1798 4955 1977 5019; x_wconf 84' lang='lat' dir='ltr'><strong>prae-</strong></span> <span class='ocrx_word' id='word_1_557' title='bbox 2090 4937 2359 5005; x_wconf 78' lang='lat' dir='ltr'><strong>ratium</strong></span> <span class='ocrx_word' id='word_1_558' title='bbox 2340 4936 2726 5023; x_wconf 66' lang='lat' dir='ltr'><strong>jejuniorum</strong></span> <span class='ocrx_word' id='word_1_559' title='bbox 2753 4937 3026 5013; x_wconf 83' lang='lat' dir='ltr'><strong>diebus,</strong></span> <span class='ocrx_word' id='word_1_560' title='bbox 3055 4936 3519 5024; x_wconf 79' lang='lat' dir='ltr'><strong>designatisque</strong></span> <span class='ocrx_word' id='word_1_561' title='bbox 3561 4935 3642 5004; x_wconf 88' lang='lat' dir='ltr'><strong>ad</strong></span> 
     </span>
    </p>
   </div>
   <div class='ocr_carea' id='block_1_16' title="bbox 528 5211 1351 5357">
    <p class='ocr_par' dir='ltr' id='par_1_21' title="bbox 528 5211 1351 5357">
     <span class='ocr_line' id='line_1_92' title="bbox 530 5211 1074 5269; baseline 0.004 -2"><span class='ocrx_word' id='word_1_562' title='bbox 530 5214 584 5267; x_wconf 78' lang='grc' dir='ltr'><strong>Α</strong></span> <span class='ocrx_word' id='word_1_563' title='bbox 621 5211 967 5268; x_wconf 52' lang='lat' dir='ltr'><strong>succulum</strong></span> <span class='ocrx_word' id='word_1_564' title='bbox 991 5216 1074 5269; x_wconf 81' lang='lat'><strong>11.</strong></span> 
     </span>
     <span class='ocr_line' id='line_1_93' title="bbox 528 5300 1351 5357; baseline 0.001 -2"><span class='ocrx_word' id='word_1_565' title='bbox 528 5302 574 5355; x_wconf 91' lang='lat' dir='ltr'><strong>c</strong></span> <span class='ocrx_word' id='word_1_566' title='bbox 623 5300 1025 5356; x_wconf 70' lang='lat' dir='ltr'><strong>consistorium</strong></span> <span class='ocrx_word' id='word_1_567' title='bbox 1051 5302 1351 5357; x_wconf 66' lang='lat' dir='ltr'><strong>Secutum.</strong></span> 
     </span>
    </p>
   </div>
   <div class='ocr_carea' id='block_1_17' title="bbox 1222 5211 2796 5366">
    <p class='ocr_par' dir='ltr' id='par_1_22' title="bbox 1222 5211 2796 5366">
     <span class='ocr_line' id='line_1_94' title="bbox 1222 5211 2796 5286; baseline 0 -20"><span class='ocrx_word' id='word_1_568' title='bbox 1222 5215 1269 5266; x_wconf 83' lang='lat' dir='ltr'>B</span> <span class='ocrx_word' id='word_1_569' title='bbox 1307 5216 1607 5269; x_wconf 66' lang='lat' dir='ltr'><strong>Decretum</strong></span> <span class='ocrx_word' id='word_1_570' title='bbox 1631 5213 1701 5268; x_wconf 77' lang='lat' dir='ltr'><strong>de</strong></span> <span class='ocrx_word' id='word_1_571' title='bbox 1723 5225 1845 5270; x_wconf 71' lang='lat' dir='ltr'><strong>tuto</strong></span> <span class='ocrx_word' id='word_1_572' title='bbox 1861 5229 2151 5286; x_wconf 62' lang='lat' dir='ltr'><strong>progressu</strong></span> <span class='ocrx_word' id='word_1_573' title='bbox 2177 5211 2259 5267; x_wconf 78' lang='lat' dir='ltr'><strong>ad</strong></span> <span class='ocrx_word' id='word_1_574' title='bbox 2284 5212 2796 5268; x_wconf 72' lang='lat' dir='ltr'><strong>Canonisaeionem.</strong></span> 
     </span>
     <span class='ocr_line' id='line_1_95' title="bbox 1498 5299 2339 5366; baseline 0 -10"><span class='ocrx_word' id='word_1_575' title='bbox 1498 5303 1549 5356; x_wconf 81' lang='lat'><strong>1)</strong></span> <span class='ocrx_word' id='word_1_576' title='bbox 1594 5301 1994 5366; x_wconf 67' lang='lat' dir='ltr'><strong>Cumis-corium</strong></span> <span class='ocrx_word' id='word_1_577' title='bbox 2020 5299 2339 5356; x_wconf 69' lang='lat' dir='ltr'><strong>publicum.</strong></span> 
     </span>
    </p>
   </div>
   <div class='ocr_carea' id='block_1_18' title="bbox 532 5386 2746 5465">
    <p class='ocr_par' dir='ltr' id='par_1_23' title="bbox 532 5386 2746 5465">
     <span class='ocr_line' id='line_1_96' title="bbox 532 5386 2746 5465; baseline 0 -25"><span class='ocrx_word' id='word_1_578' title='bbox 532 5388 581 5440; x_wconf 71' lang='grc' dir='ltr'>Ε</span> <span class='ocrx_word' id='word_1_579' title='bbox 628 5386 1019 5444; x_wconf 60' lang='lat' dir='ltr'><strong>Cat-dinanum</strong></span> <span class='ocrx_word' id='word_1_580' title='bbox 1045 5401 1100 5445; x_wconf 72' lang='lat' dir='ltr'><strong>es</strong></span> <span class='ocrx_word' id='word_1_581' title='bbox 1123 5389 1532 5465; x_wconf 58' lang='lat' dir='ltr'><strong>Epzkcoporum</strong></span> <span class='ocrx_word' id='word_1_582' title='bbox 1554 5389 1862 5447; x_wconf 74' lang='lat' dir='ltr'><strong>sententiae</strong></span> <span class='ocrx_word' id='word_1_583' title='bbox 1887 5391 1947 5446; x_wconf 75' lang='lat' dir='ltr'><strong>in</strong></span> <span class='ocrx_word' id='word_1_584' title='bbox 1986 5387 2327 5446; x_wconf 74' lang='lat' dir='ltr'><strong>Consiuorio</strong></span> <span class='ocrx_word' id='word_1_585' title='bbox 2357 5387 2746 5460; x_wconf 76' lang='lat' dir='ltr'><strong>Senu‘publico.</strong></span> 
     </span>
    </p>
   </div>
   <div class='ocr_carea' id='block_1_19' title="bbox 3696 2032 3747 2093">
    <p class='ocr_par' dir='ltr' id='par_1_24' title="bbox 3696 2032 3747 2093">
     <span class='ocr_line' id='line_1_97' title="bbox 3696 2032 3747 2093; baseline 0 0"><span class='ocrx_word' id='word_1_586' title='bbox 3696 2032 3747 2093; x_wconf 83' lang='lat' dir='ltr'><strong>l)</strong></span> 
     </span>
    </p>
   </div>
  </div>
 </body>
</html>
