4442 6300
1528 519 1871 588 Ql‘tNQt'tt
1914 519 2377 572 sANu'l'onru
2422 523 2586 572 1:⁸⁶0.
3399 524 3505 571 2¹7

461 655 649 760 bus,
684 666 773 742 ad
811 666 1093 741 easdem
1124 665 1483 743 Ecclesias
1518 668 1637 770 pie
1675 663 2153 769 religioseque
2190 667 2617 769 procedant.
2657 667 2774 741 Ad
2811 667 2990 741 haec
3027 666 3554 747 mandavimus,
3590 683 3676 737 nt

456 785 902 862 calendariis
936 803 1013 859 et
1047 785 1463 859 divinorum
1506 774 1939 859 officiorum
1982 782 2220 856 Libris
2257 782 2470 856 iidem
2509 783 2661 856 duo
2700 783 3070 857 beatissimi
3112 783 3467 886 Apostoli,
3505 800 3674 856 tan-

458 932 676 1009 quam
715 905 1038 1008 primarii
1078 920 1429 1004 augustae
1468 899 1686 1004 hujus
1720 901 1939 974 Urbis
1973 902 2323 991 Patroni,
2362 902 2901 979 inscribantur:
2939 900 3144 1003 quod
3179 898 3473 1002 quidem
3520 901 3674 974 No-

457 1023 567 1098 bis
605 1049 645 1096 a
690 1023 1132 1096 sanctissimis
1165 1022 1355 1093 Viris
1388 1021 1642 1095 Leone
1679 1016 2036 1095 Pontifice
2068 1071 2090 1108 ‚
2125 1019 2436 1094 Maximo
2474 1018 2935 1110 Taurinensi,
2969 1037 3049 1093 et
3083 1020 3448 1093 Venantio
3480 1019 3670 1093 For—

458 1156 717 1214 tunato
754 1164 841 1213 ex
872 1140 1103 1216 veteri
1140 1135 1511 1240 disciplina
1544 1134 1891 1209 traditum
1930 1150 2055 1210 est.

616 1256 1065 1359 Opportune
1103 1274 1406 1356 quoque
1442 1270 1520 1327 et
1556 1256 1820 1327 merito
1857 1252 2057 1326 hunc
2092 1257 2324 1357 ipsum
2363 1253 2551 1329 diem
2591 1254 2856 1329 festum
2906 1255 3288 1329 beatorum
3354 1261 3672 1356 Aposto-

458 1369 701 1447 lorum
739 1373 940 1469 Petri
975 1386 1052 1444 et
1085 1369 1289 1444 Pauli
1340 1368 1738 1443 hodiernae
1790 1369 2237 1447 ‚Sanctorum
2301 1373 2846 1445 Canonizationi
2910 1368 3331 1473 selegimus:
3395 1368 3669 1442 nedum

458 1505 547 1564 ut
579 1485 829 1564 saltem
864 1486 1083 1563 semel
1120 1491 1309 1565 vitae
1344 1504 1636 1561 nostrae
1673 1503 2006 1589 tempore
2042 1485 2521 1563 felicissimum
2563 1485 2973 1588 hujusmodi
3006 1485 3193 1561 diem
3231 1486 3505 1591 ingenti
3523 1512 3671 1590 po-

460 1604 811 1710 pulcrum
847 1630 1211 1680 concursu
1241 1659 1262 1696 ,
1297 1602 1673 1706 multaque
1709 1605 2054 1678 Fratrum
2115 1623 2536 1679 nostrorum
2600 1607 3132 1708 Episcopornm
3202 1604 3620 1706 frequentia
3648 1658 3670 1697 ‚

456 1725 770 1828 pristino
804 1747 1010 1798 more
1046 1720 1403 1796 celebrari
1440 1720 1809 1797 videamus
1837 1777 1857 1813 ‚
1891 1721 2018 1796 sed
2057 1723 2482 1824 praesertim
2521 1722 2736 1794 etiam
2769 1777 2789 1813 ‚
2822 1719 3026 1824 quod
3061 1721 3516 1795 Sententiam
3573 1720 3667 1796 il-

456 1838 597 1915 lam
636 1838 1086 1916 definitivam
1118 1893 1140 1930 ‚
1174 1865 1320 1941 qua
1358 1841 1689 1941 quinque
1724 1840 1989 1912 Beatos
2026 1865 2273 1943 nuper
2308 1844 2385 1915 in
2418 1840 2852 1913 Sanctorum
2901 1838 3166 1913 Album
3241 1837 3619 1919 retulimus
3645 1898 3665 1929 ‚

455 1959 1098 2062 pronunciavimus
1120 2012 1140 2046 ‚
1178 1973 1264 2028 ut
1298 1955 1666 2031 audivistis
1690 2010 1712 2047 ‚
1745 1961 1824 2029 in
1863 1956 2222 2030 honorem
2258 1956 2564 2030 Sanctae
2602 1972 2678 2029 et
2750 1954 3174 2055 Individuae
3240 1957 3616 2029 Trinitatis
3643 2009 3665 2041 ‚

452 2074 543 2150 ad
581 2073 1001 2148 Catholicae
1038 2072 1239 2148 Fidei
1280 2073 1717 2177 praesidium
1749 2129 1769 2165 ‚
1805 2089 1881 2147 et
1916 2073 2364 2147 Christianae
2401 2070 2789 2174 Religionis
2824 2073 3355 2149 incrementum
3405 2088 3664 2146 aucto-

454 2193 683 2268 ritate
713 2192 1004 2266 Domini
1041 2190 1283 2265 Nostri
1320 2191 1367 2264 J
1370 2217 1494 2264 esu
1528 2191 1797 2265 Christi
1828 2249 1850 2280 ,
1883 2190 2270 2265 beatorum
2308 2188 2831 2293 Apostolorum
2870 2191 3073 2264 Petri
3123 2206 3205 2263 et
3263 2187 3519 2279 Pauli,
3588 2206 3665 2264 et

460 2325 706 2384 nostra
736 2336 756 2398 ;
795 2325 869 2383 et
905 2308 1198 2382 demum
1226 2363 1246 2399 ‚
1281 2308 1484 2410 quod
1522 2311 1599 2382 in
1633 2334 2088 2411 unoquoque
2123 2307 2550 2384 eorumdem
2586 2310 2916 2410 quinque
2979 2311 3368 2383 Beatorum
3428 2311 3663 2408 imago

451 2426 810 2529 quaedam
848 2442 925 2498 et
960 2424 1315 2501 nonnulla
1349 2426 1791 2500 Sanctorum
1832 2424 2352 2530 Apostolorum
2389 2427 2588 2499 Petri
2623 2442 2702 2498 et
2735 2424 2941 2499 Pauli
2990 2423 3380 2500 similitudo
3437 2427 3661 2500 inesse

449 2543 768 2620 videtur.
806 2545 965 2617 Hoc
1001 2559 1247 2617 autem
1287 2570 1439 2618 non
1476 2550 1574 2617 ita
1612 2543 1912 2618 dicimus
1936 2598 1958 2631 ‚
1987 2559 2078 2616 ut
2116 2570 2251 2646 par
2286 2544 2627 2616 meritum
2655 2599 2678 2632 ‚
2713 2560 2845 2616 aut
2877 2541 3381 2645 aequalitatem
3423 2546 3659 2619 virtu-

457 2677 617 2735 tum
646 2662 926 2734 horum
964 2685 1141 2735 cum
1170 2657 1319 2735 illis-
1343 2659 1737 2736 inferamns
1763 2714 1785 2751 ‚
1820 2685 1985 2733 cum
2024 2662 2393 2735 temeritas
2423 2662 2511 2733 sit
2546 2657 3096 2762 amplitudinem
3146 2659 3665 2763 Apostolorum

450 2801 619 2851 cum
658 2776 966 2851 aliorum
1002 2777 1441 2852 Sanctorum
1474 2781 1747 2851 meritis
1802 2801 2230 2879 comparare
2257 2801 2278 2865 ;
2333 2774 2462 2849 sed
2522 2791 2609 2849 ut
2668 2773 3130 2850 ostendamus
3155 2830 3177 2867 ‚
3235 2777 3415 2850 haec
3475 2803 3665 2851 nova

450 2893 869 2968 sanctitatis
902 2892 1173 2968 lumina
1209 2891 1297 2969 ad
1335 2893 1742 2969 clarissimas
1775 2894 2161 2969 beatorum
2201 2890 2716 2996 Apostolorum
2745 2894 2957 3005 fetri
2995 2909 3073 2966 et
3107 2892 3314 2968 Pauli
3360 2895 3667 2969 virtutes

452 3011 803 3086 accedere
842 3038 985 3115 pro
1018 3012 1293 3087 viribus
1326 3012 1678 3087 curavisse
1708 3066 1730 3101 ‚
1765 3027 1840 3084 et
1875 3011 2010 3084 hac
2045 3013 2333 3084 ratione
2370 3008 2459 3084 ad
2500 3008 2936 3084 Sanctorum
2973 3008 3272 3112 gloriam
3313 3014 3390 3085 in
3453 3017 3667 3086 terris

456 3132 798 3204 meruisse
833 3127 1129 3203 essaltari
1160 3185 1180 3221 ‚
1213 3156 1359 3232 qua
1395 3124 1817 3232 jamdudum
1853 3130 1927 3200 in
1965 3125 2191 3201 Caelis
2228 3131 2425 3201 inter
2460 3126 2899 3202 beatissimos
2932 3127 3142 3202 Cives
3178 3125 3651 3203 fruebantur.

566 3341 571 3346 ἡ
608 3249 830 3320 Venit
864 3249 1132 3321 Petrus
1164 3247 1547 3321 Antiochia
1582 3244 1675 3320 ad
1714 3244 2213 3320 hanc‘Urbem
2245 3302 2265 3332 ‚
2303 3244 2421 3317 hic
2461 3246 2766 3347 primam
2804 3243 3072 3318 Sedem
3109 3248 3512 3335 constituit,
3548 3245 3666 3318 hic

448 3366 955 3466 nequissimum
984 3363 1380 3440 debellavit
1403 3364 1797 3452 Simonem,
1822 3363 1941 3436 hic
1975 3362 2022 3435 J
2024 3387 2149 3440 esu
2186 3362 2451 3436 Christi
2488 3360 2959 3464 Evangelium
2991 3360 3494 3439 disseminavit.
3520 3364 3667 3437 Ve-

448 3486 557 3556 nit
593 3483 739 3556 huc
774 3508 1075 3584 quoque
1106 3481 1378 3556 Paulus
1408 3498 1571 3584 post
1597 3477 1948 3566 navalem,
1970 3496 2060 3553 ut
2091 3481 2412 3554 Joannes
2445 3480 2997 3583 Chrysostomus
3022 3484 3148 3574 ait,
3186 3507 3522 3583 pugnam3
3550 3498 3666 3554 at-

442 3626 591 3701 que
634 3599 750 3672 hic
784 3599 830 3671 J
837 3597 1079 3670 udaeis
1105 3614 1181 3671 et
1206 3598 1571 3671 Gentibus
1596 3601 1672 3671 in
1702 3597 1965 3671 Christi
1990 3595 2168 3670 Fide
2206 3595 2623 3670 erudiendis
2656 3594 2811 3671 dies
2845 3612 3243 3698 noctesque
3279 3597 3660 3673 laboravit.

452 3716 685 3792 Ambo
723 3718 935 3789 vitam
972 3715 1069 3787 et‘
1084 3718 1502 3817 sanguinem
1536 3739 1677 3817 pro
1704 3713 1967 3787 Christi
2011 3716 2308 3787 nomine
2343 3712 2725 3790 effundere
2763 3717 3143 3817 cupientes
3169 3768 3189 3802 ‚
3227 3715 3438 3789 ambo
3506 3718 3662 3790 Ro-

446 3860 630 3926 mae,
655 3832 1065 3935 eodemque
1100 3831 1219 3906 (lie
1254 3830 1632 3934 gloriosam
1662 3830 1997 3933 Mat-tyrii
2036 3853 2384 3903 coronam
2424 3829 2669 3933 adepti
2701 3847 2895 3904 sunt:
2921 3834 3183 3905 Petrus
3213 3831 3506 3933 quidem
3546 3836 3660 3906 in-

443 3974 650 4027 verso
673 3949 910 4052 capite
940 3951 1141 4021 cruci
1165 3947 1442 4037 εἴθισε,
1472 3945 1737 4021 Paulus
1765 3943 2005 4047 gladio
2038 3949 2277 4049 capite
2314 3947 2813 4034 obtruncatus3
2843 3973 2939 4020 ex
2971 3973 3288 4049 quorum
3316 3951 3659 4051 sanguine

442 4065 671 4150 veluti
712 4093 801 4139 ex
836 4069 1106 4139 semine
1136 4119 1156 4153 ‚
1193 4081 1308 4137 tot
1342 4061 1728 4138 beatorum
1763 4065 2181 4166 Martyrum
2219 4061 2432 4136 millia
2470 4067 2976 4166 germinarunt
3004 4119 3024 4155 ‚
3071 4082 3156 4138 ut
3212 4066 3660 4141 exuberante

446 4185 654 4286 copia
691 4184 976 4257 virtutis
1010 4196 1090 4253 et
1123 4178 1315 4269 fidei,
1351 4197 1440 4252 ut
1478 4180 1887 4282 Cyprianus
1920 4181 2184 4281 inquit,
2219 4178 2474 4282 singuli
2510 4180 2872 4283 Martyres
2907 4184 3273 4254 numerari
3310 4208 3462 4256 non
3489 4209 3662 4285 pos-

441 4316 625 4374 sent.
663 4295 897 4372 In-h'is
928 4295 1150 4371 modo
1187 4296 1508 4372 Fidelem
1544 4296 1649 4390 ’ἃς
1677 4296 2120 4399 Sigmaringa
2154 4297 2693 4371 numeravimus
2717 4351 2739 4386 ‚
2773 4300 2903 4399 qui
2939 4297 3027 4371 ad
3092 4299 3660 4402 praedicandum

446 4416 753 4494 verbum
789 4415 923 4488 Dei
959 4428 1036 4486 et
1071 4411 1513 4486 Catholicatn
1551 4409 1995 4514 Religionem
2029 4412 2121 4486 ab
2157 4414 2535 4487 haereticis
2569 4412 3070 4488 vindicandam
3097 4472 3122 4505 ,
3156 4416 3250 4489 ab
3283 4416 3418 4490 hac
3450 4419 3658 4521 Apo·

442 4531 693 4608 stolica
731 4529 922 4605 Sede
960 4533 1034 4603 in
1066 4530 1439 4604 Rhaetiam
1483 4533 1727 4603 missus
1752 4581 1774 4618 ‚
1807 4530 2078 4604 invicto
2112 4533 2355 4604 animo
2392 4532 2611 4604 morti
2647 4556 3039 4606 occurrens
3067 4588 3087 4623 ,
3123 4532 3215 4606 ab
3279 4534 3657 4624 haereticis

443 4648 878 4746 interfectus
906 4664 1013 4721 est
1043 4701 1063 4737 ‚
1099 4663 1176 4719 et
1212 4646 1592 4754 gloriosam
1628 4646 1756 4720 sibi
1796 4646 2128 4750 Martyrii
2165 4674 2512 4721 coronam
2547 4653 3014 4751 comparavit.

595 4767 896 4870 Negavit
933 4781 1048 4839 ter
1078 4767 1347 4838 Petrus
1381 4821 1403 4852 ,
1434 4764 1530 4837 ab
1564 4763 1819 4838 ancilla
1856 4782 1934 4837 et
1968 4766 2014 4838 J
2018 4764 2265 4839 udaeis
2291 4768 2778 4867 interrogatus
2804 4821 2825 4854 ,
2858 4767 3197 4841 Divinum
3233 4791 3442 4841 suum
3494 4770 3654 4843 Mass-

446 4887 777 4988 gistrum.
813 4885 1249 4957 Persecutus
1272 4899 1383 4955 est
1416 4880 1684 4955 Paulus
1718 4880 2102 4985 discipulos
2135 4883 2398 4956 Christi
2430 4937 2451 4971 ‚
2497 4907 2684 4984 quos
2742 4881 2836 4956 ad
2895 4885 3466 4958 internecionem
3528 4911 3653 4958 us-

444 5028 593 5105 que
628 4998 879 5075 delere
915 5016 1279 5106 statuerat.
1317 5003 1417 5071 At
1451 5024 1651 5073 suam
1689 5001 1952 5073 Petrus
1986 4998 2361 5103 perfidiam
2400 4998 2606 5075 flevit
2639 5026 2878 5074 amare
2905 5032 2931 5089 ;
2966 5017 3044 5073 et
3078 4999 3343 5076 Paulus
3365 5002 3649 5077 divinae

443 5124 643 5195 vocis
675 5135 965 5193 terrore
1002 5132 1388 5219 correptus
1415 5170 1437 5207 ‚
1477 5116 1679 5191 humi
1714 5133 2022 5207 stratus,
2058 5117 2296 5192 factus
2328 5133 2436 5191 est
2477 5143 2594 5192 vas
2625 5116 2996 5192 electionis
3019 5174 3039 5209 ,
3073 5135 3152 5193 et
3189 5117 3279 5193 ad
3334 5124 3653 5223 Aposto-

447 5233 653 5310 licam
692 5235 1114 5338 dignitatem
1154 5259 1295 5307 una
1330 5258 1495 5307 cum
1534 5233 1863 5308 Barnaba
1896 5264 1934 5307 a
1969 5233 2253 5338 Spiritu
2287 5235 2557 5308 Sancto
2591 5250 2891 5338 vocatus
2936 5249 3068 5307 est.
3102 5234 3308 5326 Quot
3338 5235 3427 5309 ad
3466 5262 3651 5337 poe-

445 5355 598 5427 nite
614 5358 836 5426 ntiam
876 5379 961 5436 ex
984 5348 1380 5455 praeclaro
1412 5343 1686 5425 horum
1715 5350 2049 5454 exemplo
2087 5343 2428 5438 excitati-.‚
2461 5377 2549 5425 ex
2598 5351 2945 5455 improbis
2981 5367 3058 5425 et
3116 5354 3415 5455 impuris
3480 5353 3647 5428 facti

446 5486 616 5546 sunt
653 5461 979 5574 egregiae
1021 5470 1304 5544 vir-tutis
1338 5484 1415 5541 et
1445 5467 1832 5544 sanctitatis
1865 5467 2134 5543 lumina
2163 5469 2204 5541 ’.Ρ
2242 5469 2448 5560 Quot
2489 5465 2778 5543 assiduis
2809 5466 3141 5572 lacrymis
3174 5495 3298 5543 sua
3359 5468 3649 5546 deflen-

735 5599 949 5640 ιιιειο.
990 5598 1104 5640 xxv.
1148 5598 1295 5640 τοι.
1340 5586 1469 5639 Vss.
2130 5585 2136 5591 ’
3249 5586 3322 5640 42
