4442 6300
1496 488 1842 561 numqua
1892 486 2362 549 “neronum
2401 488 2569 542 nc.

451 668 713 723 eorum
752 636 1023 731 natali,
1057 662 1324 743 nempe
1359 633 1624 713 Fidelis
1657 635 1778 712 die
1815 635 2147 738 vigesima
2183 648 2447 738 quarta
2483 630 2754 739 Aprilis
2789 635 2985 710 inter
3025 632 3331 710 Sanctos
3385 636 3675 740 Marty-

454 786 579 836 res
604 816 625 852 ,
660 757 940 836 Camilli
972 755 1249 832 decima
1286 755 1546 857 quinta
1580 753 1807 845 sulii,
1840 754 2043 827 Petri
2078 748 2574 825 decimatertia
2610 752 2826 841 Maii,
2862 751 3163 855 Iosephi
3200 766 3465 853 quarta
3524 751 3672 825 Fe-

461 876 742 951 bruarii
775 933 797 968 ,
835 878 1028 949 inter
1062 871 1368 947 Sanctos
1402 870 1866 946 Confessores
1901 895 2053 943 non
2090 867 2478 942 Pontifices
2505 922 2526 959 ‚
2562 885 2637 942 et
2686 870 3116 942 catharinae
3179 867 3674 942 decimatertia

453 992 780 1096 ejusdem
811 994 1069 1068 mensis
1107 989 1485 1064 Februarii
1524 992 1718 1064 inter
1754 989 2050 1062 Sanctas
2083 987 2416 1087 Virgines
2450 1012 2600 1059 non
2642 988 3006 1090 Martyres
3033 1045 3054 1076 ,
3097 987 3214 1090 pia
3274 984 3670 1062 devotione

457 1110 687 1187 recoli
724 1110 1047 1186 debere:
1085 1110 1174 1181 In
1209 1108 1501 1182 nomine
1536 1107 1870 1202 Paffitris
1895 1161 1923 1196 ‚
1953 1121 2031 1179 et
2063 1101 2327 1197 Fiffilii
2355 1157 2376 1192 ,
2413 1118 2490 1176 et
2523 1101 3212 1206 SpiritusffiSancti.
3251 1106 3513 1181 Amen.

568 1318 835 1387 Tunc‘t).
887 1320 1242 1385 Advocatus
1294 1317 1755 1382 Hontecatinus
1777 1359 1799 1391 ‚
1860 1322 2007 1381 Sen-
2119 1318 2314 1377 totam
2337 1355 2356 1384 ‚
2380 1320 2449 1375 ut
2477 1311 2641 1378 infra
2669 1312 3001 1388 referetur,
3034 1336 3113 1380 ex
3142 1314 3353 1381 officio
3386 1280 3677 1379 transcri-

437 1420 695 1484 tentia'm
730 1419 813 1482 ita
847 1417 1150 1501 prolatam
1175 1457 1195 1487 ,
1228 1435 1263 1477 a
1305 1413 1631 1480 cardinale
1688 1422 2008 1479 Portecar-

439 1536 584 1580 rero
613 1514 1033 1580 libentissime
1064 1512 1265 1592 excipi
1296 1513 1735 1594 act-aptarique
1766 1554 1787 1584 ,
1818 1520 1885 1585 et
1924 1512 2005 1574 ab

440 1613 666 1677 eodem
703 1611 1002 1675 maximas
1031 1610 1115 1672 ob
1144 1608 1210 1669 id
1239 1608 1517 1673 Pontifici
1575 1608 1806 1690 gratias
1864 1607 2002 1689 agi,

443 1708 632 1791 eique
662 1708 1050 1791 supplicare,
1078 1714 1146 1769 ut
1184 1703 1583 1786 spostolicae
1643 1704 1864 1768 literae
1926 1703 2003 1767 de

443 1825 620 1869 more
644 1825 834 1886 super
862 1826 936 1869 ea
969 1805 1292 1875 darentur,
1323 1802 1813 1865 Eminentissimi
1840 1802 2005 1864 Prin-

443 1902 599 1984 cipis
627 1901 882 1965 nomine
911 1898 1316 1965 sanctissimo
1334 1897 1616 1971 ,Domino
1645 1902 1870 1961 Nostro
1901 1918 2006 1961 ex-

447 1999 658 2083 posuit
690 1998 1007 2063 videlicet.

841 2277 1307 2339 assusatus
1340 2277 1639 2358 effren..

1092 2402 1131 2429 0

581 2538 742 2598 Idem
778 2538 1318 2602 Reverendissimus
1349 2537 1418 2595 D.
1457 2536 1804 2595 cardinalis
1854 2535 2006 2595 Joa·

448 2639 606 2695 claim
640 2637 1065 2695 Portocarrcro
1094 2637 1190 2694 hic
1221 2649 1502 2709 praesens
1531 2642 1807 2705 acceptat
1863 2648 2009 2707 pro·

442 2738 892 2794 nunciationcm
920 2751 957 2793 a
989 2733 1328 2792 Sanctitate
1375 2732 1579 2790 Vestra
1609 2731 1837 2806 factam
1860 2770 1881 2800 ‚
1928 2733 2011 2789 si-

445 2833 690 2904 dcmqne
717 2834 954 2905 gratias
982 2832 1345 2888 ivnmortalcs
1372 2830 1525 2899 nait,
1553 2843 1625 2885 ac
1661 2831 1842 2885 enixe
1866 2843 2008 2899 sup·

437 2928 684 2999 plicat,
718 2936 785 2984 ut
818 2927 1128 2986 Sanctitas
1160 2928 1371 2987 Vestra
1417 2938 1596 2996 saper
1656 2924 2001 2982 canoniza-

448 3025 610 3082 tione
642 3028 845 3084 cadom
873 3026 1111 3083 Litoras
1139 3022 1520 3096 Apostolicas
1567 3023 1851 3095 dignetur
1906 3024 2006 3080 dc·

451 3134 705 3182 cernere.

576 3292 935 3359 Assentiens
962 3293 1244 3378 petitioni
1274 3300 1433 3374 Papa
1447 3291 1719 3374 simplex
1738 3292 1855 3357 boc
1877 3313 2009 3357 ver-

449 3390 594 3456 bum
628 3391 916 3472 protulit:
962 3396 1383 3455 Decernimase
1417 3389 1627 3451 statim
1656 3408 1810 3452 vero
1840 3387 2006 3451 Emi·

450 3487 856 3551 nentissimus
887 3495 1253 3552 Procurator
1300 3485 1447 3548 Solii
1511 3483 1735 3567 gradus
1793 3504 2005 3548 ascen·

450 3584 646 3655 dens,
682 3603 823 3643 cum
854 3602 1017 3666 genu
1047 3591 1112 3645 et
1169 3595 1418 3642 manum
1456 3580 1799 3660 ,sanctitati
1856 3601 2005 3643 suae

456 3677 853 3743 deosculatus
884 3677 1140 3750 fuis*
1171 3677 1248 3740 ad
1289 3676 1705 3750 cardinalium
1765 3677 2011 3740 subsel-

452 3770 535 3836 lia
569 3795 684 3837 suo
713 3775 854 3837 loco
883 3772 1524 3838 sessurus-remeant.
1553 3780 1723 3836 Tunc
1765 3774 2008 3853 praedi-

453 3881 588 3934 ctus
622 3877 686 3931 D.
718 3871 1069 3934 Advocatus
1108 3867 1565 3932 Montecatinus
1623 3876 1764 3948 post
1822 3851 2009 3950 genu-⁸

460 3966 787 4031 flexionem
825 3973 994 4030 stans
1016 4008 1037 4040 ‚
1068 3966 1159 4029 ita
1187 3964 1656 4030 protonotarios
1682 4008 1702 4038 ,
1734 3970 1798 4028 et
1818 3970 2006 4028 Nota·

449 4063 617 4137 rios,
646 4061 980 4147 appellavit
1007 4062 1085 4127 ad
1114 4083 1226 4127 eos
1257 4080 1612 4127 conversus.

575 4245 891 4320 Royantur
917 4262 1120 4305 omnes
1152 4246 1599 4313 protonotarii,
1631 4250 1693 4302 st
1752 4243 2004 4302 Notarii

445 4343 542 4403 hic
565 4350 912 4416 praesentes
934 4383 956 4415 ,
982 4351 1053 4402 ut
1096 4358 1279 4416 saper
1330 4341 1676 4415 hujusmodi
1727 4342 2008 4397 solemnis

449 4441 943 4501 Canonizationis
977 4448 1117 4497 actu
1147 4453 1336 4496 unam
1366 4438 1464 4498 vsi
1515 4437 1703 4508 plura
1724 4475 1744 4503 ‚
1796 4436 2009 4509 publi·

449 4552 583 4596 cum
606 4555 713 4596 seu
737 4538 1029 4610 publica,
1089 4537 1559 4594 lustramentum
1615 4534 1716 4591 vel
1776 4532 2004 4592 Instru-

445 4644 647 4696 menta
675 4636 997 4710 conficiant
1024 4638 1106 4692 ad
1135 4641 1488 4707 perpetuam
1510 4631 1601 4688 rei
1632 4631 1995 4691 memoriam.

572 4808 1143 4892 Prot-oaotariornm
1199 4808 1628 4889 praesentium
1696 4804 2012 4885 antiquior

447 4926 565 4990 pro
592 4907 883 4972 omnibus
911 4906 1245 4988 spopondit
1276 4904 1527 4968 dicens:
1592 4908 1961 4980 Conficemns
1988 4927 2005 4963 ε

453 5012 520 5068 et
545 5006 855 5070 advocatis
883 5005 1178 5068 Testibus
1200 5047 1222 5076 ‚
1252 5003 1358 5084 qui
1385 5003 1553 5066 circa
1584 4999 1747 5064 sotii.
1794 5017 2005 5063 aream

448 5101 818 5175 adstabant}
850 5100 1264 5165 familiaribus
1288 5106 1488 5179 Papae
1512 5141 1533 5171 ‚
1567 5094 1866 5161 subdidit:
1900 5100 2007 5158 Vo-

453 5204 545 5266 sis
575 5203 862 5263 tosticum
895 5214 1137 5277 suoque
1165 5191 1355 5269 loco,
1398 5202 1464 5257 et
1520 5199 1808 5274 tempore
1873 5209 2006 5262 rem

558 5395 645 5466 (a)
671 5395 770 5448 Ex
794 5392 896 5445 lib.
930 5393 979 5445 S.
1021 5390 1292 5461 Cypriani
1312 5390 1418 5459 Ep.
1450 5399 1503 5440 et
1528 5389 1608 5440 H.
1639 5386 1706 5439 de
1734 5385 2017 5440 Mortalis.

2115 1409 2243 1493 psit
2276 1410 2333 1470 in
2365 1409 2656 1475 Tabulas.

2245 1506 2496 1570 Debitas
2530 1507 2851 1587 posthaec
2884 1507 3103 1572 laudes
3132 1516 3195 1573 et
3251 1508 3490 1592 gratias
3545 1516 3677 1574 Deo

2116 1602 2370 1683 Optimo
2397 1604 2668 1667 Maximo
2699 1605 3007 1669 Sanctitas
3037 1612 3156 1669 Sua
3192 1605 3509 1672 redditura
3541 1627 3669 1672 sur-

2113 1699 2280 1762 rexit
2309 1699 2592 1779 deposita
2622 1701 2805 1766 nitra
2829 1748 2849 1778 ‚
2899 1704 3186 1767 omnibus
3242 1704 3477 1785 pariter
3531 1726 3675 1770 con·

2114 1796 2559 1876 surgentibus3
2590 1804 2653 1860 et
2686 1818 2934 1872 manum
2965 1799 3337 1866 admovente
3367 1801 3678 1885 Episcopo

2115 1892 2421 1955 cardinali
2455 1892 2668 1957 Carasa
2702 1896 2778 1958 ad
2809 1895 3041 1960 librum
3077 1917 3192 1977 per
3237 1897 3518 1962 seniores
3565 1903 3676 1964 As-

2116 1988 2406 2052 sistentes
2437 1991 2762 2077 Praesides
2793 2002 3206 2056 sustentatum
3232 2037 3250 2065 ‚
3281 2014 3362 2058 ex
3406 2014 3485 2059 eo
3544 1995 3676 2060 alta
3743 2072 3750 2077 ⁴

2113 2105 2267 2148 vore
2296 2084 2611 2151 concinnit
2639 2087 2931 2174 hymnum
2976 2094 3051 2151 Te
3095 2095 3284 2153 Deum
3323 2105 3433 2154 etc.
3494 2112 3677 2172 quem

2117 2182 2354 2247 Chorus
2384 2184 2764 2249 Musicorum
2799 2185 3041 2271 integre
3092 2208 3289 2270 usque
3345 2189 3426 2275 ad
3484 2187 3677 2281 tinem

2114 2287 2537 2362 prosequutus
2568 2292 2688 2346 est.
3077 2308 3086 2317 ·

2244 2377 2575 2442 inchoante
2605 2378 2902 2444 Pontifice
2935 2381 3317 2462 praedictum
3348 2381 3678 2468 hymnum,

2117 2469 2389 2553 datoque
2428 2492 2545 2554 per
2600 2476 3166 2541 Caeremoniarium
3230 2478 3409 2561 signo
3432 2522 3453 2551 ‚
3509 2478 3683 2547 illico

2117 2568 2363 2631 auditus
2390 2579 2489 2633 est
2518 2573 2829 2635 Tubarum
2858 2571 3155 2656 clangor,
3187 2582 3682 2659 Tympanorum·

2117 2687 2242 2747 que
2275 2664 2532 2749 pulsus,
2562 2688 2903 2732 aeneorum
2937 2676 3395 2735 tormentorum
3449 2675 3678 2759 strepi-

2119 2771 2261 2835 tus,
2292 2772 2355 2828 et
2385 2767 2581 2830 totius
2613 2764 3035 2830 Ecclesiarum
3063 2768 3249 2832 Urbis
3292 2770 3459 2835 aeris
3512 2791 3678 2835 cam·

2122 2862 2265 2942 pani
2298 2862 2583 2937 sonitum
2614 2883 2728 2928 nec
2757 2862 2966 2928 minor
2995 2854 3272 2928 omnium
3327 2874 3456 2932 tota
3508 2872 3665 2936 urbe

2119 2958 2379 3038 plausus
2407 2980 2480 3024 ac
2509 2958 2748 3025 laetitia
2780 2960 2941 3036 fuit3
2967 2981 3111 3026 cum
3141 2961 3553 3030 fortissimum
3599 2969 3682 3033 si·

2118 3056 2182 3117 bi
2215 3057 2596 3138 praesidium
2632 3066 2850 3122 contra
2878 3057 3002 3122 tela
3054 3060 3427 3141 nequissimi
3483 3063 3683 3131 bostis

2117 3172 2338 3217 omnes
2366 3153 2890 3236 adpromitterent
2910 3155 3154 3219 meritis
3176 3156 3402 3223 borum
3432 3166 3682 3229 Sancto·

2120 3269 2299 3322 rum,
2330 3248 2427 3334 (a)
2455 3252 2562 3334 qui
2598 3252 2675 3315 de
2709 3272 2819 3315 sua
2862 3251 3172 3317 felicitate
3202 3256 3407 3322 securi
3440 3257 3518 3322 de
3572 3279 3680 3326 no-

2119 3353 2244 3410 stra
2278 3357 2423 3411 sunt
2452 3347 2649 3411 adhuc
2680 3348 3109 3416 incolumitate
3133 3351 3403 3427 soliciti3
3434 3352 3681 3442 longam

2118 3444 2380 3526 proinde
2408 3445 2912 3527 adprecabantur
2939 3467 3243 3513 annorum
3304 3450 3533 3516 seriem
3589 3454 3683 3519 vi-

2118 3540 2541 3626 gilantissimo
2572 3544 2874 3607 Dominici
2918 3545 3062 3627 Agri
3120 3546 3358 3612 cultori
3384 3591 3406 3620 ‚
3457 3569 3494 3612 a
3553 3572 3706 3633 quo.

2119 3644 2358 3701 tantum
2390 3639 2468 3703 ad
2500 3649 2819 3704 aeternam
2881 3640 3149 3707 salutem
3200 3644 3666 3729 adipiscendam

2121 3736 2553 3819 adjumentum
2583 3737 2991 3819 accepissent.

2247 3831 2574 3913 Completo
2606 3855 2640 3897 a
2670 3833 3041 3906 cantoribus
3072 3835 3341 3921 hymno,
3373 3838 3683 3905 Diaconus

2115 3928 2463 3994 cardinalis
2488 3930 2761 3995 Marinus
2790 3931 2866 3995 ad
2900 3932 3220 3998 dexteram
3252 3942 3456 4019 Papae
3513 3940 3683 4002 Assi-

2118 4038 2290 4092 stens
2312 4071 2334 4101 ‚
2367 4027 2604 4091 ibidem
2649 4031 2924 4094 cantavit
2976 4052 3034 4095 v.
3100 4032 3279 4102 Orate
3328 4054 3447 4111 pro
3507 4043 3681 4108 nobis

2113 4131 2318 4188 sancti
2350 4129 2609 4200 Fidelis,
2659 4132 2914 4190 Camillo
2935 4173 2957 4203 ,
3018 4131 3193 4192 Petro
3216 4174 3237 4204 ‚
3295 4136 3524 4209 Ioseph
3542 4177 3564 4207 ,
3624 4146 3684 4198 ot

2118 4227 2455 4286 catharina
2480 4267 2500 4296 ,
2531 4230 2594 4287 et
2625 4226 2924 4289 Cantores
2954 4226 3291 4291 subdidere
3327 4247 3386 4294 ιι.
3460 4234 3535 4295 Ut
3593 4239 3683 4297 di·

2114 4327 2224 4399 9ni
2251 4326 2587 4399 efficiamur
2613 4327 3121 4397 promissionibus
3152 4330 3397 4390 Christi.

2244 4424 2413 4481 Tunc
2443 4418 2890 4482 accedentibus
2921 4420 3245 4507 Acolythis
3275 4433 3419 4500 ante
3479 4424 3676 4489 imum

2115 4514 2263 4579 Solii
2292 4518 2550 4599 gradum
2580 4536 2718 4580 cum
2748 4516 3146 4583 candelabris
3176 4522 3474 4598 accensis3
3497 4530 3681 4586 Prae-

2117 4611 2491 4693 sulibusque
2518 4619 2721 4694 Papae
2747 4613 3072 4682 candelam
3131 4617 3633 4681 ministrantibus
3657 4663 3679 4694 ‚

2116 4716 2184 4771 et
2211 4707 2445 4770 librum
2476 4728 2664 4789 quem
2710 4710 2900 4770 etiam
2964 4709 3041 4772 de
3103 4731 3277 4775 more
3336 4713 3678 4779 Cardinalis

2114 4804 2461 4886 Episcopus
2490 4805 2845 4870 sustinebat
2864 4850 2884 4878 ‚
2903 4801 3219 4872 'Sanctitas
3242 4815 3358 4872 Sua
3393 4811 3677 4875 omnium

2117 4910 2262 4964 vota
2292 4902 2352 4961 in
2382 4919 2572 4964 unum
2605 4900 2868 4965 collecta
2887 4945 2908 4974 ‚
2939 4902 3309 4983 interposito
3369 4923 3674 4971 novorum

2118 5002 2479 5061 Sanctorum
2498 4998 2844 5077 patrocinio
2863 4997 3250 5062 confidenter
3270 5000 3499 5062 obtulit
3524 5008 3677 5078 Deo,

2119 5112 2234 5176 per
2261 5090 2418 5157 hanc
2444 5113 2482 5157 a
2513 5112 2582 5156 se
2609 5077 2794 5158 cantu
2824 5091 3030 5159 feriati
3067 5094 3398 5161 recitatam
3454 5099 3684 5165 oratio-

2115 5207 2281 5253 nem.
2643 5205 2648 5210 ’
