<?xml version="1.0" encoding="UTF-8"?>
<!DOCTYPE html PUBLIC "-//W3C//DTD XHTML 1.0 Transitional//EN"
    "http://www.w3.org/TR/xhtml1/DTD/xhtml1-transitional.dtd">
<html xmlns="http://www.w3.org/1999/xhtml" xml:lang="en" lang="en">
 <head>
  <title>
</title>
<meta http-equiv="Content-Type" content="text/html;charset=utf-8" />
  <meta name='ocr-system' content='tesseract 3.04.00' />
  <meta name='ocr-capabilities' content='ocr_page ocr_carea ocr_par ocr_line ocrx_word'/>
</head>
<body>
  <div class='ocr_page' id='page_1' title='image "benedictixivpon00benegoog_0382.png"; bbox 0 0 4442 6300; ppageno 0'>
   <div class='ocr_carea' id='block_1_1' title="bbox 953 479 1061 535">
    <p class='ocr_par' dir='ltr' id='par_1_1' title="bbox 953 479 1061 535">
     <span class='ocr_line' id='line_1_1' title="bbox 953 479 1061 535; baseline 0 0"><span class='ocrx_word' id='word_1_1' title='bbox 953 479 1061 535; x_wconf 72' lang='lat'><strong>80⁸</strong></span> 
     </span>
    </p>
   </div>
   <div class='ocr_carea' id='block_1_2' title="bbox 765 625 4037 710">
    <p class='ocr_par' dir='ltr' id='par_1_2' title="bbox 765 625 4037 710">
     <span class='ocr_line' id='line_1_2' title="bbox 765 625 4037 710; baseline 0.002 -21"><span class='ocrx_word' id='word_1_2' title='bbox 765 630 982 706; x_wconf 83' lang='lat' dir='ltr'><strong>postea</strong></span> <span class='ocrx_word' id='word_1_3' title='bbox 1011 646 1093 692; x_wconf 87' lang='lat' dir='ltr'><strong>ex</strong></span> <span class='ocrx_word' id='word_1_4' title='bbox 1119 626 1353 692; x_wconf 88' lang='lat' dir='ltr'><strong>intimis</strong></span> <span class='ocrx_word' id='word_1_5' title='bbox 1374 625 1773 710; x_wconf 85' lang='lat' dir='ltr'><strong>cappellanis</strong></span> <span class='ocrx_word' id='word_1_6' title='bbox 1793 628 2148 694; x_wconf 83' lang='lat' dir='ltr'><strong>Sanctitatis</strong></span> <span class='ocrx_word' id='word_1_7' title='bbox 2169 636 2328 696; x_wconf 88' lang='lat' dir='ltr'><strong>suae</strong></span> <span class='ocrx_word' id='word_1_8' title='bbox 2442 626 2581 710; x_wconf 87' lang='lat' dir='ltr'><strong>ipso</strong></span> <span class='ocrx_word' id='word_1_9' title='bbox 2606 629 2907 696; x_wconf 83' lang='lat' dir='ltr'><strong>Praeside</strong></span> <span class='ocrx_word' id='word_1_10' title='bbox 2933 629 3322 697; x_wconf 70' lang='lat' dir='ltr'><strong>celebratum</strong></span> <span class='ocrx_word' id='word_1_11' title='bbox 3356 637 3454 697; x_wconf 91' lang='lat' dir='ltr'><strong>est</strong></span> <span class='ocrx_word' id='word_1_12' title='bbox 3482 628 3545 693; x_wconf 86' lang='lat' dir='ltr'><strong>iu</strong></span> <span class='ocrx_word' id='word_1_13' title='bbox 3599 628 4037 697; x_wconf 79' lang='lat' dir='ltr'><strong>Lateranensi</strong></span> 
     </span>
    </p>
   </div>
   <div class='ocr_carea' id='block_1_3' title="bbox 713 723 2342 5187">
    <p class='ocr_par' dir='ltr' id='par_1_3' title="bbox 765 723 2309 809">
     <span class='ocr_line' id='line_1_3' title="bbox 765 723 2309 809; baseline 0.003 -23"><span class='ocrx_word' id='word_1_14' title='bbox 765 742 907 786; x_wconf 90' lang='lat' dir='ltr'><strong>cum</strong></span> <span class='ocrx_word' id='word_1_15' title='bbox 940 729 1148 809; x_wconf 76' lang='lat' dir='ltr'><strong>Regno</strong></span> <span class='ocrx_word' id='word_1_16' title='bbox 1175 733 1243 790; x_wconf 88' lang='lat' dir='ltr'><strong>et</strong></span> <span class='ocrx_word' id='word_1_17' title='bbox 1268 728 1449 791; x_wconf 71' lang='lat' dir='ltr'><strong>uitta</strong></span> <span class='ocrx_word' id='word_1_18' title='bbox 1480 723 1824 791; x_wconf 77' lang='lat' dir='ltr'><strong>levioribus</strong></span> <span class='ocrx_word' id='word_1_19' title='bbox 1879 726 1957 791; x_wconf 89' lang='lat' dir='ltr'><strong>ad</strong></span> <span class='ocrx_word' id='word_1_20' title='bbox 2009 724 2309 809; x_wconf 78' lang='lat' dir='ltr'><strong>frequen-</strong></span> 
     </span>
    </p>

    <p class='ocr_par' dir='ltr' id='par_1_4' title="bbox 762 818 2323 1007">
     <span class='ocr_line' id='line_1_4' title="bbox 763 818 2323 908; baseline 0.003 -26"><span class='ocrx_word' id='word_1_21' title='bbox 763 818 988 884; x_wconf 89' lang='lat' dir='ltr'><strong>tiorem</strong></span> <span class='ocrx_word' id='word_1_22' title='bbox 1023 838 1204 888; x_wconf 89' lang='lat' dir='ltr'><strong>usum</strong></span> <span class='ocrx_word' id='word_1_23' title='bbox 1237 822 1595 898; x_wconf 77' lang='lat' dir='ltr'><strong>Pontificis3</strong></span> <span class='ocrx_word' id='word_1_24' title='bbox 1626 821 1966 908; x_wconf 78' lang='lat' dir='ltr'><strong>Acolythus</strong></span> <span class='ocrx_word' id='word_1_25' title='bbox 2006 825 2323 905; x_wconf 80' lang='lat' dir='ltr'><strong>Apostoli-</strong></span> 
     </span>
     <span class='ocr_line' id='line_1_5' title="bbox 762 920 2317 1007; baseline 0.003 -26"><span class='ocrx_word' id='word_1_26' title='bbox 762 938 874 981; x_wconf 89' lang='lat' dir='ltr'><strong>cus</strong></span> <span class='ocrx_word' id='word_1_27' title='bbox 904 927 1144 986; x_wconf 84' lang='lat' dir='ltr'><strong>motans</strong></span> <span class='ocrx_word' id='word_1_28' title='bbox 1172 920 1761 1007; x_wconf 82' lang='lat' dir='ltr'><strong>Thymiamaterium</strong></span> <span class='ocrx_word' id='word_1_29' title='bbox 1812 929 1958 984; x_wconf 87' lang='lat' dir='ltr'><strong>ante</strong></span> <span class='ocrx_word' id='word_1_30' title='bbox 2012 926 2272 988; x_wconf 81' lang='lat' dir='ltr'><strong>Crucem</strong></span> <span class='ocrx_word' id='word_1_31' title='bbox 2298 969 2317 997; x_wconf 91' lang='lat'><strong>,</strong></span> 
     </span>
    </p>

    <p class='ocr_par' dir='ltr' id='par_1_5' title="bbox 762 1017 2320 1200">
     <span class='ocr_line' id='line_1_6' title="bbox 762 1017 2320 1103; baseline 0.003 -24"><span class='ocrx_word' id='word_1_32' title='bbox 762 1035 949 1097; x_wconf 83' lang='lat' dir='ltr'><strong>quam</strong></span> <span class='ocrx_word' id='word_1_33' title='bbox 983 1024 1053 1083; x_wconf 82' lang='lat' dir='ltr'><strong>R.</strong></span> <span class='ocrx_word' id='word_1_34' title='bbox 1081 1025 1148 1082; x_wconf 88' lang='lat' dir='ltr'><strong>P.</strong></span> <span class='ocrx_word' id='word_1_35' title='bbox 1185 1026 1250 1082; x_wconf 89' lang='lat' dir='ltr'><strong>D.</strong></span> <span class='ocrx_word' id='word_1_36' title='bbox 1274 1017 1628 1103; x_wconf 83' lang='lat' dir='ltr'><strong>Alphonsus</strong></span> <span class='ocrx_word' id='word_1_37' title='bbox 1649 1018 1936 1083; x_wconf 83' lang='lat' dir='ltr'><strong>Clemens</strong></span> <span class='ocrx_word' id='word_1_38' title='bbox 1957 1017 2036 1082; x_wconf 96' lang='lat' dir='ltr'><strong>de</strong></span> <span class='ocrx_word' id='word_1_39' title='bbox 2066 1022 2320 1084; x_wconf 77' lang='lat' dir='ltr'><strong>Arozte-</strong></span> 
     </span>
     <span class='ocr_line' id='line_1_7' title="bbox 762 1114 2319 1200; baseline 0.003 -23"><span class='ocrx_word' id='word_1_40' title='bbox 762 1114 870 1194; x_wconf 90' lang='lat' dir='ltr'><strong>qui</strong></span> <span class='ocrx_word' id='word_1_41' title='bbox 904 1116 967 1177; x_wconf 89' lang='grc'><strong>16</strong></span> <span class='ocrx_word' id='word_1_42' title='bbox 995 1123 1271 1180; x_wconf 85' lang='lat' dir='ltr'><strong>Romana</strong></span> <span class='ocrx_word' id='word_1_43' title='bbox 1301 1123 1458 1180; x_wconf 86' lang='lat' dir='ltr'><strong>Rota</strong></span> <span class='ocrx_word' id='word_1_44' title='bbox 1487 1137 1597 1197; x_wconf 90' lang='lat' dir='ltr'><strong>pro</strong></span> <span class='ocrx_word' id='word_1_45' title='bbox 1626 1114 1931 1180; x_wconf 77' lang='lat' dir='ltr'><strong>castellae</strong></span> <span class='ocrx_word' id='word_1_46' title='bbox 1962 1123 2179 1200; x_wconf 73' lang='lat' dir='ltr'><strong>Regno</strong></span> <span class='ocrx_word' id='word_1_47' title='bbox 2197 1121 2319 1183; x_wconf 79' lang='lat' dir='ltr'><strong>Au·</strong></span> 
     </span>
    </p>

    <p class='ocr_par' dir='ltr' id='par_1_6' title="bbox 760 1210 2310 1289">
     <span class='ocr_line' id='line_1_8' title="bbox 760 1210 2310 1289; baseline 0.002 -14"><span class='ocrx_word' id='word_1_48' title='bbox 760 1210 969 1289; x_wconf 91' lang='lat' dir='ltr'><strong>ditor,</strong></span> <span class='ocrx_word' id='word_1_49' title='bbox 997 1212 1191 1280; x_wconf 83' lang='lat' dir='ltr'><strong>sacris</strong></span> <span class='ocrx_word' id='word_1_50' title='bbox 1218 1211 1774 1279; x_wconf 75' lang='lat' dir='ltr'><strong>subdiaconalibus</strong></span> <span class='ocrx_word' id='word_1_51' title='bbox 1803 1214 2086 1278; x_wconf 82' lang='lat' dir='ltr'><strong>vestibus</strong></span> <span class='ocrx_word' id='word_1_52' title='bbox 2136 1212 2310 1279; x_wconf 90' lang='lat' dir='ltr'><strong>indu·</strong></span> 
     </span>
    </p>

    <p class='ocr_par' dir='ltr' id='par_1_7' title="bbox 760 1298 2314 1394">
     <span class='ocr_line' id='line_1_9' title="bbox 760 1298 2314 1394; baseline 0.004 -24"><span class='ocrx_word' id='word_1_53' title='bbox 760 1313 862 1371; x_wconf 90' lang='lat' dir='ltr'><strong>tus</strong></span> <span class='ocrx_word' id='word_1_54' title='bbox 883 1352 905 1383; x_wconf 90' lang='lat'>‚</span> <span class='ocrx_word' id='word_1_55' title='bbox 934 1328 1007 1375; x_wconf 88' lang='lat' dir='ltr'><strong>ac</strong></span> <span class='ocrx_word' id='word_1_56' title='bbox 1033 1330 1066 1373; x_wconf 89' lang='lat' dir='ltr'><strong>a</strong></span> <span class='ocrx_word' id='word_1_57' title='bbox 1089 1311 1336 1389; x_wconf 77' lang='lat' dir='ltr'><strong>duobus</strong></span> <span class='ocrx_word' id='word_1_58' title='bbox 1364 1298 1681 1394; x_wconf 72' lang='lat' dir='ltr'><strong>Magistris</strong></span> <span class='ocrx_word' id='word_1_59' title='bbox 1708 1310 2000 1375; x_wconf 85' lang='lat' dir='ltr'><strong>ostiariis</strong></span> <span class='ocrx_word' id='word_1_60' title='bbox 2026 1311 2314 1393; x_wconf 78' lang='lat' dir='ltr'><strong>stipatus,</strong></span> 
     </span>
    </p>

    <p class='ocr_par' dir='ltr' id='par_1_8' title="bbox 759 1405 2321 1685">
     <span class='ocr_line' id='line_1_10' title="bbox 760 1405 2321 1489; baseline 0.002 -20"><span class='ocrx_word' id='word_1_61' title='bbox 760 1405 1053 1471; x_wconf 86' lang='lat' dir='ltr'><strong>continuo</strong></span> <span class='ocrx_word' id='word_1_62' title='bbox 1083 1408 1392 1473; x_wconf 81' lang='lat' dir='ltr'><strong>efferebat</strong></span> <span class='ocrx_word' id='word_1_63' title='bbox 1422 1408 1484 1471; x_wconf 92' lang='lat' dir='ltr'><strong>in</strong></span> <span class='ocrx_word' id='word_1_64' title='bbox 1514 1407 1717 1473; x_wconf 88' lang='lat' dir='ltr'><strong>medio</strong></span> <span class='ocrx_word' id='word_1_65' title='bbox 1747 1412 1991 1489; x_wconf 87' lang='lat' dir='ltr'><strong>septem</strong></span> <span class='ocrx_word' id='word_1_66' title='bbox 2018 1407 2321 1473; x_wconf 87' lang='lat' dir='ltr'><strong>candela·</strong></span> 
     </span>
     <span class='ocr_line' id='line_1_11' title="bbox 759 1501 2321 1590; baseline 0.006 -26"><span class='ocrx_word' id='word_1_67' title='bbox 759 1501 1018 1565; x_wconf 88' lang='lat' dir='ltr'><strong>brorum</strong></span> <span class='ocrx_word' id='word_1_68' title='bbox 1046 1523 1381 1568; x_wconf 88' lang='lat' dir='ltr'><strong>aureorum</strong></span> <span class='ocrx_word' id='word_1_69' title='bbox 1412 1525 1449 1570; x_wconf 82' lang='lat' dir='ltr'><strong>a</strong></span> <span class='ocrx_word' id='word_1_70' title='bbox 1483 1503 1745 1569; x_wconf 89' lang='lat' dir='ltr'><strong>totidem</strong></span> <span class='ocrx_word' id='word_1_71' title='bbox 1797 1504 1940 1569; x_wconf 91' lang='lat' dir='ltr'><strong>aliis</strong></span> <span class='ocrx_word' id='word_1_72' title='bbox 1996 1504 2321 1590; x_wconf 77' lang='lat' dir='ltr'><strong>Acolytbia</strong></span> 
     </span>
     <span class='ocr_line' id='line_1_12' title="bbox 761 1596 2318 1685; baseline 0.003 -24"><span class='ocrx_word' id='word_1_73' title='bbox 761 1596 1139 1663; x_wconf 88' lang='lat' dir='ltr'><strong>delatorum.</strong></span> <span class='ocrx_word' id='word_1_74' title='bbox 1172 1608 1322 1665; x_wconf 89' lang='lat' dir='ltr'><strong>Post</strong></span> <span class='ocrx_word' id='word_1_75' title='bbox 1349 1606 1605 1666; x_wconf 85' lang='lat' dir='ltr'><strong>Crucem</strong></span> <span class='ocrx_word' id='word_1_76' title='bbox 1630 1602 2076 1685; x_wconf 67' lang='lat' dir='ltr'><strong>gradiebantur</strong></span> <span class='ocrx_word' id='word_1_77' title='bbox 2132 1610 2205 1666; x_wconf 80' lang='lat' dir='ltr'><strong>B.</strong></span> <span class='ocrx_word' id='word_1_78' title='bbox 2251 1609 2318 1668; x_wconf 87' lang='lat' dir='ltr'><strong>P.</strong></span> 
     </span>
    </p>

    <p class='ocr_par' dir='ltr' id='par_1_9' title="bbox 756 1695 2325 1880">
     <span class='ocr_line' id='line_1_13' title="bbox 760 1695 2325 1767; baseline 0.005 -10"><span class='ocrx_word' id='word_1_79' title='bbox 760 1698 833 1757; x_wconf 84' lang='lat' dir='ltr'><strong>D.</strong></span> <span class='ocrx_word' id='word_1_80' title='bbox 866 1695 1165 1761; x_wconf 85' lang='lat' dir='ltr'><strong>claudius</strong></span> <span class='ocrx_word' id='word_1_81' title='bbox 1197 1699 1555 1767; x_wconf 55' lang='lat' dir='ltr'><strong>[franciscus</strong></span> <span class='ocrx_word' id='word_1_82' title='bbox 1584 1697 1663 1763; x_wconf 88' lang='lat' dir='ltr'><strong>de</strong></span> <span class='ocrx_word' id='word_1_83' title='bbox 1689 1698 1991 1765; x_wconf 82' lang='grc' dir='ltr'>06611Ιί66</span> <span class='ocrx_word' id='word_1_84' title='bbox 2017 1698 2182 1764; x_wconf 81' lang='lat' dir='ltr'><strong>alter</strong></span> <span class='ocrx_word' id='word_1_85' title='bbox 2227 1720 2325 1765; x_wconf 90' lang='lat' dir='ltr'><strong>sa·</strong></span> 
     </span>
     <span class='ocr_line' id='line_1_14' title="bbox 756 1795 2319 1880; baseline 0.005 -23"><span class='ocrx_word' id='word_1_86' title='bbox 756 1811 903 1858; x_wconf 87' lang='lat' dir='ltr'><strong>crae</strong></span> <span class='ocrx_word' id='word_1_87' title='bbox 934 1800 1126 1859; x_wconf 83' lang='lat' dir='ltr'><strong>Rotae</strong></span> <span class='ocrx_word' id='word_1_88' title='bbox 1155 1796 1417 1861; x_wconf 78' lang='lat' dir='ltr'><strong>Auditor</strong></span> <span class='ocrx_word' id='word_1_89' title='bbox 1461 1795 1716 1871; x_wconf 86' lang='lat' dir='ltr'><strong>Gallus,</strong></span> <span class='ocrx_word' id='word_1_90' title='bbox 1777 1797 1881 1880; x_wconf 92' lang='lat' dir='ltr'><strong>qui</strong></span> <span class='ocrx_word' id='word_1_91' title='bbox 1939 1797 2319 1865; x_wconf 73' lang='lat' dir='ltr'><strong>subdiaconi</strong></span> 
     </span>
    </p>

    <p class='ocr_par' dir='ltr' id='par_1_10' title="bbox 758 1892 2316 1968">
     <span class='ocr_line' id='line_1_15' title="bbox 758 1892 2316 1968; baseline 0.004 -16"><span class='ocrx_word' id='word_1_92' title='bbox 758 1910 986 1955; x_wconf 86' lang='lat' dir='ltr'><strong>munus</strong></span> <span class='ocrx_word' id='word_1_93' title='bbox 1016 1892 1196 1958; x_wconf 90' lang='lat' dir='ltr'><strong>obire</strong></span> <span class='ocrx_word' id='word_1_94' title='bbox 1229 1895 1506 1959; x_wconf 89' lang='lat' dir='ltr'><strong>debebat</strong></span> <span class='ocrx_word' id='word_1_95' title='bbox 1538 1896 1600 1957; x_wconf 90' lang='lat' dir='ltr'><strong>in</strong></span> <span class='ocrx_word' id='word_1_96' title='bbox 1626 1896 1851 1968; x_wconf 75' lang='lat' dir='ltr'><strong>Missa,</strong></span> <span class='ocrx_word' id='word_1_97' title='bbox 1882 1902 1947 1960; x_wconf 87' lang='lat' dir='ltr'><strong>et</strong></span> <span class='ocrx_word' id='word_1_98' title='bbox 1974 1895 2058 1958; x_wconf 95' lang='lat' dir='ltr'><strong>ob</strong></span> <span class='ocrx_word' id='word_1_99' title='bbox 2089 1895 2152 1957; x_wconf 90' lang='lat' dir='ltr'><strong>id</strong></span> <span class='ocrx_word' id='word_1_100' title='bbox 2200 1897 2316 1961; x_wconf 73' lang='lat' dir='ltr'><strong>ui-</strong></span> 
     </span>
    </p>

    <p class='ocr_par' dir='ltr' id='par_1_11' title="bbox 758 1987 2318 2075">
     <span class='ocr_line' id='line_1_16' title="bbox 758 1987 2318 2075; baseline 0.006 -27"><span class='ocrx_word' id='word_1_101' title='bbox 758 1987 1002 2051; x_wconf 89' lang='lat' dir='ltr'><strong>nisterii</strong></span> <span class='ocrx_word' id='word_1_102' title='bbox 1032 1990 1132 2053; x_wconf 90' lang='lat' dir='ltr'><strong>sui</strong></span> <span class='ocrx_word' id='word_1_103' title='bbox 1164 1992 1447 2055; x_wconf 81' lang='lat' dir='ltr'><strong>vestibus</strong></span> <span class='ocrx_word' id='word_1_104' title='bbox 1477 1991 1768 2075; x_wconf 76' lang='lat' dir='ltr'><strong>pretiosis</strong></span> <span class='ocrx_word' id='word_1_105' title='bbox 1799 2012 1914 2075; x_wconf 83' lang='lat' dir='ltr'><strong>pro</strong></span> <span class='ocrx_word' id='word_1_106' title='bbox 1940 1990 2055 2057; x_wconf 85' lang='grc'>1166</span> <span class='ocrx_word' id='word_1_107' title='bbox 2087 1992 2318 2061; x_wconf 87' lang='lat' dir='ltr'><strong>solem·</strong></span> 
     </span>
    </p>

    <p class='ocr_par' dir='ltr' id='par_1_12' title="bbox 713 2084 2342 5187">
     <span class='ocr_line' id='line_1_17' title="bbox 762 2084 2326 2175; baseline 0.007 -30"><span class='ocrx_word' id='word_1_108' title='bbox 762 2084 1015 2149; x_wconf 91' lang='lat' dir='ltr'><strong>nissima</strong></span> <span class='ocrx_word' id='word_1_109' title='bbox 1047 2088 1328 2160; x_wconf 81' lang='lat' dir='ltr'><strong>actione,</strong></span> <span class='ocrx_word' id='word_1_110' title='bbox 1359 2096 1428 2153; x_wconf 88' lang='lat' dir='ltr'><strong>ut</strong></span> <span class='ocrx_word' id='word_1_111' title='bbox 1458 2089 1696 2155; x_wconf 89' lang='lat' dir='ltr'><strong>dictum</strong></span> <span class='ocrx_word' id='word_1_112' title='bbox 1753 2099 1888 2163; x_wconf 89' lang='grc'>661,</span> <span class='ocrx_word' id='word_1_113' title='bbox 1948 2092 2326 2175; x_wconf 76' lang='lat' dir='ltr'><strong>comparatis</strong></span> 
     </span>
     <span class='ocr_line' id='line_1_18' title="bbox 764 2181 2327 2269; baseline 0.008 -26"><span class='ocrx_word' id='word_1_114' title='bbox 764 2181 1101 2266; x_wconf 76' lang='lat' dir='ltr'><strong>insignitus</strong></span> <span class='ocrx_word' id='word_1_115' title='bbox 1130 2195 1305 2260; x_wconf 85' lang='lat' dir='ltr'><strong>erat;</strong></span> <span class='ocrx_word' id='word_1_116' title='bbox 1340 2194 1638 2269; x_wconf 81' lang='lat' dir='ltr'><strong>exceptus</strong></span> <span class='ocrx_word' id='word_1_117' title='bbox 1666 2187 1833 2253; x_wconf 87' lang='lat' dir='ltr'><strong>inter</strong></span> <span class='ocrx_word' id='word_1_118' title='bbox 1857 2188 2198 2253; x_wconf 84' lang='lat' dir='ltr'><strong>Diaconum</strong></span> <span class='ocrx_word' id='word_1_119' title='bbox 2259 2200 2327 2256; x_wconf 87' lang='lat' dir='ltr'><strong>et</strong></span> 
     </span>
     <span class='ocr_line' id='line_1_19' title="bbox 759 2262 2324 2369; baseline 0.006 -26"><span class='ocrx_word' id='word_1_120' title='bbox 759 2262 1219 2347; x_wconf 70' lang='lat' dir='ltr'><strong>subdiaconum</strong></span> <span class='ocrx_word' id='word_1_121' title='bbox 1247 2283 1550 2350; x_wconf 79' lang='lat' dir='ltr'><strong>Alumnos</strong></span> <span class='ocrx_word' id='word_1_122' title='bbox 1579 2284 1842 2369; x_wconf 71' lang='lat' dir='ltr'><strong>Collegii</strong></span> <span class='ocrx_word' id='word_1_123' title='bbox 1885 2287 2140 2360; x_wconf 88' lang='lat' dir='ltr'><strong>Graeci,</strong></span> <span class='ocrx_word' id='word_1_124' title='bbox 2195 2286 2324 2352; x_wconf 70' lang='grc'>6111-</span> 
     </span>
     <span class='ocr_line' id='line_1_20' title="bbox 758 2375 2327 2467; baseline 0.006 -27"><span class='ocrx_word' id='word_1_125' title='bbox 758 2375 959 2443; x_wconf 72' lang='grc'>166166</span> <span class='ocrx_word' id='word_1_126' title='bbox 988 2380 1312 2445; x_wconf 71' lang='grc'>1166661116</span> <span class='ocrx_word' id='word_1_127' title='bbox 1343 2402 1422 2445; x_wconf 88' lang='lat' dir='ltr'><strong>ex</strong></span> <span class='ocrx_word' id='word_1_128' title='bbox 1449 2385 1827 2447; x_wconf 70' lang='lat' dir='ltr'><strong>Honesterio</strong></span> <span class='ocrx_word' id='word_1_129' title='bbox 1886 2388 2157 2467; x_wconf 80' lang='lat' dir='ltr'><strong>cryptae</strong></span> <span class='ocrx_word' id='word_1_130' title='bbox 2203 2383 2327 2448; x_wconf 81' lang='lat' dir='ltr'><strong>fer·</strong></span> 
     </span>
     <span class='ocr_line' id='line_1_21' title="bbox 759 2475 2326 2546; baseline 0.007 -11"><span class='ocrx_word' id='word_1_131' title='bbox 759 2483 935 2540; x_wconf 83' lang='lat' dir='ltr'><strong>ratae</strong></span> <span class='ocrx_word' id='word_1_132' title='bbox 965 2475 1117 2541; x_wconf 89' lang='lat' dir='ltr'><strong>alias</strong></span> <span class='ocrx_word' id='word_1_133' title='bbox 1165 2477 1420 2543; x_wconf 88' lang='lat' dir='ltr'><strong>evocari</strong></span> <span class='ocrx_word' id='word_1_134' title='bbox 1480 2478 1689 2545; x_wconf 87' lang='lat' dir='ltr'><strong>solitis</strong></span> <span class='ocrx_word' id='word_1_135' title='bbox 1743 2479 1821 2544; x_wconf 88' lang='lat' dir='ltr'><strong>ad</strong></span> <span class='ocrx_word' id='word_1_136' title='bbox 1876 2480 2326 2546; x_wconf 78' lang='lat' dir='ltr'><strong>decantandam</strong></span> 
     </span>
     <span class='ocr_line' id='line_1_22' title="bbox 757 2571 2326 2660; baseline 0.008 -27"><span class='ocrx_word' id='word_1_137' title='bbox 757 2571 1099 2653; x_wconf 86' lang='lat' dir='ltr'><strong>Epistolam</strong></span> <span class='ocrx_word' id='word_1_138' title='bbox 1160 2584 1227 2640; x_wconf 88' lang='grc'><strong>61</strong></span> <span class='ocrx_word' id='word_1_139' title='bbox 1285 2574 1689 2659; x_wconf 73' lang='lat' dir='ltr'><strong>Evangelium</strong></span> <span class='ocrx_word' id='word_1_140' title='bbox 1757 2577 1987 2660; x_wconf 77' lang='lat' dir='ltr'><strong>Lingua</strong></span> <span class='ocrx_word' id='word_1_141' title='bbox 2053 2584 2326 2655; x_wconf 69' lang='lat' dir='ltr'><strong>Graecas</strong></span> 
     </span>
     <span class='ocr_line' id='line_1_23' title="bbox 760 2667 2324 2742; baseline 0.006 -10"><span class='ocrx_word' id='word_1_142' title='bbox 760 2667 986 2734; x_wconf 86' lang='lat' dir='ltr'><strong>deinde</strong></span> <span class='ocrx_word' id='word_1_143' title='bbox 1013 2677 1226 2736; x_wconf 90' lang='lat' dir='ltr'><strong>Patres</strong></span> <span class='ocrx_word' id='word_1_144' title='bbox 1257 2672 1584 2739; x_wconf 88' lang='lat' dir='ltr'><strong>societatis</strong></span> <span class='ocrx_word' id='word_1_145' title='bbox 1614 2681 1767 2741; x_wconf 82' lang='lat' dir='ltr'><strong>Jesu</strong></span> <span class='ocrx_word' id='word_1_146' title='bbox 1800 2673 1862 2737; x_wconf 92' lang='lat' dir='ltr'><strong>in</strong></span> <span class='ocrx_word' id='word_1_147' title='bbox 1892 2675 2185 2740; x_wconf 86' lang='lat' dir='ltr'><strong>Vaticana</strong></span> <span class='ocrx_word' id='word_1_148' title='bbox 2212 2682 2324 2742; x_wconf 82' lang='lat' dir='ltr'><strong>Ba·</strong></span> 
     </span>
     <span class='ocr_line' id='line_1_24' title="bbox 761 2763 2330 2840; baseline 0.006 -9"><span class='ocrx_word' id='word_1_149' title='bbox 761 2763 940 2831; x_wconf 86' lang='lat' dir='ltr'><strong>silica</strong></span> <span class='ocrx_word' id='word_1_150' title='bbox 968 2769 1435 2835; x_wconf 84' lang='lat' dir='ltr'><strong>Poenit&#39;entiarii</strong></span> <span class='ocrx_word' id='word_1_151' title='bbox 1467 2771 1851 2837; x_wconf 85' lang='lat' dir='ltr'><strong>sacerdotali</strong></span> <span class='ocrx_word' id='word_1_152' title='bbox 1883 2771 2112 2838; x_wconf 86' lang='lat' dir='ltr'><strong>amictu</strong></span> <span class='ocrx_word' id='word_1_153' title='bbox 2142 2774 2330 2840; x_wconf 86' lang='lat' dir='ltr'><strong>deco·</strong></span> 
     </span>
     <span class='ocr_line' id='line_1_25' title="bbox 759 2861 2327 2953; baseline 0.008 -29"><span class='ocrx_word' id='word_1_154' title='bbox 759 2861 816 2925; x_wconf 85' lang='lat' dir='ltr'><strong>ri</strong></span> <span class='ocrx_word' id='word_1_155' title='bbox 838 2906 860 2934; x_wconf 88' lang='lat'><strong>‚</strong></span> <span class='ocrx_word' id='word_1_156' title='bbox 892 2869 956 2926; x_wconf 88' lang='grc'><strong>61</strong></span> <span class='ocrx_word' id='word_1_157' title='bbox 983 2884 1019 2928; x_wconf 90' lang='grc'><strong>6</strong></span> <span class='ocrx_word' id='word_1_158' title='bbox 1061 2864 1304 2929; x_wconf 87' lang='grc'>6661166</span> <span class='ocrx_word' id='word_1_159' title='bbox 1365 2868 1810 2948; x_wconf 84' lang='grc'>11166666111166</span> <span class='ocrx_word' id='word_1_160' title='bbox 1862 2869 1989 2935; x_wconf 61' lang='lat' dir='ltr'><strong>,sibi</strong></span> <span class='ocrx_word' id='word_1_161' title='bbox 2047 2871 2327 2953; x_wconf 86' lang='lat' dir='ltr'><strong>puerulis</strong></span> 
     </span>
     <span class='ocr_line' id='line_1_26' title="bbox 758 2956 2325 3050; baseline 0.007 -28"><span class='ocrx_word' id='word_1_162' title='bbox 758 2956 1036 3032; x_wconf 78' lang='lat' dir='ltr'><strong>ferulas,</strong></span> <span class='ocrx_word' id='word_1_163' title='bbox 1070 2982 1180 3026; x_wconf 88' lang='grc'><strong>666</strong></span> <span class='ocrx_word' id='word_1_164' title='bbox 1241 2963 1550 3049; x_wconf 67' lang='lat' dir='ltr'><strong>oblongas</strong></span> <span class='ocrx_word' id='word_1_165' title='bbox 1608 2966 1814 3050; x_wconf 71' lang='lat' dir='ltr'><strong>virgas</strong></span> <span class='ocrx_word' id='word_1_166' title='bbox 1868 2966 2041 3032; x_wconf 86' lang='lat' dir='ltr'><strong>inter</strong></span> <span class='ocrx_word' id='word_1_167' title='bbox 2094 2968 2325 3034; x_wconf 82' lang='lat' dir='ltr'><strong>florum</strong></span> 
     </span>
     <span class='ocr_line' id='line_1_27' title="bbox 760 3057 2327 3147; baseline 0.008 -27"><span class='ocrx_word' id='word_1_168' title='bbox 760 3057 1116 3141; x_wconf 83' lang='lat' dir='ltr'><strong>manipulos</strong></span> <span class='ocrx_word' id='word_1_169' title='bbox 1147 3061 1541 3142; x_wconf 72' lang='lat' dir='ltr'><strong>gestantibus</strong></span> <span class='ocrx_word' id='word_1_170' title='bbox 1570 3063 1990 3147; x_wconf 75' lang='lat' dir='ltr'><strong>praesignatiz</strong></span> <span class='ocrx_word' id='word_1_171' title='bbox 2040 3066 2327 3132; x_wconf 78' lang='lat' dir='ltr'><strong>Abbates</strong></span> 
     </span>
     <span class='ocr_line' id='line_1_28' title="bbox 763 3154 2324 3244; baseline 0.005 -23"><span class='ocrx_word' id='word_1_172' title='bbox 763 3154 1104 3222; x_wconf 87' lang='lat' dir='ltr'><strong>Generales</strong></span> <span class='ocrx_word' id='word_1_173' title='bbox 1131 3158 1577 3226; x_wconf 84' lang='lat' dir='ltr'><strong>canonicorum</strong></span> <span class='ocrx_word' id='word_1_174' title='bbox 1625 3162 2023 3244; x_wconf 76' lang='lat' dir='ltr'><strong>Regularium</strong></span> <span class='ocrx_word' id='word_1_175' title='bbox 2083 3172 2324 3230; x_wconf 83' lang='lat' dir='ltr'><strong>Latera-</strong></span> 
     </span>
     <span class='ocr_line' id='line_1_29' title="bbox 759 3254 2327 3329; baseline 0.007 -12"><span class='ocrx_word' id='word_1_176' title='bbox 759 3254 1047 3318; x_wconf 87' lang='lat' dir='ltr'><strong>nensium</strong></span> <span class='ocrx_word' id='word_1_177' title='bbox 1074 3299 1094 3329; x_wconf 92' lang='lat'><strong>‚</strong></span> <span class='ocrx_word' id='word_1_178' title='bbox 1127 3263 1194 3321; x_wconf 88' lang='grc'><strong>61</strong></span> <span class='ocrx_word' id='word_1_179' title='bbox 1218 3258 1416 3321; x_wconf 85' lang='grc'>666611</span> <span class='ocrx_word' id='word_1_180' title='bbox 1444 3257 1659 3323; x_wconf 89' lang='lat' dir='ltr'><strong>Basilii</strong></span> <span class='ocrx_word' id='word_1_181' title='bbox 1689 3260 1896 3324; x_wconf 89' lang='lat' dir='ltr'><strong>locum</strong></span> <span class='ocrx_word' id='word_1_182' title='bbox 1962 3262 2327 3328; x_wconf 75' lang='lat' dir='ltr'><strong>obtinentes</strong></span> 
     </span>
     <span class='ocr_line' id='line_1_30' title="bbox 761 3349 2329 3434; baseline 0.006 -21"><span class='ocrx_word' id='word_1_183' title='bbox 761 3349 827 3413; x_wconf 92' lang='lat' dir='ltr'><strong>in</strong></span> <span class='ocrx_word' id='word_1_184' title='bbox 854 3351 1143 3434; x_wconf 82' lang='lat' dir='ltr'><strong>cappella</strong></span> <span class='ocrx_word' id='word_1_185' title='bbox 1177 3355 1538 3421; x_wconf 82' lang='lat' dir='ltr'><strong>Pontificia=</strong></span> <span class='ocrx_word' id='word_1_186' title='bbox 1590 3356 2015 3423; x_wconf 81' lang='lat' dir='ltr'><strong>Ecclesiamm</strong></span> <span class='ocrx_word' id='word_1_187' title='bbox 2068 3361 2329 3424; x_wconf 77' lang='lat' dir='ltr'><strong>Antisti·</strong></span> 
     </span>
     <span class='ocr_line' id='line_1_31' title="bbox 764 3450 2326 3528; baseline 0.007 -16"><span class='ocrx_word' id='word_1_188' title='bbox 764 3455 863 3512; x_wconf 88' lang='lat' dir='ltr'><strong>tes</strong></span> <span class='ocrx_word' id='word_1_189' title='bbox 892 3468 1013 3512; x_wconf 88' lang='grc'>11611</span> <span class='ocrx_word' id='word_1_190' title='bbox 1043 3450 1435 3516; x_wconf 82' lang='lat' dir='ltr'><strong>Assistentes</strong></span> <span class='ocrx_word' id='word_1_191' title='bbox 1457 3453 1778 3519; x_wconf 82' lang='lat' dir='ltr'><strong>Pontificio</strong></span> <span class='ocrx_word' id='word_1_192' title='bbox 1812 3455 1988 3520; x_wconf 88' lang='lat' dir='ltr'><strong>solio</strong></span> <span class='ocrx_word' id='word_1_193' title='bbox 2011 3498 2031 3528; x_wconf 94' lang='lat'><strong>,</strong></span> <span class='ocrx_word' id='word_1_194' title='bbox 2090 3456 2326 3522; x_wconf 88' lang='lat' dir='ltr'><strong>eidem-</strong></span> 
     </span>
     <span class='ocr_line' id='line_1_32' title="bbox 762 3546 2330 3634; baseline 0.008 -27"><span class='ocrx_word' id='word_1_195' title='bbox 762 3564 887 3625; x_wconf 85' lang='lat' dir='ltr'><strong>que</strong></span> <span class='ocrx_word' id='word_1_196' title='bbox 919 3546 1309 3612; x_wconf 80' lang='lat' dir='ltr'><strong>Assistentes</strong></span> <span class='ocrx_word' id='word_1_197' title='bbox 1333 3547 1514 3630; x_wconf 84' lang='lat' dir='ltr'><strong>juxta</strong></span> <span class='ocrx_word' id='word_1_198' title='bbox 1543 3549 1835 3631; x_wconf 80' lang='lat' dir='ltr'><strong>propriae</strong></span> <span class='ocrx_word' id='word_1_199' title='bbox 1875 3551 2205 3634; x_wconf 76' lang='lat' dir='ltr'><strong>dignitatis</strong></span> <span class='ocrx_word' id='word_1_200' title='bbox 2264 3561 2330 3619; x_wconf 78' lang='lat' dir='ltr'><strong>et</strong></span> 
     </span>
     <span class='ocr_line' id='line_1_33' title="bbox 764 3642 2328 3729; baseline 0.006 -24"><span class='ocrx_word' id='word_1_201' title='bbox 764 3642 1177 3707; x_wconf 73' lang='lat' dir='ltr'><strong>ordinationis</strong></span> <span class='ocrx_word' id='word_1_202' title='bbox 1212 3644 1474 3726; x_wconf 79' lang='lat' dir='ltr'><strong>gradum</strong></span> <span class='ocrx_word' id='word_1_203' title='bbox 1495 3688 1516 3717; x_wconf 88' lang='lat'>‚</span> <span class='ocrx_word' id='word_1_204' title='bbox 1546 3646 1682 3710; x_wconf 78' lang='lat' dir='ltr'><strong>sive</strong></span> <span class='ocrx_word' id='word_1_205' title='bbox 1714 3645 2125 3729; x_wconf 75' lang='lat' dir='ltr'><strong>Episcopatus</strong></span> <span class='ocrx_word' id='word_1_206' title='bbox 2144 3691 2164 3720; x_wconf 88' lang='lat'><strong>,</strong></span> <span class='ocrx_word' id='word_1_207' title='bbox 2195 3649 2328 3715; x_wconf 79' lang='lat' dir='ltr'><strong>sive</strong></span> 
     </span>
     <span class='ocr_line' id='line_1_34' title="bbox 760 3738 2331 3822; baseline 0.005 -18"><span class='ocrx_word' id='word_1_208' title='bbox 760 3739 1136 3822; x_wconf 74' lang='lat' dir='ltr'><strong>Metropolis</strong></span> <span class='ocrx_word' id='word_1_209' title='bbox 1164 3738 1266 3803; x_wconf 82' lang='lat' dir='ltr'><strong>vel</strong></span> <span class='ocrx_word' id='word_1_210' title='bbox 1297 3741 1757 3808; x_wconf 72' lang='lat' dir='ltr'><strong>patriarchatus</strong></span> <span class='ocrx_word' id='word_1_211' title='bbox 1786 3742 2033 3810; x_wconf 87' lang='grc'>1616166</span> <span class='ocrx_word' id='word_1_212' title='bbox 2062 3745 2331 3812; x_wconf 79' lang='lat' dir='ltr'><strong>invicem</strong></span> 
     </span>
     <span class='ocr_line' id='line_1_35' title="bbox 766 3835 2332 3930; baseline 0.006 -29"><span class='ocrx_word' id='word_1_213' title='bbox 766 3835 1128 3903; x_wconf 73' lang='lat' dir='ltr'><strong>deferentes</strong></span> <span class='ocrx_word' id='word_1_214' title='bbox 1159 3837 1284 3900; x_wconf 88' lang='lat' dir='ltr'><strong>sibi</strong></span> <span class='ocrx_word' id='word_1_215' title='bbox 1317 3836 1526 3901; x_wconf 85' lang='lat' dir='ltr'><strong>locum</strong></span> <span class='ocrx_word' id='word_1_216' title='bbox 1581 3848 1647 3903; x_wconf 92' lang='lat' dir='ltr'><strong>et</strong></span> <span class='ocrx_word' id='word_1_217' title='bbox 1705 3839 2006 3906; x_wconf 85' lang='grc'>1166616111</span> <span class='ocrx_word' id='word_1_218' title='bbox 2032 3868 2053 3917; x_wconf 78' lang='lat'>3</span> <span class='ocrx_word' id='word_1_219' title='bbox 2115 3864 2332 3930; x_wconf 84' lang='lat' dir='ltr'><strong>omnes</strong></span> 
     </span>
     <span class='ocr_line' id='line_1_36' title="bbox 773 3932 2335 4010; baseline 0.005 -13"><span class='ocrx_word' id='word_1_220' title='bbox 773 3935 964 3998; x_wconf 86' lang='lat' dir='ltr'><strong>rubro</strong></span> <span class='ocrx_word' id='word_1_221' title='bbox 983 3932 1242 3998; x_wconf 82' lang='lat' dir='ltr'><strong>Pluviali</strong></span> <span class='ocrx_word' id='word_1_222' title='bbox 1274 3934 1485 3997; x_wconf 85' lang='lat' dir='ltr'><strong>amicti</strong></span> <span class='ocrx_word' id='word_1_223' title='bbox 1509 3938 1775 4004; x_wconf 74' lang='grc'>61111116</span> <span class='ocrx_word' id='word_1_224' title='bbox 1804 3940 2009 4002; x_wconf 80' lang='lat' dir='ltr'><strong>textili</strong></span> <span class='ocrx_word' id='word_1_225' title='bbox 2032 3940 2164 4005; x_wconf 90' lang='lat' dir='ltr'><strong>lino</strong></span> <span class='ocrx_word' id='word_1_226' title='bbox 2190 3963 2335 4010; x_wconf 76' lang='lat' dir='ltr'><strong>con·</strong></span> 
     </span>
     <span class='ocr_line' id='line_1_37' title="bbox 771 4028 2334 4114; baseline 0.007 -20"><span class='ocrx_word' id='word_1_227' title='bbox 771 4028 937 4095; x_wconf 75' lang='grc'>16616</span> <span class='ocrx_word' id='word_1_228' title='bbox 960 4073 984 4104; x_wconf 90' lang='grc'>,</span> <span class='ocrx_word' id='word_1_229' title='bbox 1013 4029 1111 4095; x_wconf 81' lang='lat' dir='ltr'><strong>vel</strong></span> <span class='ocrx_word' id='word_1_230' title='bbox 1141 4030 1445 4114; x_wconf 82' lang='lat' dir='ltr'><strong>peculiari</strong></span> <span class='ocrx_word' id='word_1_231' title='bbox 1476 4051 1625 4098; x_wconf 86' lang='lat' dir='ltr'><strong>suae</strong></span> <span class='ocrx_word' id='word_1_232' title='bbox 1654 4035 1935 4102; x_wconf 83' lang='lat' dir='ltr'><strong>Nationis</strong></span> <span class='ocrx_word' id='word_1_233' title='bbox 1961 4046 2029 4103; x_wconf 90' lang='lat' dir='ltr'><strong>et</strong></span> <span class='ocrx_word' id='word_1_234' title='bbox 2055 4038 2217 4104; x_wconf 87' lang='grc'>111116</span> <span class='ocrx_word' id='word_1_235' title='bbox 2238 4059 2334 4104; x_wconf 87' lang='grc'><strong>66-</strong></span> 
     </span>
     <span class='ocr_line' id='line_1_38' title="bbox 767 4129 2331 4213; baseline 0.004 -20"><span class='ocrx_word' id='word_1_236' title='bbox 767 4148 878 4193; x_wconf 91' lang='grc'><strong>616</strong></span> <span class='ocrx_word' id='word_1_237' title='bbox 908 4137 1302 4212; x_wconf 80' lang='lat' dir='ltr'><strong>tegumento.</strong></span> <span class='ocrx_word' id='word_1_238' title='bbox 1333 4129 1672 4195; x_wconf 85' lang='lat' dir='ltr'><strong>Incedebat</strong></span> <span class='ocrx_word' id='word_1_239' title='bbox 1699 4140 1844 4213; x_wconf 87' lang='lat' dir='ltr'><strong>post</strong></span> <span class='ocrx_word' id='word_1_240' title='bbox 1868 4133 1981 4202; x_wconf 84' lang='lat' dir='ltr'><strong>bos</strong></span> <span class='ocrx_word' id='word_1_241' title='bbox 2013 4140 2196 4202; x_wconf 82' lang='lat' dir='ltr'><strong>Sacer</strong></span> <span class='ocrx_word' id='word_1_242' title='bbox 2251 4142 2331 4200; x_wconf 80' lang='lat' dir='ltr'><strong>A·</strong></span> 
     </span>
     <span class='ocr_line' id='line_1_39' title="bbox 769 4225 2335 4316; baseline 0.006 -26"><span class='ocrx_word' id='word_1_243' title='bbox 769 4225 1117 4307; x_wconf 83' lang='lat' dir='ltr'><strong>postolicus</strong></span> <span class='ocrx_word' id='word_1_244' title='bbox 1145 4232 1410 4290; x_wconf 89' lang='lat' dir='ltr'><strong>senatus</strong></span> <span class='ocrx_word' id='word_1_245' title='bbox 1432 4270 1454 4302; x_wconf 91' lang='lat'><strong>,</strong></span> <span class='ocrx_word' id='word_1_246' title='bbox 1485 4228 1740 4292; x_wconf 86' lang='lat' dir='ltr'><strong>Diaconi</strong></span> <span class='ocrx_word' id='word_1_247' title='bbox 1770 4249 1995 4316; x_wconf 85' lang='lat' dir='ltr'><strong>nempe</strong></span> <span class='ocrx_word' id='word_1_248' title='bbox 2041 4233 2335 4299; x_wconf 88' lang='lat' dir='ltr'><strong>cardina·</strong></span> 
     </span>
     <span class='ocr_line' id='line_1_40' title="bbox 768 4321 2333 4411; baseline 0.006 -26"><span class='ocrx_word' id='word_1_249' title='bbox 768 4321 869 4387; x_wconf 91' lang='lat' dir='ltr'><strong>les</strong></span> <span class='ocrx_word' id='word_1_250' title='bbox 896 4343 1038 4388; x_wconf 90' lang='lat' dir='ltr'><strong>cum</strong></span> <span class='ocrx_word' id='word_1_251' title='bbox 1072 4321 1440 4389; x_wconf 82' lang='lat' dir='ltr'><strong>Dalmaticis</strong></span> <span class='ocrx_word' id='word_1_252' title='bbox 1462 4368 1481 4397; x_wconf 92' lang='lat'><strong>,</strong></span> <span class='ocrx_word' id='word_1_253' title='bbox 1511 4327 1877 4411; x_wconf 75' lang='lat' dir='ltr'><strong>Presbyteri</strong></span> <span class='ocrx_word' id='word_1_254' title='bbox 1904 4349 2040 4394; x_wconf 87' lang='lat' dir='ltr'><strong>cum</strong></span> <span class='ocrx_word' id='word_1_255' title='bbox 2066 4329 2333 4405; x_wconf 86' lang='lat' dir='ltr'><strong>casulis,</strong></span> 
     </span>
     <span class='ocr_line' id='line_1_41' title="bbox 713 4421 2337 4507; baseline 0.002 -21"><span class='ocrx_word' id='word_1_256' title='bbox 713 4487 737 4498; x_wconf 74' lang='lat'><strong>,</strong></span> <span class='ocrx_word' id='word_1_257' title='bbox 769 4421 1064 4503; x_wconf 76' lang='lat' dir='ltr'><strong>Episcopi</strong></span> <span class='ocrx_word' id='word_1_258' title='bbox 1093 4441 1235 4486; x_wconf 88' lang='lat' dir='ltr'><strong>cum</strong></span> <span class='ocrx_word' id='word_1_259' title='bbox 1268 4421 2009 4507; x_wconf 64' lang='lat' dir='ltr'><strong>superpellicemprseter</strong></span> <span class='ocrx_word' id='word_1_260' title='bbox 2034 4426 2337 4492; x_wconf 82' lang='grc'>116661161-</span> 
     </span>
     <span class='ocr_line' id='line_1_42' title="bbox 773 4516 2339 4612; baseline 0.004 -31"><span class='ocrx_word' id='word_1_261' title='bbox 773 4524 904 4581; x_wconf 88' lang='grc'>1616</span> <span class='ocrx_word' id='word_1_262' title='bbox 923 4561 944 4590; x_wconf 98' lang='grc'>,</span> <span class='ocrx_word' id='word_1_263' title='bbox 974 4516 1235 4582; x_wconf 87' lang='lat' dir='ltr'><strong>Pluviali</strong></span> <span class='ocrx_word' id='word_1_264' title='bbox 1266 4528 1334 4580; x_wconf 90' lang='grc'><strong>61</strong></span> <span class='ocrx_word' id='word_1_265' title='bbox 1362 4518 1673 4612; x_wconf 74' lang='lat' dir='ltr'><strong>Formalio</strong></span> <span class='ocrx_word' id='word_1_266' title='bbox 1702 4541 1783 4584; x_wconf 88' lang='lat' dir='ltr'><strong>ex</strong></span> <span class='ocrx_word' id='word_1_267' title='bbox 1813 4522 2151 4587; x_wconf 78' lang='lat' dir='ltr'><strong>unionibus</strong></span> <span class='ocrx_word' id='word_1_268' title='bbox 2206 4531 2339 4590; x_wconf 87' lang='lat' dir='ltr'><strong>tres</strong></span> 
     </span>
     <span class='ocr_line' id='line_1_43' title="bbox 773 4611 2335 4711; baseline 0.004 -31"><span class='ocrx_word' id='word_1_269' title='bbox 773 4611 967 4680; x_wconf 79' lang='lat' dir='ltr'><strong>veluti</strong></span> <span class='ocrx_word' id='word_1_270' title='bbox 1005 4613 1224 4697; x_wconf 84' lang='lat' dir='ltr'><strong>pineas</strong></span> <span class='ocrx_word' id='word_1_271' title='bbox 1254 4615 1770 4711; x_wconf 63' lang='lat' dir='ltr'><strong>efformantibus,</strong></span> <span class='ocrx_word' id='word_1_272' title='bbox 1798 4617 2061 4701; x_wconf 82' lang='lat' dir='ltr'><strong>singulis</strong></span> <span class='ocrx_word' id='word_1_273' title='bbox 2119 4629 2335 4685; x_wconf 85' lang='lat' dir='ltr'><strong>tamen</strong></span> 
     </span>
     <span class='ocr_line' id='line_1_44' title="bbox 772 4709 2341 4784; baseline 0.006 -10"><span class='ocrx_word' id='word_1_274' title='bbox 772 4709 1118 4776; x_wconf 74' lang='lat' dir='ltr'><strong>uniformes</strong></span> <span class='ocrx_word' id='word_1_275' title='bbox 1145 4712 1369 4777; x_wconf 77' lang='lat' dir='ltr'><strong>Mitras</strong></span> <span class='ocrx_word' id='word_1_276' title='bbox 1399 4734 1476 4777; x_wconf 88' lang='lat' dir='ltr'><strong>ex</strong></span> <span class='ocrx_word' id='word_1_277' title='bbox 1506 4713 1711 4780; x_wconf 83' lang='lat' dir='ltr'><strong>textili</strong></span> <span class='ocrx_word' id='word_1_278' title='bbox 1740 4714 2115 4782; x_wconf 85' lang='lat' dir='ltr'><strong>damasceno</strong></span> <span class='ocrx_word' id='word_1_279' title='bbox 2170 4718 2341 4784; x_wconf 87' lang='lat' dir='ltr'><strong>colo-</strong></span> 
     </span>
     <span class='ocr_line' id='line_1_45' title="bbox 773 4807 2340 4894; baseline 0.006 -25"><span class='ocrx_word' id='word_1_280' title='bbox 773 4807 861 4872; x_wconf 91' lang='lat' dir='ltr'><strong>ris</strong></span> <span class='ocrx_word' id='word_1_281' title='bbox 890 4807 1017 4872; x_wconf 88' lang='lat' dir='ltr'><strong>albi</strong></span> <span class='ocrx_word' id='word_1_282' title='bbox 1047 4808 1347 4892; x_wconf 80' lang='lat' dir='ltr'><strong>insigniti,</strong></span> <span class='ocrx_word' id='word_1_283' title='bbox 1365 4809 1582 4876; x_wconf 86' lang='lat' dir='ltr'><strong>addito</strong></span> <span class='ocrx_word' id='word_1_284' title='bbox 1610 4812 1801 4876; x_wconf 89' lang='lat' dir='ltr'><strong>etiam</strong></span> <span class='ocrx_word' id='word_1_285' title='bbox 1822 4832 2008 4894; x_wconf 87' lang='lat' dir='ltr'><strong>supra</strong></span> <span class='ocrx_word' id='word_1_286' title='bbox 2038 4816 2340 4881; x_wconf 82' lang='lat' dir='ltr'><strong>Roccbet·</strong></span> 
     </span>
     <span class='ocr_line' id='line_1_46' title="bbox 780 4905 2337 4986; baseline 0.008 -23"><span class='ocrx_word' id='word_1_287' title='bbox 780 4910 909 4966; x_wconf 89' lang='lat' dir='ltr'><strong>tum</strong></span> <span class='ocrx_word' id='word_1_288' title='bbox 939 4905 1427 4986; x_wconf 88' lang='lat' dir='ltr'><strong>compositoque</strong></span> <span class='ocrx_word' id='word_1_289' title='bbox 1459 4907 1627 4971; x_wconf 88' lang='lat' dir='ltr'><strong>circa</strong></span> <span class='ocrx_word' id='word_1_290' title='bbox 1658 4906 1889 4972; x_wconf 83' lang='lat' dir='ltr'><strong>collum</strong></span> <span class='ocrx_word' id='word_1_291' title='bbox 1920 4910 2147 4975; x_wconf 89' lang='lat' dir='ltr'><strong>amictu</strong></span> <span class='ocrx_word' id='word_1_292' title='bbox 2170 4953 2192 4983; x_wconf 92' lang='lat'><strong>,</strong></span> <span class='ocrx_word' id='word_1_293' title='bbox 2233 4929 2337 4975; x_wconf 88' lang='lat' dir='ltr'><strong>cu·</strong></span> 
     </span>
     <span class='ocr_line' id='line_1_47' title="bbox 767 5002 2342 5084; baseline 0.007 -21"><span class='ocrx_word' id='word_1_294' title='bbox 767 5002 875 5084; x_wconf 81' lang='lat' dir='ltr'><strong>jus</strong></span> <span class='ocrx_word' id='word_1_295' title='bbox 903 5002 1267 5070; x_wconf 68' lang='lat' dir='ltr'><strong>usmolim</strong></span> <span class='ocrx_word' id='word_1_296' title='bbox 1299 5004 1737 5070; x_wconf 79' lang='lat' dir='ltr'><strong>cardinalibus</strong></span> <span class='ocrx_word' id='word_1_297' title='bbox 1768 5012 2004 5070; x_wconf 89' lang='lat' dir='ltr'><strong>tantum</strong></span> <span class='ocrx_word' id='word_1_298' title='bbox 2064 5028 2342 5074; x_wconf 84' lang='lat' dir='ltr'><strong>reserva·</strong></span> 
     </span>
     <span class='ocr_line' id='line_1_48' title="bbox 771 5099 2340 5187; baseline 0.008 -27"><span class='ocrx_word' id='word_1_299' title='bbox 771 5106 948 5171; x_wconf 87' lang='lat' dir='ltr'><strong>tum,</strong></span> <span class='ocrx_word' id='word_1_300' title='bbox 994 5099 1374 5174; x_wconf 80' lang='lat' dir='ltr'><strong>Benedictus</strong></span> <span class='ocrx_word' id='word_1_301' title='bbox 1428 5108 1588 5183; x_wconf 86' lang='lat' dir='ltr'><strong>Papa</strong></span> <span class='ocrx_word' id='word_1_302' title='bbox 1639 5108 1803 5166; x_wconf 82' lang='lat' dir='ltr'><strong>XIII.</strong></span> <span class='ocrx_word' id='word_1_303' title='bbox 1862 5105 1941 5167; x_wconf 85' lang='lat' dir='ltr'><strong>ad</strong></span> <span class='ocrx_word' id='word_1_304' title='bbox 1998 5105 2340 5187; x_wconf 68' lang='lat' dir='ltr'><strong>Episcopus</strong></span> 
     </span>
    </p>
   </div>
   <div class='ocr_carea' id='block_1_4' title="bbox 1986 481 2882 540">
    <p class='ocr_par' dir='ltr' id='par_1_13' title="bbox 1986 481 2882 540">
     <span class='ocr_line' id='line_1_49' title="bbox 1986 481 2882 540; baseline 0 -1"><span class='ocrx_word' id='word_1_305' title='bbox 1986 485 2192 539; x_wconf 72' lang='lat' dir='ltr'><strong>ACTA</strong></span> <span class='ocrx_word' id='word_1_306' title='bbox 2231 481 2882 540; x_wconf 70' lang='lat' dir='ltr'><strong>cattomzATtonts</strong></span> 
     </span>
    </p>
   </div>
   <div class='ocr_carea' id='block_1_5' title="bbox 2436 724 4034 1969">
    <p class='ocr_par' dir='ltr' id='par_1_14' title="bbox 2436 724 4034 1969">
     <span class='ocr_line' id='line_1_50' title="bbox 2439 724 4023 810; baseline 0.001 -22"><span class='ocrx_word' id='word_1_307' title='bbox 2439 724 2706 791; x_wconf 83' lang='lat' dir='ltr'><strong>Basilica</strong></span> <span class='ocrx_word' id='word_1_308' title='bbox 2736 747 2903 791; x_wconf 88' lang='lat' dir='ltr'><strong>anno</strong></span> <span class='ocrx_word' id='word_1_309' title='bbox 2933 726 3204 793; x_wconf 84' lang='lat' dir='ltr'><strong>seculari</strong></span> <span class='ocrx_word' id='word_1_310' title='bbox 3241 726 3581 793; x_wconf 83' lang='lat' dir='ltr'><strong>millesimo</strong></span> <span class='ocrx_word' id='word_1_311' title='bbox 3637 730 4023 810; x_wconf 75' lang='lat' dir='ltr'><strong>septingen-</strong></span> 
     </span>
     <span class='ocr_line' id='line_1_51' title="bbox 2440 824 4025 910; baseline 0.006 -26"><span class='ocrx_word' id='word_1_312' title='bbox 2440 824 2669 887; x_wconf 89' lang='lat' dir='ltr'><strong>tesimo</strong></span> <span class='ocrx_word' id='word_1_313' title='bbox 2700 824 2947 891; x_wconf 84' lang='lat' dir='ltr'><strong>decimo</strong></span> <span class='ocrx_word' id='word_1_314' title='bbox 2977 825 3223 907; x_wconf 86' lang='lat' dir='ltr'><strong>quinto.</strong></span> <span class='ocrx_word' id='word_1_315' title='bbox 3254 828 3844 910; x_wconf 73' lang='lat' dir='ltr'><strong>progrediebantur</strong></span> <span class='ocrx_word' id='word_1_316' title='bbox 3905 827 4025 893; x_wconf 84' lang='lat' dir='ltr'><strong>de·</strong></span> 
     </span>
     <span class='ocr_line' id='line_1_52' title="bbox 2443 924 4034 1005; baseline 0.003 -22"><span class='ocrx_word' id='word_1_317' title='bbox 2443 941 2612 984; x_wconf 87' lang='lat' dir='ltr'><strong>mum</strong></span> <span class='ocrx_word' id='word_1_318' title='bbox 2646 929 2869 988; x_wconf 88' lang='lat' dir='ltr'><strong>Orator</strong></span> <span class='ocrx_word' id='word_1_319' title='bbox 2900 924 3242 995; x_wconf 84' lang='lat' dir='ltr'><strong>Bononiae,</strong></span> <span class='ocrx_word' id='word_1_320' title='bbox 3276 928 3762 989; x_wconf 85' lang='lat' dir='ltr'><strong>Conservatores</strong></span> <span class='ocrx_word' id='word_1_321' title='bbox 3822 930 4034 1005; x_wconf 89' lang='lat' dir='ltr'><strong>Popu-</strong></span> 
     </span>
     <span class='ocr_line' id='line_1_53' title="bbox 2438 1016 4034 1093; baseline 0.003 -13"><span class='ocrx_word' id='word_1_322' title='bbox 2438 1016 2486 1080; x_wconf 92' lang='lat' dir='ltr'><strong>li</strong></span> <span class='ocrx_word' id='word_1_323' title='bbox 2521 1020 2819 1093; x_wconf 80' lang='lat' dir='ltr'><strong>Romani,</strong></span> <span class='ocrx_word' id='word_1_324' title='bbox 2849 1018 3161 1085; x_wconf 77' lang='lat' dir='ltr'><strong>etAlmae</strong></span> <span class='ocrx_word' id='word_1_325' title='bbox 3189 1021 3372 1086; x_wconf 88' lang='lat' dir='ltr'><strong>Urbis</strong></span> <span class='ocrx_word' id='word_1_326' title='bbox 3406 1023 3804 1087; x_wconf 87' lang='lat' dir='ltr'><strong>Gubernator</strong></span> <span class='ocrx_word' id='word_1_327' title='bbox 3834 1022 4034 1084; x_wconf 85' lang='lat' dir='ltr'><strong>Vice-</strong></span> 
     </span>
     <span class='ocr_line' id='line_1_54' title="bbox 2441 1116 4019 1203; baseline 0.005 -26"><span class='ocrx_word' id='word_1_328' title='bbox 2441 1116 2872 1190; x_wconf 89' lang='lat' dir='ltr'><strong>camerarius,</strong></span> <span class='ocrx_word' id='word_1_329' title='bbox 2902 1137 2974 1181; x_wconf 88' lang='lat' dir='ltr'><strong>ac</strong></span> <span class='ocrx_word' id='word_1_330' title='bbox 3004 1138 3196 1203; x_wconf 88' lang='lat' dir='ltr'><strong>prope</strong></span> <span class='ocrx_word' id='word_1_331' title='bbox 3232 1117 3591 1185; x_wconf 84' lang='lat' dir='ltr'><strong>Pontificem</strong></span> <span class='ocrx_word' id='word_1_332' title='bbox 3647 1118 3786 1182; x_wconf 89' lang='lat' dir='ltr'><strong>alta</strong></span> <span class='ocrx_word' id='word_1_333' title='bbox 3849 1117 4019 1185; x_wconf 88' lang='grc'>6666</span> 
     </span>
     <span class='ocr_line' id='line_1_55' title="bbox 2437 1210 4028 1290; baseline 0.006 -18"><span class='ocrx_word' id='word_1_334' title='bbox 2437 1211 2806 1287; x_wconf 86' lang='lat' dir='ltr'><strong>subvectum</strong></span> <span class='ocrx_word' id='word_1_335' title='bbox 2835 1220 2969 1277; x_wconf 86' lang='lat' dir='ltr'><strong>tres</strong></span> <span class='ocrx_word' id='word_1_336' title='bbox 2997 1210 3102 1275; x_wconf 91' lang='lat' dir='ltr'><strong>alii</strong></span> <span class='ocrx_word' id='word_1_337' title='bbox 3141 1213 3391 1279; x_wconf 82' lang='lat' dir='ltr'><strong>Diaconi</strong></span> <span class='ocrx_word' id='word_1_338' title='bbox 3419 1215 3788 1281; x_wconf 85' lang='lat' dir='ltr'><strong>cardinales</strong></span> <span class='ocrx_word' id='word_1_339' title='bbox 3811 1259 3836 1290; x_wconf 93' lang='lat'><strong>,</strong></span> <span class='ocrx_word' id='word_1_340' title='bbox 3891 1216 4028 1282; x_wconf 88' lang='lat' dir='ltr'><strong>duo</strong></span> 
     </span>
     <span class='ocr_line' id='line_1_56' title="bbox 2438 1306 4033 1393; baseline 0.001 -20"><span class='ocrx_word' id='word_1_341' title='bbox 2438 1306 2677 1379; x_wconf 76' lang='lat' dir='ltr'><strong>scilicet</strong></span> <span class='ocrx_word' id='word_1_342' title='bbox 2705 1311 3091 1393; x_wconf 89' lang='lat' dir='ltr'><strong>antiquiores</strong></span> <span class='ocrx_word' id='word_1_343' title='bbox 3123 1320 3417 1393; x_wconf 81' lang='lat' dir='ltr'><strong>tanquam</strong></span> <span class='ocrx_word' id='word_1_344' title='bbox 3445 1314 3873 1386; x_wconf 79' lang='lat' dir='ltr'><strong>Assistentes‚</strong></span> <span class='ocrx_word' id='word_1_345' title='bbox 3898 1321 4033 1378; x_wconf 76' lang='lat' dir='ltr'><strong>ter-</strong></span> 
     </span>
     <span class='ocr_line' id='line_1_57' title="bbox 2436 1405 4029 1492; baseline 0.006 -27"><span class='ocrx_word' id='word_1_346' title='bbox 2436 1405 2556 1469; x_wconf 87' lang='lat' dir='ltr'><strong>tius</strong></span> <span class='ocrx_word' id='word_1_347' title='bbox 2584 1426 2736 1471; x_wconf 81' lang='lat' dir='ltr'><strong>vero</strong></span> <span class='ocrx_word' id='word_1_348' title='bbox 2766 1405 3023 1471; x_wconf 87' lang='lat' dir='ltr'><strong>carolus</strong></span> <span class='ocrx_word' id='word_1_349' title='bbox 3047 1408 3242 1472; x_wconf 78' lang='lat' dir='ltr'><strong>Maria</strong></span> <span class='ocrx_word' id='word_1_350' title='bbox 3298 1408 3690 1492; x_wconf 87' lang='lat' dir='ltr'><strong>Sacripantes</strong></span> <span class='ocrx_word' id='word_1_351' title='bbox 3751 1418 4029 1475; x_wconf 82' lang='lat' dir='ltr'><strong>sanctae</strong></span> 
     </span>
     <span class='ocr_line' id='line_1_58' title="bbox 2436 1501 4027 1583; baseline 0.005 -16"><span class='ocrx_word' id='word_1_352' title='bbox 2436 1502 2670 1567; x_wconf 82' lang='lat' dir='ltr'><strong>Mariae</strong></span> <span class='ocrx_word' id='word_1_353' title='bbox 2700 1502 2764 1564; x_wconf 90' lang='lat' dir='ltr'><strong>in</strong></span> <span class='ocrx_word' id='word_1_354' title='bbox 2796 1502 3044 1567; x_wconf 84' lang='lat' dir='ltr'><strong>Porticu</strong></span> <span class='ocrx_word' id='word_1_355' title='bbox 3072 1501 3236 1568; x_wconf 89' lang='lat' dir='ltr'><strong>inter</strong></span> <span class='ocrx_word' id='word_1_356' title='bbox 3278 1524 3390 1568; x_wconf 91' lang='grc'><strong>666</strong></span> <span class='ocrx_word' id='word_1_357' title='bbox 3444 1504 3735 1583; x_wconf 78' lang='lat' dir='ltr'><strong>medius,</strong></span> <span class='ocrx_word' id='word_1_358' title='bbox 3799 1505 4027 1583; x_wconf 76' lang='lat' dir='ltr'><strong>Atha,</strong></span> 
     </span>
     <span class='ocr_line' id='line_1_59' title="bbox 2438 1598 4028 1681; baseline 0.003 -18"><span class='ocrx_word' id='word_1_359' title='bbox 2438 1599 2688 1674; x_wconf 84' lang='lat' dir='ltr'><strong>orario,</strong></span> <span class='ocrx_word' id='word_1_360' title='bbox 2719 1606 2781 1664; x_wconf 88' lang='lat' dir='ltr'><strong>et</strong></span> <span class='ocrx_word' id='word_1_361' title='bbox 2811 1598 3155 1681; x_wconf 77' lang='lat' dir='ltr'><strong>Dalmatica</strong></span> <span class='ocrx_word' id='word_1_362' title='bbox 3179 1601 3635 1671; x_wconf 85' lang='lat' dir='ltr'><strong>Postulatorum</strong></span> <span class='ocrx_word' id='word_1_363' title='bbox 3660 1624 3814 1671; x_wconf 84' lang='lat' dir='ltr'><strong>aere</strong></span> <span class='ocrx_word' id='word_1_364' title='bbox 3838 1625 4028 1679; x_wconf 82' lang='lat' dir='ltr'><strong>com-</strong></span> 
     </span>
     <span class='ocr_line' id='line_1_60' title="bbox 2437 1697 4021 1784; baseline 0.003 -22"><span class='ocrx_word' id='word_1_365' title='bbox 2437 1697 2666 1780; x_wconf 82' lang='lat' dir='ltr'><strong>paratis</strong></span> <span class='ocrx_word' id='word_1_366' title='bbox 2694 1697 2984 1772; x_wconf 89' lang='lat' dir='ltr'><strong>indutus,</strong></span> <span class='ocrx_word' id='word_1_367' title='bbox 3015 1704 3086 1762; x_wconf 87' lang='lat' dir='ltr'><strong>ut</strong></span> <span class='ocrx_word' id='word_1_368' title='bbox 3114 1699 3432 1784; x_wconf 71' lang='lat' dir='ltr'><strong>Evangelii</strong></span> <span class='ocrx_word' id='word_1_369' title='bbox 3460 1723 3531 1766; x_wconf 90' lang='lat' dir='ltr'><strong>ac</strong></span> <span class='ocrx_word' id='word_1_370' title='bbox 3563 1703 3675 1766; x_wconf 82' lang='lat' dir='ltr'><strong>Rei</strong></span> <span class='ocrx_word' id='word_1_371' title='bbox 3732 1702 4021 1769; x_wconf 83' lang='lat' dir='ltr'><strong>Divinae</strong></span> 
     </span>
     <span class='ocr_line' id='line_1_61' title="bbox 2436 1788 4026 1880; baseline 0.004 -19"><span class='ocrx_word' id='word_1_372' title='bbox 2436 1794 2761 1871; x_wconf 77' lang='lat' dir='ltr'><strong>Minister3</strong></span> <span class='ocrx_word' id='word_1_373' title='bbox 2791 1814 2910 1860; x_wconf 88' lang='lat' dir='ltr'><strong>nec</strong></span> <span class='ocrx_word' id='word_1_374' title='bbox 2939 1794 3202 1859; x_wconf 88' lang='lat' dir='ltr'><strong>aberant</strong></span> <span class='ocrx_word' id='word_1_375' title='bbox 3231 1817 3346 1880; x_wconf 90' lang='lat' dir='ltr'><strong>pro</strong></span> <span class='ocrx_word' id='word_1_376' title='bbox 3404 1788 3678 1863; x_wconf 83' lang='lat' dir='ltr'><strong>fimbriis</strong></span> <span class='ocrx_word' id='word_1_377' title='bbox 3709 1801 4026 1867; x_wconf 80' lang='lat' dir='ltr'><strong>anterio-</strong></span> 
     </span>
     <span class='ocr_line' id='line_1_62' title="bbox 2440 1891 4023 1969; baseline 0.007 -16"><span class='ocrx_word' id='word_1_378' title='bbox 2440 1891 2615 1955; x_wconf 86' lang='lat' dir='ltr'><strong>ribus</strong></span> <span class='ocrx_word' id='word_1_379' title='bbox 2643 1892 2835 1956; x_wconf 84' lang='lat' dir='ltr'><strong>vestis</strong></span> <span class='ocrx_word' id='word_1_380' title='bbox 2864 1891 3224 1959; x_wconf 85' lang='lat' dir='ltr'><strong>Pontificiae</strong></span> <span class='ocrx_word' id='word_1_381' title='bbox 3255 1893 3602 1969; x_wconf 81' lang='lat' dir='ltr'><strong>elevandis,</strong></span> <span class='ocrx_word' id='word_1_382' title='bbox 3628 1918 3774 1963; x_wconf 86' lang='lat' dir='ltr'><strong>cum</strong></span> <span class='ocrx_word' id='word_1_383' title='bbox 3803 1918 3842 1961; x_wconf 87' lang='grc'><strong>6</strong></span> <span class='ocrx_word' id='word_1_384' title='bbox 3880 1897 4023 1964; x_wconf 89' lang='lat' dir='ltr'><strong>Sel·</strong></span> 
     </span>
    </p>
   </div>
   <div class='ocr_carea' id='block_1_6' title="bbox 2438 1985 4110 2071">
    <p class='ocr_par' dir='ltr' id='par_1_15' title="bbox 2438 1985 4110 2071">
     <span class='ocr_line' id='line_1_63' title="bbox 2438 1985 4110 2071; baseline 0.007 -21"><span class='ocrx_word' id='word_1_385' title='bbox 2438 1985 2556 2052; x_wconf 88' lang='lat' dir='ltr'><strong>lari</strong></span> <span class='ocrx_word' id='word_1_386' title='bbox 2587 1988 3004 2055; x_wconf 87' lang='lat' dir='ltr'><strong>descenderet</strong></span> <span class='ocrx_word' id='word_1_387' title='bbox 3031 1997 3229 2071; x_wconf 85' lang='lat' dir='ltr'><strong>Papa.</strong></span> <span class='ocrx_word' id='word_1_388' title='bbox 3266 1991 3388 2054; x_wconf 89' lang='lat' dir='ltr'><strong>duo</strong></span> <span class='ocrx_word' id='word_1_389' title='bbox 3418 1993 3755 2059; x_wconf 69' lang='lat' dir='ltr'><strong>Auditos-es</strong></span> <span class='ocrx_word' id='word_1_390' title='bbox 3785 2002 4028 2060; x_wconf 58' lang='lat' dir='ltr'><strong>Botaeae</strong></span> <span class='ocrx_word' id='word_1_391' title='bbox 4103 2034 4110 2041; x_wconf 66' lang='lat'><em>,</em></span> 
     </span>
    </p>
   </div>
   <div class='ocr_carea' id='block_1_7' title="bbox 2436 2085 4028 3719">
    <p class='ocr_par' dir='ltr' id='par_1_16' title="bbox 2437 2085 4024 2652">
     <span class='ocr_line' id='line_1_64' title="bbox 2567 2085 4021 2176; baseline 0.006 -26"><span class='ocrx_word' id='word_1_392' title='bbox 2567 2085 3099 2168; x_wconf 84' lang='lat' dir='ltr'><strong>speciosissimam</strong></span> <span class='ocrx_word' id='word_1_393' title='bbox 3135 2086 3291 2154; x_wconf 84' lang='lat' dir='ltr'><strong>banc</strong></span> <span class='ocrx_word' id='word_1_394' title='bbox 3320 2096 3392 2152; x_wconf 87' lang='lat' dir='ltr'><strong>et</strong></span> <span class='ocrx_word' id='word_1_395' title='bbox 3415 2111 3700 2157; x_wconf 86' lang='lat' dir='ltr'><strong>summae</strong></span> <span class='ocrx_word' id='word_1_396' title='bbox 3749 2093 4021 2176; x_wconf 77' lang='lat' dir='ltr'><strong>religio-</strong></span> 
     </span>
     <span class='ocr_line' id='line_1_65' title="bbox 2439 2180 4012 2267; baseline 0.01 -26"><span class='ocrx_word' id='word_1_397' title='bbox 2439 2180 2537 2244; x_wconf 92' lang='lat' dir='ltr'><strong>nis</strong></span> <span class='ocrx_word' id='word_1_398' title='bbox 2564 2203 2854 2266; x_wconf 85' lang='lat' dir='ltr'><strong>pompam</strong></span> <span class='ocrx_word' id='word_1_399' title='bbox 2884 2191 3208 2267; x_wconf 87' lang='lat' dir='ltr'><strong>postremo</strong></span> <span class='ocrx_word' id='word_1_400' title='bbox 3236 2185 3656 2255; x_wconf 82' lang='lat' dir='ltr'><strong>concludebat</strong></span> <span class='ocrx_word' id='word_1_401' title='bbox 3695 2191 4012 2257; x_wconf 86' lang='lat' dir='ltr'><strong>Beatissi-</strong></span> 
     </span>
     <span class='ocr_line' id='line_1_66' title="bbox 2438 2279 4009 2358; baseline 0.008 -17"><span class='ocrx_word' id='word_1_402' title='bbox 2438 2298 2579 2342; x_wconf 89' lang='lat' dir='ltr'><strong>mus</strong></span> <span class='ocrx_word' id='word_1_403' title='bbox 2609 2279 2926 2345; x_wconf 85' lang='lat' dir='ltr'><strong>Ecclesiae</strong></span> <span class='ocrx_word' id='word_1_404' title='bbox 2960 2282 3155 2347; x_wconf 88' lang='lat' dir='ltr'><strong>totius</strong></span> <span class='ocrx_word' id='word_1_405' title='bbox 3179 2282 3537 2351; x_wconf 80' lang='lat' dir='ltr'><strong>Moderator</strong></span> <span class='ocrx_word' id='word_1_406' title='bbox 3559 2327 3582 2358; x_wconf 92' lang='lat'><strong>,</strong></span> <span class='ocrx_word' id='word_1_407' title='bbox 3640 2306 3714 2353; x_wconf 86' lang='grc'><strong>66</strong></span> <span class='ocrx_word' id='word_1_408' title='bbox 3775 2295 4009 2353; x_wconf 80' lang='lat' dir='ltr'><strong>Pastor</strong></span> 
     </span>
     <span class='ocr_line' id='line_1_67' title="bbox 2437 2374 4024 2466; baseline 0.008 -27"><span class='ocrx_word' id='word_1_409' title='bbox 2437 2374 2815 2457; x_wconf 88' lang='lat' dir='ltr'><strong>Populorum</strong></span> <span class='ocrx_word' id='word_1_410' title='bbox 2844 2378 3157 2452; x_wconf 89' lang='lat' dir='ltr'><strong>omnium,</strong></span> <span class='ocrx_word' id='word_1_411' title='bbox 3188 2399 3378 2462; x_wconf 87' lang='lat' dir='ltr'><strong>quem</strong></span> <span class='ocrx_word' id='word_1_412' title='bbox 3433 2401 3559 2445; x_wconf 91' lang='lat' dir='ltr'><strong>non</strong></span> <span class='ocrx_word' id='word_1_413' title='bbox 3615 2382 3742 2466; x_wconf 79' lang='lat' dir='ltr'><strong>iam</strong></span> <span class='ocrx_word' id='word_1_414' title='bbox 3803 2386 4024 2452; x_wconf 86' lang='lat' dir='ltr'><strong>honor</strong></span> 
     </span>
     <span class='ocr_line' id='line_1_68' title="bbox 2441 2471 4022 2560; baseline 0.01 -27"><span class='ocrx_word' id='word_1_415' title='bbox 2441 2471 2923 2537; x_wconf 87' lang='lat' dir='ltr'><strong>commendabat</strong></span> <span class='ocrx_word' id='word_1_416' title='bbox 2950 2474 3216 2540; x_wconf 79' lang='lat' dir='ltr'><strong>vestium</strong></span> <span class='ocrx_word' id='word_1_417' title='bbox 3238 2517 3260 2548; x_wconf 88' lang='lat'><strong>,</strong></span> <span class='ocrx_word' id='word_1_418' title='bbox 3292 2476 3403 2540; x_wconf 89' lang='lat' dir='ltr'><strong>sed</strong></span> <span class='ocrx_word' id='word_1_419' title='bbox 3453 2476 3750 2560; x_wconf 87' lang='lat' dir='ltr'><strong>splendor</strong></span> <span class='ocrx_word' id='word_1_420' title='bbox 3814 2483 4022 2549; x_wconf 80' lang='lat' dir='ltr'><strong>virtu·</strong></span> 
     </span>
     <span class='ocr_line' id='line_1_69' title="bbox 2438 2566 3375 2652; baseline 0.003 -21"><span class='ocrx_word' id='word_1_421' title='bbox 2438 2573 2573 2631; x_wconf 88' lang='lat' dir='ltr'><strong>tum</strong></span> <span class='ocrx_word' id='word_1_422' title='bbox 2604 2566 3001 2652; x_wconf 81' lang='lat' dir='ltr'><strong>eximiaeque</strong></span> <span class='ocrx_word' id='word_1_423' title='bbox 3032 2571 3375 2635; x_wconf 87' lang='lat' dir='ltr'><strong>doctrinae.</strong></span> 
     </span>
    </p>

    <p class='ocr_par' dir='ltr' id='par_1_17' title="bbox 2436 2665 4028 3719">
     <span class='ocr_line' id='line_1_70' title="bbox 2562 2665 4016 2751; baseline 0.009 -23"><span class='ocrx_word' id='word_1_424' title='bbox 2562 2670 2741 2731; x_wconf 81' lang='lat' dir='ltr'><strong>Hunc</strong></span> <span class='ocrx_word' id='word_1_425' title='bbox 2769 2665 3026 2729; x_wconf 90' lang='lat' dir='ltr'><strong>sublimi</strong></span> <span class='ocrx_word' id='word_1_426' title='bbox 3059 2668 3123 2730; x_wconf 91' lang='lat' dir='ltr'><strong>in</strong></span> <span class='ocrx_word' id='word_1_427' title='bbox 3174 2668 3375 2743; x_wconf 89' lang='lat' dir='ltr'><strong>sella,</strong></span> <span class='ocrx_word' id='word_1_428' title='bbox 3437 2677 3507 2731; x_wconf 87' lang='lat' dir='ltr'><strong>ut</strong></span> <span class='ocrx_word' id='word_1_429' title='bbox 3561 2671 3794 2736; x_wconf 87' lang='lat' dir='ltr'><strong>dictum</strong></span> <span class='ocrx_word' id='word_1_430' title='bbox 3864 2685 4016 2751; x_wconf 83' lang='lat' dir='ltr'><strong>est,</strong></span> 
     </span>
     <span class='ocr_line' id='line_1_71' title="bbox 2438 2763 4028 2849; baseline 0.007 -24"><span class='ocrx_word' id='word_1_431' title='bbox 2438 2763 2848 2845; x_wconf 89' lang='lat' dir='ltr'><strong>compositum</strong></span> <span class='ocrx_word' id='word_1_432' title='bbox 2872 2806 2893 2836; x_wconf 93' lang='lat'><strong>‚</strong></span> <span class='ocrx_word' id='word_1_433' title='bbox 2924 2785 3387 2849; x_wconf 85' lang='lat' dir='ltr'><strong>accensumque</strong></span> <span class='ocrx_word' id='word_1_434' title='bbox 3437 2788 3692 2835; x_wconf 80' lang='lat' dir='ltr'><strong>cereum</strong></span> <span class='ocrx_word' id='word_1_435' title='bbox 3745 2772 4028 2837; x_wconf 82' lang='lat' dir='ltr'><strong>sinistra·</strong></span> 
     </span>
     <span class='ocr_line' id='line_1_72' title="bbox 2439 2860 4017 2938; baseline 0.008 -17"><span class='ocrx_word' id='word_1_436' title='bbox 2439 2860 2851 2924; x_wconf 86' lang='lat' dir='ltr'><strong>sustinentem</strong></span> <span class='ocrx_word' id='word_1_437' title='bbox 2882 2903 2904 2934; x_wconf 86' lang='lat'><strong>,</strong></span> <span class='ocrx_word' id='word_1_438' title='bbox 2936 2861 3197 2927; x_wconf 83' lang='lat' dir='ltr'><strong>dextera</strong></span> <span class='ocrx_word' id='word_1_439' title='bbox 3226 2862 3638 2931; x_wconf 83' lang='lat' dir='ltr'><strong>acclamantes</strong></span> <span class='ocrx_word' id='word_1_440' title='bbox 3666 2887 3905 2935; x_wconf 80' lang='lat' dir='ltr'><strong>versus</strong></span> <span class='ocrx_word' id='word_1_441' title='bbox 3933 2870 4017 2938; x_wconf 85' lang='lat' dir='ltr'><strong>ad</strong></span> 
     </span>
     <span class='ocr_line' id='line_1_73' title="bbox 2440 2956 4009 3045; baseline 0.011 -28"><span class='ocrx_word' id='word_1_442' title='bbox 2440 2956 2940 3023; x_wconf 88' lang='lat' dir='ltr'><strong>benedicendum</strong></span> <span class='ocrx_word' id='word_1_443' title='bbox 2973 2960 3267 3042; x_wconf 84' lang='lat' dir='ltr'><strong>expedita</strong></span> <span class='ocrx_word' id='word_1_444' title='bbox 3305 2960 3739 3045; x_wconf 82' lang='lat' dir='ltr'><strong>circumpedes</strong></span> <span class='ocrx_word' id='word_1_445' title='bbox 3801 2967 4009 3035; x_wconf 85' lang='lat' dir='ltr'><strong>rubro</strong></span> 
     </span>
     <span class='ocr_line' id='line_1_74' title="bbox 2437 3042 4004 3150; baseline 0.01 -34"><span class='ocrx_word' id='word_1_446' title='bbox 2437 3073 2589 3136; x_wconf 81' lang='lat' dir='ltr'><strong>sago</strong></span> <span class='ocrx_word' id='word_1_447' title='bbox 2621 3042 2823 3120; x_wconf 76' lang='lat' dir='ltr'><strong>i&#39;nduti</strong></span> <span class='ocrx_word' id='word_1_448' title='bbox 2856 3076 3047 3137; x_wconf 89' lang='lat' dir='ltr'><strong>super</strong></span> <span class='ocrx_word' id='word_1_449' title='bbox 3073 3055 3366 3122; x_wconf 86' lang='lat' dir='ltr'><strong>humeros</strong></span> <span class='ocrx_word' id='word_1_450' title='bbox 3428 3061 3808 3142; x_wconf 77' lang='lat' dir='ltr'><strong>portabant3</strong></span> <span class='ocrx_word' id='word_1_451' title='bbox 3854 3066 4004 3150; x_wconf 82' lang='lat' dir='ltr'><strong>ejus</strong></span> 
     </span>
     <span class='ocr_line' id='line_1_75' title="bbox 2436 3150 4009 3228; baseline 0.01 -16"><span class='ocrx_word' id='word_1_452' title='bbox 2436 3150 2634 3217; x_wconf 87' lang='lat' dir='ltr'><strong>latera</strong></span> <span class='ocrx_word' id='word_1_453' title='bbox 2661 3154 3091 3219; x_wconf 89' lang='lat' dir='ltr'><strong>custodientes</strong></span> <span class='ocrx_word' id='word_1_454' title='bbox 3121 3154 3260 3217; x_wconf 89' lang='lat' dir='ltr'><strong>binc</strong></span> <span class='ocrx_word' id='word_1_455' title='bbox 3288 3156 3434 3219; x_wconf 87' lang='grc'>1666</span> <span class='ocrx_word' id='word_1_456' title='bbox 3469 3166 3653 3222; x_wconf 86' lang='lat' dir='ltr'><strong>erant</strong></span> <span class='ocrx_word' id='word_1_457' title='bbox 3681 3166 4009 3228; x_wconf 82' lang='lat' dir='ltr'><strong>Procoeto·</strong></span> 
     </span>
     <span class='ocr_line' id='line_1_76' title="bbox 2436 3250 4001 3336; baseline 0.009 -26"><span class='ocrx_word' id='word_1_458' title='bbox 2436 3268 2549 3314; x_wconf 89' lang='lat' dir='ltr'><strong>nes</strong></span> <span class='ocrx_word' id='word_1_459' title='bbox 2569 3291 2590 3323; x_wconf 93' lang='lat'><strong>,</strong></span> <span class='ocrx_word' id='word_1_460' title='bbox 2620 3260 2687 3314; x_wconf 87' lang='grc'><strong>61</strong></span> <span class='ocrx_word' id='word_1_461' title='bbox 2715 3256 3026 3336; x_wconf 73' lang='lat' dir='ltr'><strong>Dynastae</strong></span> <span class='ocrx_word' id='word_1_462' title='bbox 3048 3293 3069 3325; x_wconf 93' lang='lat'><strong>,</strong></span> <span class='ocrx_word' id='word_1_463' title='bbox 3129 3250 3494 3334; x_wconf 85' lang='lat' dir='ltr'><strong>selectaque</strong></span> <span class='ocrx_word' id='word_1_464' title='bbox 3549 3256 4001 3324; x_wconf 83' lang='lat' dir='ltr'><strong>Helvetiorum</strong></span> 
     </span>
     <span class='ocr_line' id='line_1_77' title="bbox 2436 3348 4013 3429; baseline 0.01 -23"><span class='ocrx_word' id='word_1_465' title='bbox 2436 3365 2658 3410; x_wconf 88' lang='lat' dir='ltr'><strong>manus</strong></span> <span class='ocrx_word' id='word_1_466' title='bbox 2687 3357 2923 3411; x_wconf 89' lang='lat' dir='ltr'><strong>armata</strong></span> <span class='ocrx_word' id='word_1_467' title='bbox 2953 3356 3201 3429; x_wconf 84' lang='lat' dir='ltr'><strong>praeter</strong></span> <span class='ocrx_word' id='word_1_468' title='bbox 3227 3348 3406 3412; x_wconf 89' lang='lat' dir='ltr'><strong>binos</strong></span> <span class='ocrx_word' id='word_1_469' title='bbox 3437 3351 3693 3418; x_wconf 89' lang='lat' dir='ltr'><strong>intimos</strong></span> <span class='ocrx_word' id='word_1_470' title='bbox 3733 3360 4013 3423; x_wconf 86' lang='lat' dir='ltr'><strong>Cubicu-</strong></span> 
     </span>
     <span class='ocr_line' id='line_1_78' title="bbox 2438 3440 4012 3532; baseline 0.011 -29"><span class='ocrx_word' id='word_1_471' title='bbox 2438 3440 2633 3506; x_wconf 91' lang='lat' dir='ltr'><strong>larios</strong></span> <span class='ocrx_word' id='word_1_472' title='bbox 2660 3485 2681 3514; x_wconf 99' lang='lat'><strong>,</strong></span> <span class='ocrx_word' id='word_1_473' title='bbox 2711 3443 2817 3525; x_wconf 89' lang='lat' dir='ltr'><strong>qui</strong></span> <span class='ocrx_word' id='word_1_474' title='bbox 2847 3444 2924 3506; x_wconf 90' lang='lat' dir='ltr'><strong>ad</strong></span> <span class='ocrx_word' id='word_1_475' title='bbox 2959 3444 3353 3527; x_wconf 87' lang='lat' dir='ltr'><strong>majestatem</strong></span> <span class='ocrx_word' id='word_1_476' title='bbox 3405 3447 3614 3527; x_wconf 84' lang='lat' dir='ltr'><strong>potius</strong></span> <span class='ocrx_word' id='word_1_477' title='bbox 3669 3472 3868 3532; x_wconf 86' lang='lat' dir='ltr'><strong>quam</strong></span> <span class='ocrx_word' id='word_1_478' title='bbox 3927 3457 4012 3520; x_wconf 86' lang='lat' dir='ltr'><strong>ad</strong></span> 
     </span>
     <span class='ocr_line' id='line_1_79' title="bbox 2440 3537 4018 3622; baseline 0.008 -20"><span class='ocrx_word' id='word_1_479' title='bbox 2440 3537 2701 3605; x_wconf 89' lang='lat' dir='ltr'><strong>tutelam</strong></span> <span class='ocrx_word' id='word_1_480' title='bbox 2736 3540 2860 3604; x_wconf 90' lang='lat' dir='ltr'><strong>duo</strong></span> <span class='ocrx_word' id='word_1_481' title='bbox 2891 3541 3198 3605; x_wconf 83' lang='lat' dir='ltr'><strong>Pavonica</strong></span> <span class='ocrx_word' id='word_1_482' title='bbox 3229 3542 3505 3607; x_wconf 81' lang='lat' dir='ltr'><strong>Flabella</strong></span> <span class='ocrx_word' id='word_1_483' title='bbox 3535 3547 3616 3609; x_wconf 90' lang='lat' dir='ltr'><strong>ab</strong></span> <span class='ocrx_word' id='word_1_484' title='bbox 3646 3568 3768 3612; x_wconf 87' lang='lat' dir='ltr'><strong>una</strong></span> <span class='ocrx_word' id='word_1_485' title='bbox 3799 3560 3867 3622; x_wconf 82' lang='lat' dir='ltr'><strong>et</strong></span> <span class='ocrx_word' id='word_1_486' title='bbox 3922 3552 4018 3617; x_wconf 85' lang='lat' dir='ltr'><strong>al·</strong></span> 
     </span>
     <span class='ocr_line' id='line_1_80' title="bbox 2437 3636 4022 3719; baseline 0.009 -20"><span class='ocrx_word' id='word_1_487' title='bbox 2437 3643 2573 3700; x_wconf 86' lang='lat' dir='ltr'><strong>tera</strong></span> <span class='ocrx_word' id='word_1_488' title='bbox 2606 3636 2785 3700; x_wconf 86' lang='lat' dir='ltr'><strong>sedis</strong></span> <span class='ocrx_word' id='word_1_489' title='bbox 2818 3646 2992 3719; x_wconf 83' lang='lat' dir='ltr'><strong>parte</strong></span> <span class='ocrx_word' id='word_1_490' title='bbox 3021 3648 3230 3704; x_wconf 84' lang='lat' dir='ltr'><strong>erecta</strong></span> <span class='ocrx_word' id='word_1_491' title='bbox 3263 3639 3621 3716; x_wconf 83' lang='lat' dir='ltr'><strong>sustulere,</strong></span> <span class='ocrx_word' id='word_1_492' title='bbox 3664 3647 3879 3712; x_wconf 88' lang='lat' dir='ltr'><strong>statim</strong></span> <span class='ocrx_word' id='word_1_493' title='bbox 3941 3670 4022 3714; x_wconf 83' lang='lat' dir='ltr'><strong>ac</strong></span> 
     </span>
    </p>
   </div>
   <div class='ocr_carea' id='block_1_8' title="bbox 2442 3733 4096 3823">
    <p class='ocr_par' dir='ltr' id='par_1_18' title="bbox 2442 3733 4096 3823">
     <span class='ocr_line' id='line_1_81' title="bbox 2442 3733 4096 3823; baseline 0.008 -26"><span class='ocrx_word' id='word_1_494' title='bbox 2442 3739 2604 3814; x_wconf 87' lang='lat' dir='ltr'><strong>Papa</strong></span> <span class='ocrx_word' id='word_1_495' title='bbox 2635 3741 2810 3798; x_wconf 81' lang='lat' dir='ltr'><strong>extra</strong></span> <span class='ocrx_word' id='word_1_496' title='bbox 2836 3733 3078 3800; x_wconf 83' lang='lat' dir='ltr'><strong>ferreos</strong></span> <span class='ocrx_word' id='word_1_497' title='bbox 3109 3736 3335 3801; x_wconf 85' lang='lat' dir='ltr'><strong>sacelli</strong></span> <span class='ocrx_word' id='word_1_498' title='bbox 3388 3740 3626 3823; x_wconf 77' lang='lat' dir='ltr'><strong>syxtini</strong></span> <span class='ocrx_word' id='word_1_499' title='bbox 3687 3746 4018 3810; x_wconf 76' lang='lat' dir='ltr'><strong>cancellos</strong></span> <span class='ocrx_word' id='word_1_500' title='bbox 4095 3789 4096 3796; x_wconf 41' lang='lat'>1</span> 
     </span>
    </p>
   </div>
   <div class='ocr_carea' id='block_1_9' title="bbox 2443 3832 4017 5181">
    <p class='ocr_par' dir='ltr' id='par_1_19' title="bbox 2443 3832 4017 5181">
     <span class='ocr_line' id='line_1_82' title="bbox 2444 3832 4016 3920; baseline 0.008 -27"><span class='ocrx_word' id='word_1_501' title='bbox 2444 3832 2691 3896; x_wconf 90' lang='lat' dir='ltr'><strong>delatus</strong></span> <span class='ocrx_word' id='word_1_502' title='bbox 2722 3832 2840 3896; x_wconf 89' lang='lat' dir='ltr'><strong>sub</strong></span> <span class='ocrx_word' id='word_1_503' title='bbox 2873 3833 3101 3914; x_wconf 86' lang='lat' dir='ltr'><strong>pensili</strong></span> <span class='ocrx_word' id='word_1_504' title='bbox 3138 3832 3424 3905; x_wconf 86' lang='lat' dir='ltr'><strong>umbella</strong></span> <span class='ocrx_word' id='word_1_505' title='bbox 3479 3846 3784 3920; x_wconf 74' lang='lat' dir='ltr'><strong>exceptus</strong></span> <span class='ocrx_word' id='word_1_506' title='bbox 3843 3843 3970 3908; x_wconf 75' lang='grc'>1611</span> <span class='ocrx_word' id='word_1_507' title='bbox 3991 3870 4016 3917; x_wconf 71' lang='grc' dir='ltr'>ς</span> 
     </span>
     <span class='ocr_line' id='line_1_83' title="bbox 2446 3928 4010 4018; baseline 0.008 -27"><span class='ocrx_word' id='word_1_508' title='bbox 2446 3928 2628 4013; x_wconf 80' lang='lat' dir='ltr'><strong>hujus</strong></span> <span class='ocrx_word' id='word_1_509' title='bbox 2656 3936 2866 3994; x_wconf 82' lang='lat' dir='ltr'><strong>nutem</strong></span> <span class='ocrx_word' id='word_1_510' title='bbox 2896 3929 3224 4002; x_wconf 75' lang='grc'>6161161166,</span> <span class='ocrx_word' id='word_1_511' title='bbox 3241 3929 3455 3997; x_wconf 86' lang='lat' dir='ltr'><strong>hastas</strong></span> <span class='ocrx_word' id='word_1_512' title='bbox 3504 3944 3765 4018; x_wconf 79' lang='lat' dir='ltr'><strong>argento</strong></span> <span class='ocrx_word' id='word_1_513' title='bbox 3805 3938 4010 4008; x_wconf 76' lang='lat' dir='ltr'><strong>illitas</strong></span> 
     </span>
     <span class='ocr_line' id='line_1_84' title="bbox 2443 4026 4011 4119; baseline 0.004 -27"><span class='ocrx_word' id='word_1_514' title='bbox 2443 4035 2585 4092; x_wconf 90' lang='lat' dir='ltr'><strong>octo</strong></span> <span class='ocrx_word' id='word_1_515' title='bbox 2617 4026 3043 4091; x_wconf 77' lang='lat' dir='ltr'><strong>Referendarii</strong></span> <span class='ocrx_word' id='word_1_516' title='bbox 3074 4046 3189 4110; x_wconf 89' lang='lat' dir='ltr'><strong>per</strong></span> <span class='ocrx_word' id='word_1_517' title='bbox 3214 4027 3387 4092; x_wconf 80' lang='lat' dir='ltr'><strong>vices</strong></span> <span class='ocrx_word' id='word_1_518' title='bbox 3434 4032 3714 4096; x_wconf 83' lang='lat' dir='ltr'><strong>mutandi</strong></span> <span class='ocrx_word' id='word_1_519' title='bbox 3774 4036 4011 4119; x_wconf 85' lang='lat' dir='ltr'><strong>depor-</strong></span> 
     </span>
     <span class='ocr_line' id='line_1_85' title="bbox 2443 4123 4017 4200; baseline 0.006 -13"><span class='ocrx_word' id='word_1_520' title='bbox 2443 4129 2672 4187; x_wconf 86' lang='lat' dir='ltr'><strong>tarunt.</strong></span> <span class='ocrx_word' id='word_1_521' title='bbox 2725 4129 2871 4187; x_wconf 88' lang='lat' dir='ltr'><strong>Post</strong></span> <span class='ocrx_word' id='word_1_522' title='bbox 2927 4123 3291 4188; x_wconf 84' lang='lat' dir='ltr'><strong>Pontificem</strong></span> <span class='ocrx_word' id='word_1_523' title='bbox 3344 4125 3479 4192; x_wconf 83' lang='lat' dir='ltr'><strong>ibat</strong></span> <span class='ocrx_word' id='word_1_524' title='bbox 3536 4131 3785 4200; x_wconf 84' lang='lat' dir='ltr'><strong>medius</strong></span> <span class='ocrx_word' id='word_1_525' title='bbox 3841 4136 4017 4200; x_wconf 76' lang='lat' dir='ltr'><strong>inter</strong></span> 
     </span>
     <span class='ocr_line' id='line_1_86' title="bbox 2446 4219 4012 4307; baseline 0.008 -24"><span class='ocrx_word' id='word_1_526' title='bbox 2446 4221 2603 4288; x_wconf 90' lang='lat' dir='ltr'><strong>duos</strong></span> <span class='ocrx_word' id='word_1_527' title='bbox 2629 4220 3018 4286; x_wconf 82' lang='lat' dir='ltr'><strong>Assistentes</strong></span> <span class='ocrx_word' id='word_1_528' title='bbox 3058 4219 3312 4286; x_wconf 89' lang='lat' dir='ltr'><strong>intimos</strong></span> <span class='ocrx_word' id='word_1_529' title='bbox 3371 4224 3510 4307; x_wconf 82' lang='lat' dir='ltr'><strong>ejus</strong></span> <span class='ocrx_word' id='word_1_530' title='bbox 3568 4230 4012 4298; x_wconf 84' lang='lat' dir='ltr'><strong>Cubicularios</strong></span> 
     </span>
     <span class='ocr_line' id='line_1_87' title="bbox 2446 4318 4012 4395; baseline 0.008 -11"><span class='ocrx_word' id='word_1_531' title='bbox 2446 4327 2515 4384; x_wconf 77' lang='lat' dir='ltr'><strong>B.</strong></span> <span class='ocrx_word' id='word_1_532' title='bbox 2543 4326 2609 4384; x_wconf 84' lang='lat' dir='ltr'><strong>P.</strong></span> <span class='ocrx_word' id='word_1_533' title='bbox 2643 4324 2712 4381; x_wconf 84' lang='lat' dir='ltr'><strong>D.</strong></span> <span class='ocrx_word' id='word_1_534' title='bbox 2744 4319 3017 4383; x_wconf 75' lang='grc'>11611666</span> <span class='ocrx_word' id='word_1_535' title='bbox 3045 4318 3266 4383; x_wconf 71' lang='lat' dir='ltr'><strong>nmini</strong></span> <span class='ocrx_word' id='word_1_536' title='bbox 3299 4326 3522 4387; x_wconf 86' lang='lat' dir='ltr'><strong>Sacrae</strong></span> <span class='ocrx_word' id='word_1_537' title='bbox 3561 4331 3761 4393; x_wconf 82' lang='lat' dir='ltr'><strong>Rotae</strong></span> <span class='ocrx_word' id='word_1_538' title='bbox 3819 4332 4012 4395; x_wconf 78' lang='lat' dir='ltr'><strong>Audi-</strong></span> 
     </span>
     <span class='ocr_line' id='line_1_88' title="bbox 2445 4414 4014 4502; baseline 0.008 -22"><span class='ocrx_word' id='word_1_539' title='bbox 2445 4416 2585 4480; x_wconf 91' lang='lat' dir='ltr'><strong>torii</strong></span> <span class='ocrx_word' id='word_1_540' title='bbox 2618 4422 2901 4479; x_wconf 89' lang='lat' dir='ltr'><strong>Decanus</strong></span> <span class='ocrx_word' id='word_1_541' title='bbox 2930 4416 3068 4499; x_wconf 86' lang='lat' dir='ltr'><strong>pari</strong></span> <span class='ocrx_word' id='word_1_542' title='bbox 3096 4414 3494 4502; x_wconf 81' lang='lat' dir='ltr'><strong>collegarum</strong></span> <span class='ocrx_word' id='word_1_543' title='bbox 3523 4442 3781 4488; x_wconf 83' lang='lat' dir='ltr'><strong>suorum</strong></span> <span class='ocrx_word' id='word_1_544' title='bbox 3831 4427 4014 4493; x_wconf 79' lang='lat' dir='ltr'><strong>babi-</strong></span> 
     </span>
     <span class='ocr_line' id='line_1_89' title="bbox 2448 4512 4009 4602; baseline 0.003 -23"><span class='ocrx_word' id='word_1_545' title='bbox 2448 4522 2512 4579; x_wconf 91' lang='lat' dir='ltr'><strong>tu</strong></span> <span class='ocrx_word' id='word_1_546' title='bbox 2550 4512 2805 4577; x_wconf 89' lang='lat' dir='ltr'><strong>indutus</strong></span> <span class='ocrx_word' id='word_1_547' title='bbox 2832 4555 2852 4585; x_wconf 91' lang='lat'><strong>,</strong></span> <span class='ocrx_word' id='word_1_548' title='bbox 2884 4532 3027 4578; x_wconf 92' lang='lat' dir='ltr'><strong>cum</strong></span> <span class='ocrx_word' id='word_1_549' title='bbox 3061 4512 3225 4578; x_wconf 88' lang='lat' dir='ltr'><strong>linea</strong></span> <span class='ocrx_word' id='word_1_550' title='bbox 3256 4514 3410 4580; x_wconf 82' lang='lat' dir='ltr'><strong>vitta</strong></span> <span class='ocrx_word' id='word_1_551' title='bbox 3435 4535 3473 4579; x_wconf 88' lang='lat' dir='ltr'><strong>e</strong></span> <span class='ocrx_word' id='word_1_552' title='bbox 3504 4516 3673 4584; x_wconf 86' lang='lat' dir='ltr'><strong>collo</strong></span> <span class='ocrx_word' id='word_1_553' title='bbox 3727 4523 4009 4602; x_wconf 73' lang='lat' dir='ltr'><strong>penden-</strong></span> 
     </span>
     <span class='ocr_line' id='line_1_90' title="bbox 2447 4609 4012 4692; baseline -0.001 -18"><span class='ocrx_word' id='word_1_554' title='bbox 2447 4617 2510 4675; x_wconf 90' lang='lat' dir='ltr'><strong>te</strong></span> <span class='ocrx_word' id='word_1_555' title='bbox 2537 4612 2614 4674; x_wconf 94' lang='lat' dir='ltr'><strong>ad</strong></span> <span class='ocrx_word' id='word_1_556' title='bbox 2649 4609 3115 4692; x_wconf 88' lang='lat' dir='ltr'><strong>suscipiendam</strong></span> <span class='ocrx_word' id='word_1_557' title='bbox 3147 4610 3396 4676; x_wconf 75' lang='lat' dir='ltr'><strong>Mitram</strong></span> <span class='ocrx_word' id='word_1_558' title='bbox 3416 4654 3438 4685; x_wconf 92' lang='lat'><strong>,</strong></span> <span class='ocrx_word' id='word_1_559' title='bbox 3468 4633 3612 4677; x_wconf 91' lang='lat' dir='ltr'><strong>cum</strong></span> <span class='ocrx_word' id='word_1_560' title='bbox 3655 4635 3798 4683; x_wconf 87' lang='grc'>66111</span> <span class='ocrx_word' id='word_1_561' title='bbox 3858 4630 4012 4687; x_wconf 80' lang='lat' dir='ltr'><strong>Pon..</strong></span> 
     </span>
     <span class='ocr_line' id='line_1_91' title="bbox 2446 4707 4014 4790; baseline -0.002 -19"><span class='ocrx_word' id='word_1_562' title='bbox 2446 4707 2608 4775; x_wconf 81' lang='lat' dir='ltr'><strong>tifex</strong></span> <span class='ocrx_word' id='word_1_563' title='bbox 2637 4709 3024 4790; x_wconf 86' lang='lat' dir='ltr'><strong>deponeret,</strong></span> <span class='ocrx_word' id='word_1_564' title='bbox 3055 4717 3407 4789; x_wconf 88' lang='lat' dir='ltr'><strong>opportune</strong></span> <span class='ocrx_word' id='word_1_565' title='bbox 3436 4709 3808 4781; x_wconf 83' lang='lat' dir='ltr'><strong>destinatus:</strong></span> <span class='ocrx_word' id='word_1_566' title='bbox 3831 4719 4014 4783; x_wconf 82' lang='lat' dir='ltr'><strong>clau-</strong></span> 
     </span>
     <span class='ocr_line' id='line_1_92' title="bbox 2449 4804 4009 4891; baseline -0.003 -21"><span class='ocrx_word' id='word_1_567' title='bbox 2449 4808 2681 4872; x_wconf 84' lang='lat' dir='ltr'><strong>debant</strong></span> <span class='ocrx_word' id='word_1_568' title='bbox 2717 4813 3066 4872; x_wconf 78' lang='lat' dir='ltr'><strong>extremam</strong></span> <span class='ocrx_word' id='word_1_569' title='bbox 3094 4804 3575 4886; x_wconf 81' lang='lat' dir='ltr'><strong>supplicationis</strong></span> <span class='ocrx_word' id='word_1_570' title='bbox 3599 4820 3841 4891; x_wconf 82' lang='lat' dir='ltr'><strong>partem</strong></span> <span class='ocrx_word' id='word_1_571' title='bbox 3864 4822 4009 4882; x_wconf 80' lang='lat' dir='ltr'><strong>Pro.</strong></span> 
     </span>
     <span class='ocr_line' id='line_1_93' title="bbox 2452 4901 4011 4991; baseline -0.001 -21"><span class='ocrx_word' id='word_1_572' title='bbox 2452 4904 2741 4970; x_wconf 89' lang='lat' dir='ltr'><strong>tonotarii</strong></span> <span class='ocrx_word' id='word_1_573' title='bbox 2764 4949 2784 4978; x_wconf 87' lang='lat'>‚</span> <span class='ocrx_word' id='word_1_574' title='bbox 2811 4902 3048 4983; x_wconf 87' lang='lat' dir='ltr'><strong>aliique</strong></span> <span class='ocrx_word' id='word_1_575' title='bbox 3076 4901 3358 4966; x_wconf 84' lang='lat' dir='ltr'><strong>nonnulli</strong></span> <span class='ocrx_word' id='word_1_576' title='bbox 3385 4904 3650 4981; x_wconf 76' lang='lat' dir='ltr'><strong>Praelati</strong></span> <span class='ocrx_word' id='word_1_577' title='bbox 3674 4949 3695 4981; x_wconf 90' lang='lat'><strong>,</strong></span> <span class='ocrx_word' id='word_1_578' title='bbox 3757 4912 3864 4991; x_wconf 78' lang='lat' dir='ltr'><strong>qui</strong></span> <span class='ocrx_word' id='word_1_579' title='bbox 3915 4933 4011 4978; x_wconf 59' lang='grc' dir='ltr'><strong>οι</strong></span> 
     </span>
     <span class='ocr_line' id='line_1_94' title="bbox 2448 4998 4010 5090; baseline 0.006 -26"><span class='ocrx_word' id='word_1_580' title='bbox 2448 5001 2779 5084; x_wconf 80' lang='lat' dir='ltr'><strong>privilegio</strong></span> <span class='ocrx_word' id='word_1_581' title='bbox 2808 5019 3030 5065; x_wconf 88' lang='lat' dir='ltr'><strong>eorum</strong></span> <span class='ocrx_word' id='word_1_582' title='bbox 3060 5019 3315 5064; x_wconf 85' lang='lat' dir='ltr'><strong>scamno</strong></span> <span class='ocrx_word' id='word_1_583' title='bbox 3370 4998 3624 5066; x_wconf 83' lang='lat' dir='ltr'><strong>fuerant</strong></span> <span class='ocrx_word' id='word_1_584' title='bbox 3681 5007 3956 5090; x_wconf 85' lang='lat' dir='ltr'><strong>adjuncti</strong></span> <span class='ocrx_word' id='word_1_585' title='bbox 3981 5035 4010 5086; x_wconf 62' lang='grc' dir='ltr'><strong>ς</strong></span> 
     </span>
     <span class='ocr_line' id='line_1_95' title="bbox 2453 5089 4011 5181; baseline -0.003 -16"><span class='ocrx_word' id='word_1_586' title='bbox 2453 5110 2755 5181; x_wconf 83' lang='lat' dir='ltr'><strong>utrosque</strong></span> <span class='ocrx_word' id='word_1_587' title='bbox 2789 5107 2992 5160; x_wconf 88' lang='lat' dir='ltr'><strong>tamen</strong></span> <span class='ocrx_word' id='word_1_588' title='bbox 3019 5089 3220 5176; x_wconf 74' lang='lat' dir='ltr'><strong>cappa</strong></span> <span class='ocrx_word' id='word_1_589' title='bbox 3255 5116 3476 5180; x_wconf 75' lang='lat' dir='ltr'><strong>magna</strong></span> <span class='ocrx_word' id='word_1_590' title='bbox 3500 5139 3521 5171; x_wconf 94' lang='lat'><strong>,</strong></span> <span class='ocrx_word' id='word_1_591' title='bbox 3574 5108 3644 5162; x_wconf 90' lang='lat' dir='ltr'><strong>ut</strong></span> <span class='ocrx_word' id='word_1_592' title='bbox 3671 5114 3874 5169; x_wconf 69' lang='lat' dir='ltr'><strong>erant·</strong></span> <span class='ocrx_word' id='word_1_593' title='bbox 3906 5127 4011 5170; x_wconf 71' lang='lat' dir='ltr'><strong>ve.</strong></span> 
     </span>
    </p>
   </div>
   <div class='ocr_carea' id='block_1_10' title="bbox 777 5192 4006 5276">
    <p class='ocr_par' dir='ltr' id='par_1_20' title="bbox 777 5192 4006 5276">
     <span class='ocr_line' id='line_1_96' title="bbox 777 5192 4006 5276; baseline 0.001 -13"><span class='ocrx_word' id='word_1_594' title='bbox 777 5196 964 5263; x_wconf 86' lang='lat' dir='ltr'><strong>etiam</strong></span> <span class='ocrx_word' id='word_1_595' title='bbox 997 5196 1326 5269; x_wconf 84' lang='lat' dir='ltr'><strong>extendit,</strong></span> <span class='ocrx_word' id='word_1_596' title='bbox 1359 5197 1512 5260; x_wconf 88' lang='lat' dir='ltr'><strong>dum</strong></span> <span class='ocrx_word' id='word_1_597' title='bbox 1540 5200 1741 5264; x_wconf 87' lang='lat' dir='ltr'><strong>sacris</strong></span> <span class='ocrx_word' id='word_1_598' title='bbox 1794 5201 2079 5265; x_wconf 83' lang='lat' dir='ltr'><strong>vestibus</strong></span> <span class='ocrx_word' id='word_1_599' title='bbox 2135 5203 2339 5268; x_wconf 89' lang='lat' dir='ltr'><strong>ornati</strong></span> <span class='ocrx_word' id='word_1_600' title='bbox 2454 5198 2585 5263; x_wconf 87' lang='lat' dir='ltr'><strong>stiti</strong></span> <span class='ocrx_word' id='word_1_601' title='bbox 2609 5238 2630 5270; x_wconf 85' lang='lat'><strong>,</strong></span> <span class='ocrx_word' id='word_1_602' title='bbox 2661 5192 3122 5262; x_wconf 80' lang='lat' dir='ltr'><strong>antecedebant</strong></span> <span class='ocrx_word' id='word_1_603' title='bbox 3147 5200 3270 5255; x_wconf 79' lang='lat' dir='ltr'><strong>BR.</strong></span> <span class='ocrx_word' id='word_1_604' title='bbox 3301 5199 3414 5257; x_wconf 66' lang='grc' dir='ltr'><strong>ΡΙ).</strong></span> <span class='ocrx_word' id='word_1_605' title='bbox 3448 5201 3568 5258; x_wconf 79' lang='lat' dir='ltr'><strong>m).</strong></span> <span class='ocrx_word' id='word_1_606' title='bbox 3600 5195 4006 5276; x_wconf 66' lang='lat' dir='ltr'><strong>Flavinscbi⁴</strong></span> 
     </span>
    </p>
   </div>
   <div class='ocr_carea' id='block_1_11' title="bbox 644 5294 2341 5382">
    <p class='ocr_par' dir='ltr' id='par_1_21' title="bbox 644 5294 2341 5382">
     <span class='ocr_line' id='line_1_97' title="bbox 644 5294 2341 5382; baseline 0.002 -23"><span class='ocrx_word' id='word_1_607' title='bbox 644 5371 655 5382; x_wconf 38' lang='grc'><strong><em>,</em></strong></span> <span class='ocrx_word' id='word_1_608' title='bbox 776 5296 1155 5364; x_wconf 87' lang='lat' dir='ltr'><strong>interessent</strong></span> <span class='ocrx_word' id='word_1_609' title='bbox 1183 5294 1245 5357; x_wconf 91' lang='lat' dir='ltr'><strong>in</strong></span> <span class='ocrx_word' id='word_1_610' title='bbox 1277 5295 1600 5364; x_wconf 84' lang='lat' dir='ltr'><strong>Pontificio</strong></span> <span class='ocrx_word' id='word_1_611' title='bbox 1648 5297 1932 5373; x_wconf 87' lang='lat' dir='ltr'><strong>sacello,</strong></span> <span class='ocrx_word' id='word_1_612' title='bbox 1989 5299 2088 5364; x_wconf 79' lang='lat' dir='ltr'><strong>vel</strong></span> <span class='ocrx_word' id='word_1_613' title='bbox 2146 5300 2341 5374; x_wconf 89' lang='lat' dir='ltr'><strong>alibi,</strong></span> 
     </span>
    </p>
   </div>
   <div class='ocr_carea' id='block_1_12' title="bbox 2453 5289 4014 5380">
    <p class='ocr_par' dir='ltr' id='par_1_22' title="bbox 2453 5289 4014 5380">
     <span class='ocr_line' id='line_1_98' title="bbox 2453 5289 4014 5380; baseline 0.001 -19"><span class='ocrx_word' id='word_1_614' title='bbox 2453 5297 2582 5363; x_wconf 87' lang='lat' dir='ltr'><strong>sius</strong></span> <span class='ocrx_word' id='word_1_615' title='bbox 2604 5337 2627 5367; x_wconf 95' lang='lat'><strong>,</strong></span> <span class='ocrx_word' id='word_1_616' title='bbox 2655 5300 2720 5358; x_wconf 86' lang='lat' dir='ltr'><strong>et</strong></span> <span class='ocrx_word' id='word_1_617' title='bbox 2752 5297 3025 5356; x_wconf 72' lang='lat' dir='ltr'><strong>loannes</strong></span> <span class='ocrx_word' id='word_1_618' title='bbox 3073 5289 3343 5371; x_wconf 81' lang='lat' dir='ltr'><strong>Baptista</strong></span> <span class='ocrx_word' id='word_1_619' title='bbox 3402 5297 3673 5358; x_wconf 75' lang='lat' dir='ltr'><strong>Mesmer</strong></span> <span class='ocrx_word' id='word_1_620' title='bbox 3693 5337 3715 5367; x_wconf 90' lang='lat'><strong>,</strong></span> <span class='ocrx_word' id='word_1_621' title='bbox 3773 5298 4014 5380; x_wconf 77' lang='grc'>11116166</span> 
     </span>
    </p>
   </div>
   <div class='ocr_carea' id='block_1_13' title="bbox 777 5384 4012 5481">
    <p class='ocr_par' dir='ltr' id='par_1_23' title="bbox 777 5384 4012 5481">
     <span class='ocr_line' id='line_1_99' title="bbox 777 5384 4012 5481; baseline -0 -24"><span class='ocrx_word' id='word_1_622' title='bbox 777 5402 1003 5460; x_wconf 82' lang='lat' dir='ltr'><strong>nactus</strong></span> <span class='ocrx_word' id='word_1_623' title='bbox 1037 5391 1435 5460; x_wconf 79' lang='lat' dir='ltr'><strong>occasionem</strong></span> <span class='ocrx_word' id='word_1_624' title='bbox 1495 5393 1752 5458; x_wconf 88' lang='lat' dir='ltr'><strong>concilii</strong></span> <span class='ocrx_word' id='word_1_625' title='bbox 1810 5395 2115 5472; x_wconf 83' lang='lat' dir='ltr'><strong>Romani,</strong></span> <span class='ocrx_word' id='word_1_626' title='bbox 2176 5395 2346 5481; x_wconf 83' lang='lat' dir='ltr'><strong>quod</strong></span> <span class='ocrx_word' id='word_1_627' title='bbox 2457 5391 2758 5462; x_wconf 78' lang='lat' dir='ltr'><strong>Auditor,</strong></span> <span class='ocrx_word' id='word_1_628' title='bbox 2787 5385 2946 5452; x_wconf 87' lang='lat' dir='ltr'><strong>alter</strong></span> <span class='ocrx_word' id='word_1_629' title='bbox 2974 5384 3422 5454; x_wconf 80' lang='lat' dir='ltr'><strong>Thesaurarius</strong></span> <span class='ocrx_word' id='word_1_630' title='bbox 3449 5392 3754 5457; x_wconf 83' lang='grc'>06616166</span> <span class='ocrx_word' id='word_1_631' title='bbox 3817 5401 4012 5462; x_wconf 51' lang='lat' dir='ltr'><strong>cene*</strong></span> 
     </span>
    </p>
   </div>
   <div class='ocr_carea' id='block_1_14' title="bbox 4099 3259 4135 3290">
    <p class='ocr_par' dir='ltr' id='par_1_24' title="bbox 4099 3259 4135 3290">
     <span class='ocr_line' id='line_1_100' title="bbox 4099 3259 4135 3290; baseline 0 0"><span class='ocrx_word' id='word_1_632' title='bbox 4099 3259 4135 3290; x_wconf 60' lang='lat' dir='ltr'><strong>X</strong></span> 
     </span>
    </p>
   </div>
  </div>
 </body>
</html>
