4442 6300
1555 482 1901 550 Qumqux
1943 479 2410 547 “neronum
2453 480 2618 531 mc.

452 637 651 699 buntio
681 637 803 705 ritu
824 673 845 703 ,
874 634 1306 709 praeeuntibus
1342 632 1844 692 Eminentissimis
1890 630 2005 688 Pa·

450 738 637 794 tribus
656 738 914 794 dextera
942 749 1124 790 manu
1147 746 1462 790 accensum
1494 731 1733 789 Cererem
1762 737 2004 801 pestan-

450 836 638 900 tibus,
668 849 751 891 ecc
783 823 989 889 eodem
1023 831 1264 890 Sacello
1298 832 1363 888 in
1398 830 1725 887 Basilicam
1769 827 2000 901 Vatica-

450 944 587 989 nam
635 932 975 1003 deseretur,
1544 936 1549 943 ·

578 1026 1060 1085 Eminentissimi
1089 1065 1109 1094 ,
1175 1032 1237 1082 et
1304 1021 1805 1083 Reverendissimi
1869 1021 2002 1078 nt).

450 1125 839 1195 'Cardinales,
863 1124 1026 1181 o'mni
1053 1124 1181 1181 alio
1211 1123 1504 1180 comitatu
1528 1100 1773 1192 penitus
1794 1118 2006 1201 exclu-

450 1238 557 1290 so,
589 1221 871 1280 cubiculi
902 1220 1243 1296 Praefecto,
1274 1226 1330 1276 et
1370 1218 1740 1276 Caudatario
1770 1224 2007 1276 tantum

452 1325 717 1377 utentur.

593 1414 667 1471 ln
706 1402 978 1491 Basilica
1025 1419 1166 1471 ante
1209 1409 1704 1486 Angustissimum
1739 1410 2005 1470 SACRA-

448 1512 774 1574 MENTUM
816 1512 1094 1586 publicae
1121 1510 1503 1569 venerationi
1536 1509 1880 1582 expositum
1903 1549 1921 1577 ,
1953 1517 2011 1568 et

455 1617 594 1671 ante
643 1608 984 1681 Principem
1032 1606 1213 1671 Aram
1242 1622 1456 1680 preces
1503 1608 1816 1682 effundent.
1853 1606 2011 1665 Mox

448 1707 557 1765 ubi
584 1706 1016 1769 sanctissimus
1048 1704 1242 1763 Pater
1267 1707 1331 1762 in
1365 1703 1532 1764 Solio
1564 1722 1625 1764 se
1657 1720 2012 1780 composue-

448 1804 562 1871 rit,
606 1804 666 1860 ei
716 1801 1126 1864 obedientiam
1169 1808 1296 1861 una
1347 1818 1480 1858 cum
1531 1802 1674 1859 aliis
1724 1816 1806 1860 ια,-
1851 1814 2011 1859 more

446 1902 848 1974 praestabunt
866 1920 890 1969 ‚-
923 1913 1245 1974 sacraeque
1278 1896 1519 1956 actioni
1553 1898 1867 1956 sollemnis
1904 1898 2015 1956 Ca·

445 2000 867 2057 nonizationis
931 1999 1259 2055 Beatorum
1322 1998 1624 2054 FIDELIS
1667 2012 1707 2055 a
1750 1995 2014 2055 SIGMA-

443 2096 682 2157 mNGA
708 2137 726 2159 ,
763 2097 1071 2163 GAMtLLI
1104 2095 1489 2164 demum,
1517 2094 1751 2154 PETRI
1779 2095 2014 2153 ΗΒΕΑ·

442 2194 657 2259 LATI,
704 2194 1021 2252 JOSEPHI
1062 2207 1102 2250 a
1143 2191 1514 2250 LEoNtsSA
1548 2197 1607 2248 et
1643 2189 2017 2249 CATHARI-

441 2288 565 2349 ΝΕ
606 2292 675 2348 de
708 2288 1009 2355 umens,
1054 2288 1175 2347 Deo
1201 2287 1546 2359 inspirante
1571 2324 1593 2357 ‚
1620 2301 1738 2359 per
1773 2285 2010 2345 Sancti·

448 2395 631 2444 tatem
656 2385 840 2444 Suam
870 2388 1321 2458 persolvendae,
1354 2402 1427 2444 ac
1457 2384 1690 2443 Missae
1722 2399 1834 2455 per
1851 2400 2008 2443 eam-

445 2487 576 2541 dem
620 2485 868 2541 subinde
903 2486 1285 2542 celebrandae
1312 2483 1498 2545 simul
1531 2484 1885 2541 interemant.

580 2582 853 2653 Eoepleta
901 2582 1127 2654 Papali
1172 2582 1383 2650 Missa,
1428 2583 1784 2641 indumenta
1826 2594 2009 2639 sacra

445 2694 653 2736 omnes
693 2683 1034 2751 deponent,
1075 2680 1332 2753 Cappas
1357 2686 1691 2747 resument,
1745 2685 1807 2737 et
1846 2686 2010 2752 post·

447 2791 627 2850 qnam
657 2776 947 2855 Pontifex
972 2777 1042 2834 in
1077 2777 1355 2837 Tentoria
1387 2778 1467 2835 ad
1493 2777 1606 2834 boc
1634 2782 2005 2849 praeparato

449 2862 837 2948 Pontificales
895 2874 1093 2931 Vestes
1137 2867 1474 2942 dimiserit,
1521 2880 1580 2931 et
1637 2887 1677 2932 a
1736 2872 2009 2930 Basilica

449 2973 838 3042 discesserit,
870 2972 994 3044 ipsi
1035 2973 1116 3030 ad
1157 2971 1410 3044 propria
1450 2973 1693 3045 pariter
1730 2974 2013 3045 remiqra·

452 3070 620 3131 bunt.

579 3166 928 3236 Quindecim
960 3165 1434 3224 Eminentissimi
1475 3165 1611 3224 DD.
1658 3166 2014 3224 cardinales

450 3263 919 3336 Gonyreoationi
976 3261 1296 3320 Sacrorum
1345 3263 1588 3320 Rituum
1625 3253 2008 3333 praepositi,

449 3360 827 3434 antiquiores
854 3359 922 3414 in
947 3371 1311 3431 unoquoque
1355 3360 1567 3415 ordine
1592 3397 1612 3424 ,
1645 3361 1703 3416 si
1728 3358 1825 3433 fas
1858 3360 2018 3428 erit,

446 3457 758 3529 tripartito
804 3451 1147 3513 assumendi
1180 3450 1532 3514 Oblationes
1562 3471 1599 3513 a
1632 3457 1860 3514 duobus
1890 3454 2011 3514 No·

445 3556 667 3613 bilibus
710 3566 920 3609 eorum
966 3552 1298 3620 respective
1356 3552 1786 3610 Familiaribus
1832 3554 2017 3612 talari

455 3652 625 3722 Veste
656 3650 886 3705 indutis
928 3648 1162 3704 delatas
1192 3635 1534 3707 reverenter
1565 3652 1634 3707 de
1662 3663 1823 3708 more
1864 3649 2016 3709 San·

445 3749 654 3814 etitati
692 3746 846 3805 Suae
874 3746 1366 3817 praesentabunt.

578 3844 783 3910 Prima
812 3842 928 3900 bac
963 3850 1132 3899 nocte
1155 3882 1175 3911 ,
1206 3850 1262 3899 et
1290 3846 1523 3914 pariter
1548 3847 1862 3917 sequentis
1890 3845 2014 3902 diei

445 3945 623 4015 dona
663 3941 940 3999 laetitiae
968 3941 1102 4009 fieri
1128 3942 1499 3999 mandabunt
1531 3955 1669 4000 cum
1695 3942 2012 4002 huninari·

450 4041 560 4099 bus
582 4075 605 4108 ,
649 4029 717 4096 et'
750 4036 920 4111 festis
962 4036 1218 4109 ionibus.

588 4135 732 4195 Ideo
775 4136 1137 4193 intimentur
1177 4147 1425 4199 omnes,
1471 4140 1532 4193 et
1572 4134 1800 4209 singuli
1850 4134 2009 4194 Emi·

444 4233 786 4295 nentissimi
812 4268 834 4301 ‚
880 4236 938 4289 et
981 4229 1487 4304 Reverendissimi
1523 4230 1654 4306 m),
1718 4231 2014 4292 Cardina-

444 4334 571 4401 les,
609 4326 1105 4394 Reverendissimi
1137 4324 1569 4395 Patrtarcloae‚
1598 4323 2012 4401 Arcbiepisco-

437 4431 557 4502 pi‘,
601 4435 662 4489 st
692 4426 992 4500 Episcopi
1018 4426 1085 4482 in
1122 4423 1271 4484 Urbe
1310 4433 1683 4496 praesentes„
1704 4431 1826 4484 tam
1857 4424 2012 4483 Assi-

443 4534 667 4587 stentes
686 4567 707 4595 ,
749 4537 931 4600 quam
956 4537 1080 4582 non
1110 4517 1472 4579 Assistentes
1494 4561 1516 4591 ,
1546 4518 1796 4580 Abbates
1829 4519 2015 4586 Gene-¹

444 4626 605 4684 rates
642 4625 835 4683 locum
862 4622 930 4678 in
961 4618 1289 4691 Pontificia
1314 4619 1567 4692 Capella
1597 4619 1907 4687 babentes,
1935 4632 2011 4678 ac

451 4719 920 4784 Poenitentiarii
960 4716 1260 4775 Basilicas
1313 4715 1665 4775 Vaticanus.

502 4865 513 4874 .
578 4817 947 4876 Intimentur
985 4814 1166 4872 etiam
1219 4807 1605 4873 Gubernator
1638 4809 1815 4872 Urbis
1848 4813 2016 4874 Vice-

3394 484 3501 537 nu

2119 630 2319 700 darii,
2361 636 2423 687 et
2469 625 2762 686 Advocati
2809 624 3323 697 Consistoriales,
3370 638 3443 690 ut
3485 648 3690 695 omnes
3773 620 3782 629 ’

2113 727 2221 787 sub
2266 727 2533 786 eamdem
2578 725 2787 782 horam
2836 724 2906 780 in
2944 725 3316 794 praedictum
3361 726 3533 788 Sixti
3577 731 3685 792 Sa·

2117 823 2335 880 cellum
2379 823 2661 894 expedite
2706 821 3093 879 conveniant.
3233 810 3238 815 ’

2264 920 2560 995 Episcopi
2622 916 2978 978 ,desistentes
3012 958 3033 988 ,
3095 927 3152 977 et
3211 936 3333 979 non
3388 920 3681 985 Assisten·

2119 1023 2245 1087 tes,
2287 1032 2358 1075 ae
2405 1015 2663 1076 Abbates
2721 1013 3041 1076 Generales
3110 1033 3242 1075 cum
3308 1019 3685 1086 Pluvialibus

2119 1115 2362 1183 rubeis,
2406 1121 2462 1172 et
2509 1113 2694 1171 Mitra
2736 1112 3012 1185 simplici
3055 1129 3138 1174 eoe
3182 1115 3331 1179 lino.

2253 1210 2726 1270 Paenitentiarii
2748 1228 2884 1269 cum
2916 1210 2967 1267 P
2988 1212 3208 1271 lanetis
3244 1215 3474 1286 rubeis,
3513 1227 3569 1278 et
3599 1222 3716 1280 bi·‘

2120 1310 2290 1370 retis.

2245 1406 2661 1465 Protonotarii
2695 1404 3033 1478 Apostolici
3073 1425 3210 1466 cum
3260 1411 3506 1485 Cappis.

2252 1504 2492 1578 Reliqui
2521 1503 2799 1561 Praelati
2819 1543 2838 1571 ,
2870 1518 3081 1575 nempe
3121 1505 3442 1567 Auditores
3480 1511 3686 1584 Rotae,

2129 1601 2349 1658 Clerici
2374 1602 2657 1659 Gamerae
2682 1640 2703 1669 ,
2741 1601 3028 1659 Votantes
3085 1601 3448 1675 Signatume
3495 1608 3683 1667 Justi-

2124 1698 2279 1765 tiae,
2309 1694 2788 1766 Abbreviatores,
2821 1705 2877 1755 et
2913 1699 3341 1773 Referendarii
3365 1718 3499 1761 cum
3531 1707 3681 1777 Roo-

2123 1795 2375 1865 etseras,
2420 1802 2475 1851 et
2522 1794 2991 1868 Superpelliceis.

2247 1892 2541 1953 Advocati
2589 1894 3055 1952 Consistoriales
3088 1909 3224 1953 cum
3267 1896 3535 1959 Vestibus
3557 1906 3686 1962 vio·

2125 1988 2344 2058 laceis,
2389 1999 2570 2064 atque
2617 1991 2919 2061 Caputiis.

2129 2149 2519 2214 De‘Mandato
2540 2150 2917 2215 sanctissimi
2946 2152 3121 2215 Domi
3137 2153 3197 2214 ni
3230 2156 3439 2219 Nostri
3463 2166 3680 2243 Papae.

2423 2319 2701 2395 Iynatius
2729 2321 2912 2378 Reali
2931 2318 3132 2395 Apost.
3173 2323 3446 2384 caerem.
3475 2328 3680 2407 Praer.

2134 2440 2773 2544 ‘nummussmo
2792 2523 2813 2550 ‚
2860 2486 2908 2543 E
2951 2488 3627 2557 nssvssnnumssmo

2728 2582 3082 2642 Sto-Noun.

2251 2759 2578 2819 Mer-cotem
2619 2761 2717 2818 29.
2763 2760 2860 2819 del
2898 2763 3146 2820 cadente
3177 2779 3326 2825 mese
3356 2769 3421 2824 di
3450 2767 3683 2845 Giuqno

2119 2856 2277 2931 festa
2304 2852 2396 2914 de'
2416 2858 2670 2931 qloriosi
2700 2856 2879 2914 Santi
2901 2855 3185 2931 Apostoli
3213 2861 3437 2933 Pietro,
3469 2884 3497 2923 e
3533 2867 3690 2926 Pao-

2122 2952 2180 3009 lo
2210 2956 2268 3012 si
2291 2955 2555 3027 degnerd
2579 2952 2623 3011 l’
2651 2952 2984 3012 Eminenza
3023 2953 3232 3015 Vostra
3262 2966 3546 3020 mandare
3569 2968 3685 3022 due

2127 3047 2564 3109 Gentiluomini
2588 3067 2700 3110 con
2728 3051 2889 3109 abito
2920 3054 3115 3111 talare
3146 3056 3211 3112 la
3240 3060 3499 3119 mattina
3532 3065 3691 3124 della

2126 3147 2619 3209 Canonizazione
2647 3144 2745 3208 de'
2762 3149 2940 3209 Santi
2970 3149 3263 3211 FEDELE
3308 3159 3386 3213 da
3421 3159 3685 3220 StGMA·

2129 3234 2367 3304 mNGA
2393 3284 2412 3313 ,
2458 3247 2789 3305 CAfflLLo
2819 3248 2886 3306 ae
2916 3248 3208 3314 Laus,
3240 3251 3525 3314 eterno
3563 3260 3690 3316 nn-

2129 3342 2467 3411 GALATO,
2515 3344 2879 3402 GlUSEPPE
2924 3346 3002 3402 da
3044 3347 3432 3407 LEONESSA
3482 3368 3515 3409 e
3561 3354 3687 3414 CA·

2124 3438 2413 3497 TAMNA
2463 3439 2687 3506 mccl,
2747 3454 2860 3512 per
2916 3446 3112 3511 tempo
3181 3445 3347 3502 nella
3409 3447 3686 3511 Basilica

2137 3535 2474 3604 Vaticana3
2515 3551 2632 3604 con
2676 3544 3039 3595 trasmettere
3095 3543 3282 3599 anche
3327 3546 3440 3601 due
3483 3550 3688 3619 yiorni

2124 3636 2328 3708 prima
2368 3636 2396 3690 i
2434 3636 2603 3693 nomi
2642 3636 2741 3693 dei
2779 3637 3079 3694 medesimi
3122 3638 3187 3694 al
3235 3638 3361 3713 Sip.
3415 3643 3587 3704 Duca
3628 3648 3696 3706 di

2127 3730 2514 3805 Guadaynoli
2560 3731 2824 3791 Haestro
2878 3733 2977 3790 del
3029 3732 3217 3795 Sacro
3269 3735 3526 3811 Ospizio
3577 3757 3693 3816 per

2118 3830 2344 3901 poterli
2380 3830 2720 3888 introdurre
2764 3831 2868 3887 nel
2895 3830 3075 3903 luoao
3122 3833 3447 3906 destinato,
3471 3842 3689 3910 perche

2121 3928 2296 3983 siarw
2335 3927 2547 3995 pronti
2589 3928 2670 3984 ad
2695 3928 2975 3985 assistere
3020 3941 3060 3984 a
3095 3927 3308 3988 Vostra
3339 3930 3685 3997 Eminenza

2120 4023 2266 4100 nell'
2287 4018 2634 4082 Oblazioni.

2251 4213 2438 4279 Modo
2466 4201 2609 4277 huie
2639 4232 2761 4278 non
2793 4211 3071 4276 absimili
3106 4216 3460 4281 mandatum
3493 4222 3688 4288 etiam

2122 4320 2221 4377 est
2249 4314 2504 4375 Rituum
2534 4312 3045 4396 congregationis
3074 4313 3584 4393 consultoribus,
3616 4329 3687 4385 ut

2121 4410 2504 4495 insignibus,
2546 4431 2617 4474 no
2660 4408 3046 4472 indumentis
3090 4407 3365 4489 ipsorum
3412 4418 3683 4480 muneri.

2127 4510 2287 4580 bus,
2330 4514 2395 4571 et
2440 4506 2778 4571 Ordinibus
2826 4506 3315 4589 congruentibus
3359 4512 3680 4594 Supplica-

2125 4606 2370 4670 tionem'
2405 4604 2726 4687 utriusque
2769 4603 2934 4690 Cleri
2975 4603 3330 4668 tendentem
3390 4607 3448 4668 in
3512 4611 3686 4673 Beati

2126 4700 2288 4766 Petri
2328 4701 2652 4766 Basilicam
2699 4719 2776 4764 ex
2805 4689 3188 4781 praescripto
3218 4705 3447 4765 Summi
3480 4707 3690 4790 Ponti7

2124 4798 2261 4864 ficis
2282 4843 2302 4872 ,
2332 4818 2731 4881 quocumque
2762 4817 3017 4861 suorum
3049 4798 3355 4862 sociorum
3388 4801 3689 4872 comitatu

449 4916 873 4979 Camerarius,
937 4908 1257 4981 Principes
1325 4908 1519 4978 Solii,
1595 4909 2018 4968 Protonotarii
2127 4896 2420 4968 excluso,
2463 4895 2756 4980 prosequi
2804 4914 2925 4959 non
2968 4894 3405 4970 detrectarent.

445 5010 802 5086 Apostolici,
826 5003 1151 5065 Generales
1181 5001 1477 5064 Ordinum
1506 5005 2013 5074 Mendicantium,

451 5111 917 5169 Conservatores
954 5102 1159 5172 Urbis,
1193 5098 1469 5161 Oratores
1502 5104 1833 5161 civitatum
1865 5101 2014 5161 Sub·

452 5207 753 5274 diturum,
803 5198 1127 5258 Auditores
1174 5199 1406 5267 Rotae,
1459 5198 1682 5278 Clerici
1725 5198 2013 5257 Gamerae

455 5302 835 5376 Apostolicae
855 5337 875 5365 ,
936 5297 1219 5356 Votantes
1282 5279 1641 5367 Siyn'aturas
1683 5294 1968 5354 Iustitiae
1992 5335 2011 5364 ,

2423 5093 3102 5153 REVERENDISSIMO
3144 5091 3414 5154 PADRE.

2254 5288 2535 5347 Dovendo
2574 5298 2684 5360 per
2719 5288 2923 5346 ordine
2968 5287 3127 5344 della
3169 5286 3412 5348 Santitd
3454 5295 3520 5354 di
3562 5292 3686 5349 Νο-

454 5399 899 5460 Abbreviatores
922 5435 941 5463 ‚
983 5393 1303 5466 utriusque
1336 5390 1698 5467 signaturae
1736 5392 2011 5468 Referen-
2126 5390 2250 5440 stro
2280 5380 2531 5453 signore
2571 5381 2634 5441 V.
2672 5380 2737 5438 P.
2778 5382 3294 5441 Reverendissima
3326 5386 3686 5450 intervenire

626 5519 841 5561 utun.
888 5516 1003 5555 xiv.
1043 5514 1191 5554 τοιι.
1230 5502 1351 5554 vn.
