4442 6300
890 520 961 571 st
1803 512 2006 565 ACTA
2051 510 2716 565 CANONtzATlole

706 662 944 728 cellum
987 659 1157 726 cultu
1188 656 1516 743 magnifico
1556 654 1782 723 fuisset
1826 656 2176 732 excultum,
2206 660 2276 719 et
2313 653 2316 657 ’
2380 655 2729 720 acerbitate
2755 655 3109 721 afficeretur
3127 700 3148 731 ,
3177 633 3373 724 rebus
3402 659 3627 725 accisis
3654 678 3728 726 ac
3753 681 3953 746 prope

706 758 1010 842 Regalato
1041 757 1349 828 dicatum,
1380 755 1444 817 in
1477 754 1636 818 illud
1662 754 1802 836 ejus
1830 773 1971 817 ossa
2002 753 2270 817 solemni
2387 753 2650 835 perditis
2670 797 2692 824 ,
2722 755 2799 816 ad
2832 754 3187 838 Regalatum
3218 754 3559 841 confugere
3582 800 3603 831 ,
3633 763 3767 822 Deo
3794 759 3955 823 inte·

701 874 932 938 pompa
968 852 1176 920 delata
1208 860 1389 928 sunt,
1428 853 1653 918 eodem
1680 851 1980 918 Pontifice
2012 853 2272 934 permit-

701 958 895 1017 tente·
947 981 971 1008 ο

839 1079 863 1105 ·
912 1057 1090 1114 Anno
1118 1056 1264 1134 post
1291 1048 1709 1132 sexagesimo,
1740 1067 1882 1112 cum
1913 1049 1994 1113 de
2015 1046 2276 1132 Regala-

701 1154 769 1211 to
795 1147 862 1211 in
913 1152 1279 1213 Sanctorum
1310 1145 1664 1229 catalogum
1703 1143 2035 1209 referendo
2063 1164 2278 1228 agere-

698 1249 846 1318 tur,
890 1248 1370 1309 BENEDICTUS
1418 1249 1580 1307 xlv.
1637 1241 1920 1306 Pontifex
1982 1241 2274 1329 Optimus

700 1340 1012 1406 Maximus
1039 1339 1343 1423 idemque
1370 1360 1513 1404 cum
1544 1359 1750 1404 rerum
1790 1339 2066 1403 omnium
2088 1381 2108 1410 ,
2142 1346 2271 1402 tum

702 1457 923 1503 earum
960 1441 1294 1520 praecipue
1334 1436 1596 1502 scientia
1621 1479 1642 1509 ,
1683 1456 1844 1518 quae
1883 1437 1946 1497 in
1976 1436 2270 1499 Divorum

701 1534 1183 1599 consecratione
1232 1532 1518 1617 legitima
1566 1532 1805 1614 positae
1856 1542 2003 1597 sunt
2022 1574 2043 1604 ,
2087 1531 2272 1597 facile

704 1630 1025 1714 princeps,
1056 1649 1213 1694 nova
1243 1631 1553 1712 quaedam
1588 1630 1910 1699 miracula,
1938 1651 2101 1712 quae
2132 1639 2274 1715 post

702 1727 1007 1791 indultam
1036 1728 1506 1792 venerationem
1532 1770 1553 1801 ,
1594 1728 1758 1792 Petri
1791 1748 1911 1810 ope
1940 1729 2226 1793 invocata
2253 1774 2274 1804 ‚

699 1833 838 1889 acta
870 1824 1065 1889 fuisse
1095 1825 1483 1897 ferebantur,
1514 1825 1578 1886 in
1609 1844 1872 1889 examen
1899 1827 2159 1890 vocavit.
2186 1832 2270 1891 Ea

702 1932 911 1987 autem
959 1922 1024 1984 in
1075 1922 1280 1987 solitis
1338 1922 1631 2005 pluribus
1673 1922 2274 2005 congregationibus

701 2021 900 2102 probe
929 2020 1174 2102 riteque
1197 2019 1482 2084 discussa
1513 2039 1651 2083 cum
1685 2019 1976 2092 fuissent,
2009 2021 2112 2085 die
2143 2030 2273 2084 tan-

701 2114 848 2180 dem
891 2117 1131 2182 decima
1170 2124 1389 2215 quarta
1434 2098 1587 2180 sinii
1621 2118 1768 2180 anni
1816 2117 2136 2181 millesimi
2179 2139 2278 2183 se-

569 2238 580 2247 ·
702 2214 1179 2298 ptingentesimi
1205 2215 1669 2297 quadragesimi
1692 2215 1897 2297 quarti
1917 2217 2273 2296 Apostolica

705 2310 989 2392 ejusdem
1041 2312 1276 2376 Summi
1305 2311 1618 2376 Pontificis
1660 2312 2076 2377 declaratione
2107 2312 2271 2386 duo,

704 2427 868 2490 quae
895 2417 1267 2491 sequuntur,
1299 2411 1561 2489 probata
1596 2417 1738 2472 sunt
1769 2418 1832 2473 et
1871 2409 2209 2491 publicata.
2242 2437 2266 2463 ο

839 2533 863 2559 ο
916 2510 1088 2569 Anno
1118 2506 1464 2570 millesimo
1500 2504 2056 2589 septingentesimo
2098 2507 2274 2588 quin-

704 2607 773 2664 to
801 2601 1073 2667 Didacus
1094 2603 1345 2684 quidam
1368 2603 1671 2667 Sacerdos
1691 2611 2108 2684 cognomento
2137 2604 2271 2669 Pla-

704 2699 908 2762 sentia
930 2742 951 2773 ,
993 2720 1133 2765 cum
1166 2702 1392 2764 morbo
1434 2700 1735 2763 comitiali
1763 2700 2028 2765 affectus
2055 2712 2229 2765 esset
2250 2747 2272 2775 ,

706 2795 1045 2878 epileptico
1061 2797 1418 2879 paroxismo
1441 2798 1714 2879 quodam
1739 2798 1837 2862 die
1858 2807 2114 2880 repente
2137 2819 2272 2864 cor-

704 2900 921 2975 reptus
942 2933 965 2967 ,
1007 2894 1070 2956 in
1101 2894 1518 2960 domesticum
1564 2894 1773 2959 focum
1813 2895 2027 2977 prunis
2056 2897 2272 2960 arden-

705 2990 874 3054 tibus
896 2991 1169 3055 maxime
1198 2999 1340 3058 tunc
1364 2992 1528 3058 forte
1554 2993 1857 3058 refertum
1881 2994 1944 3055 in
1972 3014 2273 3076 praeceps

707 3088 877 3160 ruit,
922 3087 1297 3173 plenamque
1329 3090 1519 3155 ollam
1552 3090 1856 3156 ferventis
1895 3111 2094 3173 aquae
2124 3114 2265 3157 cum

703 3185 1161 3261 subvertisset,
1186 3209 1330 3252 cum
1360 3197 1567 3254 cetera
1600 3185 1908 3260 membra,
1939 3198 2074 3253 tum
2106 3189 2269 3253 oculi

702 3282 1037 3364 praecipue
1056 3273 1230 3347 exeo
1250 3304 1396 3348 casu
1426 3285 1513 3347 ita
1534 3282 1891 3347 labefactati
1918 3295 2060 3347 sunt
2080 3292 2269 3366 atque

702 3376 1169 3462 caligaverunt,
1218 3386 1284 3444 ut
1327 3401 1552 3444 caecus
1584 3379 1833 3444 omnino
1876 3379 2075 3444 fieret.
2125 3386 2269 3442 Fru-

702 3483 826 3539 stra
855 3476 1155 3540 adhibitis
1199 3498 1311 3560 per
1341 3478 1585 3559 aliquot
1613 3496 1869 3541 menses
1913 3477 2268 3541 medicami-

700 3571 888 3635 nibus
910 3614 929 3642 ,
973 3572 1114 3656 ejus
1145 3572 1314 3637 salus
1347 3572 1734 3638 conclamata
1761 3573 1887 3656 jam
1933 3593 2047 3654 per
2074 3575 2269 3637 Medi-

698 3688 809 3732 cos
836 3666 1063 3741 fuerat,
1097 3671 1503 3752 animumque
1535 3670 1803 3754 Didacus
1830 3671 1970 3752 ipse
2004 3672 2271 3753 despon-

697 3763 877 3827 derat
905 3790 921 3825 ε
981 3765 1321 3847 implorato
1377 3775 1588 3831 tamen
1645 3765 1925 3846 Regalati
1988 3769 2126 3829 auxi
2139 3766 2264 3838 lio,

697 3859 962 3942 ejusque
989 3862 1241 3924 cucullo
1271 3863 1473 3927 oculis
1506 3863 1782 3933 admoto,
1815 3865 1897 3924 ita
1929 3864 2049 3927 luci
2082 3864 2262 3927 resti·

697 3963 869 4020 tutus
900 3966 1000 4021 est
1027 3978 1105 4022 eo
1134 3968 1421 4025 contactu
1449 4004 1468 4032 ,
1499 3969 1562 4023 ut
1596 3961 1800 4042 quoad
1832 3960 2028 4033 vixit,
2070 3962 2268 4026 multo

696 4072 880 4134 quam
914 4061 1093 4119 antea
1121 4056 1454 4120 vividiores
1497 4057 1785 4128 habuerit
1817 4058 2072 4130 oculos,
2105 4059 2266 4122 acie-

696 4170 820 4231 que
850 4151 1169 4217 meliores.
1224 4184 1246 4208 ι

832 4275 855 4301 ·
908 4254 1085 4312 Anno
1125 4272 1274 4313 vero
1316 4252 1656 4316 millesimo
1699 4252 2261 4337 septingentesimo

694 4342 1026 4425 trigesimo
1069 4349 1340 4426 septimo
1370 4349 1673 4431 Birgittae
1704 4354 1972 4431 ortegae
2004 4348 2068 4410 in
2113 4349 2262 4411 sini·

696 4448 821 4504 stra
842 4484 862 4514 ,
893 4450 964 4504 ut
990 4444 1349 4525 appellant,
1397 4445 1750 4508 lumborum
1796 4445 2055 4528 regione
2085 4446 2262 4510 vitia-

695 4540 781 4601 tis
821 4541 1117 4605 carnihus
1161 4563 1238 4605 ex
1269 4542 1607 4608 interclusa
1640 4544 1849 4610 sanie,
1896 4564 2057 4625 quae
2089 4544 2260 4636 prius

691 4657 772 4701 ex
802 4640 1071 4719 quodam
1108 4650 1358 4705 tumore
1388 4643 1676 4706 manabat
1703 4642 2047 4714 uberrima,
2078 4640 2260 4703 ulcus

695 4735 783 4799 ita
828 4736 1206 4802 horrendum
1255 4739 1506 4821 erupit,
1552 4746 1711 4802 utet
1754 4738 2002 4820 aliquae
2044 4748 2258 4802 costae

692 4851 851 4914 pure
881 4843 1211 4916 corruptae
1243 4836 1494 4900 omnino
1523 4834 1754 4900 fuerint
1797 4834 2213 4898 extrahendae
2237 4881 2256 4908 ,

694 4936 758 4993 et
787 4929 1001 4994 ulcere
1030 4931 1241 4996 hiante
1263 4951 1443 4997 renes
1475 4933 1621 4995 nudi
1650 4943 2037 5013 apparerent.
2067 4933 2260 4996 Medi-

691 5030 940 5093 catione
983 5030 1314 5093 admodum
1347 5029 1529 5115 longa
1551 5073 1571 5100 ,
1616 5039 1680 5093 et
1708 5050 1968 5112 operosa
2012 5048 2130 5090 non
2161 5049 2257 5092 so-

689 5124 821 5188 lnm
866 5126 1019 5189 nihil
1066 5134 1165 5190 est
1205 5135 1411 5190 actum
1436 5171 1456 5198 ,
1503 5128 1613 5192 sed
1655 5126 1837 5190 ulcus
1878 5128 1942 5188 in
1982 5125 2258 5191 fistulam

2385 852 2516 915 rius
2544 852 2878 923 incitante,
2922 854 3361 920 constituit.1n
3405 875 3571 937 equo
3600 855 3833 938 igitur,
3875 865 3949 920 ut

2382 948 2622 1030 potuit,
2667 947 2985 1011 leucarum
3029 969 3139 1013 sex
3184 949 3673 1032 hispaniensium
3721 952 3952 1018 itinere

2385 1045 2462 1108 ad
2491 1045 2871 1127 Aquileriam
2895 1048 3214 1111 contendit
3239 1048 3403 1111 Petri
3428 1048 3746 1131 Reliquias
3764 1070 3954 1114 vene-

2383 1151 2611 1216 ratum,
2639 1143 2906 1225 ejusque
2938 1165 3121 1226 opem
3143 1144 3576 1229 imploratura.
3609 1147 3788 1220 Quod
3811 1167 3953 1212 cum

2384 1238 2640 1304 fecisset
2671 1242 2918 1325 majori,
2951 1263 3076 1323 quo
3100 1249 3371 1323 poterat,
3399 1241 3644 1307 fervore
3675 1246 3954 1326 spiritus,

2386 1355 2582 1418 seque
2617 1346 2833 1420 postea
2866 1337 3148 1403 dedisset
3185 1340 3247 1401 in
3276 1340 3435 1403 viam
3467 1341 3531 1402 in
3561 1341 3821 1422 patriam
3856 1362 3955 1407 re-

2383 1452 2637 1497 versura
2663 1478 2684 1508 ,
2712 1435 2820 1498 vix
2846 1434 3305 1517 aliquantulum
3337 1457 3667 1522 progressa
3698 1437 3951 1513 fuerat,

2383 1550 2521 1594 cum
2543 1551 2708 1613 equo
2737 1532 3039 1596 desiliens
3068 1534 3470 1617 gestiensque
3497 1555 3650 1617 prae
3682 1537 3909 1618 gaudio
3927 1581 3950 1610 ,

2385 1626 2596 1693 valere
2645 1649 2714 1692 se
2757 1631 2991 1712 optime
3041 1629 3436 1705 inclamavit,
3489 1632 3801 1715 nullisque
3842 1643 3955 1700 aut

2386 1743 2650 1798 renum,
2697 1734 2800 1788 aut
2842 1725 3203 1791 lumborum
3249 1729 3579 1794 doloribus
3605 1731 3771 1796 ultra
3812 1752 3952 1796 cru-

2385 1821 2558 1884 ciari.
2589 1829 2668 1886 Et
2696 1842 2912 1887 revera
2942 1844 2975 1886 a
3005 1824 3229 1888 Marito
3256 1824 3503 1891 itineris
3528 1827 3785 1900 comite,
3816 1836 3952 1894 arte

2385 1918 2684 2002 chirurgo
2708 1963 2727 1991 ,
2776 1922 2965 1985 etiam
2998 1927 3187 2004 atque
3217 1923 3405 1986 etiam
3435 1925 3751 2007 recognita
3779 1926 3953 1990 fistu-

2385 2013 2444 2078 la
2492 2016 2949 2096 deprehensum
2996 2027 3135 2089 est,
3180 2039 3318 2084 eam
3367 2020 3659 2086 cicatrice
3704 2023 3948 2087 modice

2386 2113 2657 2176 obducta
2704 2115 2953 2195 penitus
2978 2115 3328 2189 coaluisse,
3372 2124 3438 2182 et
3467 2120 3759 2182 morbum
3790 2140 3955 2184 mor-

2385 2209 2579 2291 bique
2635 2210 2938 2293 reliquias
2993 2234 3211 2277 omnes
3270 2224 3595 2279 momento
3650 2218 3952 2298 temporis

2384 2306 2702 2372 abstersae
2733 2329 2892 2372 esse:
2922 2309 3068 2391 quin
3098 2310 3289 2373 etiam
3321 2312 3524 2376 auctis
3545 2313 3769 2376 eodem
3792 2322 3954 2376 tem-

2383 2422 2535 2484 pore
2562 2405 2846 2486 pristinis
2875 2406 3134 2479 virihus,
3164 2408 3382 2471 habitu
3402 2409 3683 2489 corporis
3715 2410 3948 2475 firmio·

2384 2521 2454 2565 re
2484 2503 2783 2584 deinceps
2811 2502 2951 2576 fuit,
2980 2504 3234 2591 suisque
3256 2505 3644 2581 muneribus,
3676 2518 3746 2572 ut
3762 2517 3951 2573 antea

2383 2596 2647 2671 fecerat,
2680 2600 3068 2683 exequendis
3094 2620 3233 2665 cum
3251 2600 3475 2683 primis
3506 2603 3753 2668 idonea.
3782 2610 3952 2670 Haec

2385 2714 2457 2756 ea
2488 2702 2633 2757 sunt
2655 2738 2674 2765 ,
2716 2715 2876 2777 quae
2905 2695 3195 2778 pluribus
3224 2696 3366 2762 aliis
3410 2700 3668 2765 omissis
3695 2701 3759 2762 in
3790 2701 3946 2763 anti-

2385 2790 2692 2871 quissima
2722 2791 2836 2856 hac
2864 2812 3048 2856 causa
3071 2837 3093 2865 ,
3140 2805 3460 2879 tamquam
3511 2798 3787 2861 omnium
3819 2818 3954 2862 cer-

2385 2887 2673 2961 tissima,
2715 2889 3046 2953 referenda
3092 2913 3236 2957 esse
3274 2901 3558 2975 putatum
3605 2904 3740 2959 est.
3784 2895 3950 2980 Illud

2383 2983 2636 3048 unicum
2708 2995 2993 3049 remanet
3048 2989 3380 3053 observatu
3450 2990 3887 3074 dignissimum
3922 3034 3943 3061 ,

2384 3083 2548 3164 quod
2582 3102 2616 3145 a
2650 3082 3056 3150 sanctissime
3077 3086 3334 3151 Domino
3354 3095 3572 3153 nostro
3601 3088 3826 3154 factum
3851 3095 3951 3154 est

2381 3182 2449 3241 in
2480 3180 2665 3263 hujus
2695 3200 2918 3244 causae
2947 3181 3248 3254 favorem,
3279 3205 3428 3265 quo,
3460 3207 3599 3250 cum
3631 3205 3945 3250 summum

2383 3277 2587 3340 eidem
2622 3279 2817 3343 decus
2845 3290 3096 3343 auctum
3130 3279 3322 3344 fuerit
3353 3294 3419 3347 et
3461 3293 3896 3348 ornamentum
3924 3329 3946 3356 ,

2380 3381 2513 3437 tum
2546 3376 2755 3456 quanti
2800 3397 2874 3440 ea
2915 3377 2997 3440 sit
3043 3379 3246 3441 meriti
3294 3379 3794 3446 luculentissime
3838 3384 3945 3445 de·

2379 3473 2666 3537 claratur.
2698 3474 3137 3539 sanctissimus
3158 3476 3468 3558 siqnidem
3506 3479 3806 3543 Dominus
3823 3484 3943 3543 No·

2381 3579 2511 3634 ster
2534 3590 2648 3652 pro
2681 3592 2923 3634 summa
2968 3593 3076 3636 sua
3109 3572 3252 3644 illa,
3297 3595 3368 3638 ac
3403 3595 3562 3656 pene
3589 3575 3943 3639 incredibili

2378 3668 2764 3750 cognitione,
2797 3689 2983 3750 quam
3017 3669 3080 3731 in
3120 3670 3307 3754 hujus
3339 3673 3667 3753 praecipue
3696 3667 3947 3756 generis

2381 3765 2585 3829 causis
2614 3765 2865 3829 assiduo
2893 3773 2987 3830 tot
3017 3787 3318 3830 annorum
3350 3770 3592 3840 studio,
3621 3770 3942 3852 improbo-

2379 3883 2499 3943 que
2530 3862 2744 3926 labore
2777 3864 2897 3926 sihi
2926 3866 3369 3946 acquisiverat,
3401 3867 3782 3948 aequissime
3814 3887 3941 3930 non

2378 3960 2583 4023 miuus
2607 4004 2625 4031 ,
2659 3979 2843 4040 quam
2877 3962 3267 4027 sanctissime
3300 3964 3691 4027 stabiliverat
3725 3965 3824 4029 die
3854 3967 3944 4027 vi·

2376 4058 2615 4139 gesima
2641 4058 2911 4120 secunda
2938 4059 3168 4140 Aprilis
3187 4061 3329 4123 anni
3362 4062 3686 4126 millesimi
3712 4064 3947 4142 septin-

2375 4154 2707 4237 gentesimi
2738 4157 3200 4237 quadragesimi
3234 4159 3440 4240 primi,
3468 4168 3535 4221 ut
3566 4160 3775 4223 Servis
3801 4162 3938 4232 Dei,

2376 4272 2639 4334 quorum
2670 4253 2933 4316 virtutes
2960 4255 3266 4320 ‘heroicae
3298 4256 3561 4322 oculatis
3603 4266 3816 4321 essent
3845 4262 3939 4319 te·

2375 4349 2578 4412 stibus
2607 4349 2938 4413 destitutae
2960 4394 2978 4417 ,
3013 4351 3281 4415 honores
3320 4353 3506 4415 divini
3542 4373 3934 4436 nequaquam

2372 4445 2897 4521 decernerentur,
2932 4446 3045 4508 nisi
3074 4456 3343 4528 quatuor
3368 4459 3506 4530 post
3538 4461 3800 4513 mortem
3831 4472 3937 4530 pa·

2371 4549 2527 4605 trata
2561 4545 2860 4608 miracula
2883 4545 3279 4625 Apostolicae
3308 4548 3486 4611 Sedis
3500 4548 3742 4629 judicio
3767 4569 3938 4611 com-

2369 4641 2807 4721 probarentur.
2852 4649 2982 4707 Hoc
3029 4643 3221 4727 igitur
3263 4645 3399 4726 ipso
3440 4645 3590 4708 vitio
3646 4644 3934 4726 Regalati

2370 4756 2553 4801 rausa
2585 4758 2723 4800 cum
2757 4737 3116 4810 laboraret,
3164 4739 3465 4804 solemnis
3495 4739 3783 4823 ejusdem
3827 4747 3938 4803 Ca-

2368 4836 2678 4899 nonizatio
2712 4836 2924 4900 haberi
2977 4838 3232 4902 minime
3279 4847 3568 4919 poterat,
3613 4839 3728 4902 nisi
3781 4860 3932 4921 qua·

2370 4942 2512 4996 tuor
2537 4934 2706 5013 prius
2740 4933 3004 4997 fuissent
3031 4935 3151 4998 rite
3180 4944 3414 4998 asserta
3443 4935 3762 5000 miracula.
3790 4938 3932 4998 Ani·

2369 5031 2766 5096 madvertens
2807 5051 2955 5094 vero
3001 5034 3168 5095 idem
3214 5039 3504 5096 Summus
3550 5032 3836 5097 Pontifex
3868 5032 3933 5095 in

2362 5128 2631 5194 heroicis
2657 5128 2933 5212 Regalati
2954 5128 3291 5192 virtutibus
3320 5129 3764 5194 confirmandis
3787 5151 3931 5192 ocu-

694 5241 1058 5286 conversum
1090 5233 1189 5286 est
1219 5225 1302 5287 ita
1333 5223 1748 5307 periculosam
1776 5268 1796 5297 ,
1826 5233 1891 5287 ut
1922 5225 2254 5305 peritiores
2367 5225 2632 5290 latorum
2677 5226 2933 5290 testium
2979 5229 3411 5291 auctoritatem
3442 5233 3707 5308 quatuor
3746 5226 3931 5288 mira-

692 5337 938 5384 manum
984 5321 1100 5403 ipsi
1149 5322 1485 5387 admovere
1527 5322 1663 5387 ausi
1713 5341 1836 5386 non
1878 5322 2044 5396 sint3
2090 5322 2252 5386 febri
2364 5322 2644 5386 culorum
2690 5324 3056 5387 testimonio
3106 5324 3294 5386 fuisse
3342 5324 3690 5406 suppletam
3718 5368 3737 5395 ,
3781 5322 3925 5387 hinc

695 5427 880 5490 etiam
912 5443 1050 5488 cum
1087 5423 1311 5486 mulier
1340 5421 1619 5494 arderet,
1652 5428 1718 5483 et
1746 5438 1984 5484 summa
2015 5417 2255 5482 doloris
2365 5418 2649 5500 ejusdem
2679 5440 2929 5485 causam
2978 5422 3038 5482 in
3069 5441 3286 5486 earum
3333 5441 3596 5486 numero
3620 5464 3638 5493 ,
3671 5420 3750 5486 de
3794 5421 3926 5504 qui·
