4442 6300
2685 376 2707 411 b

989 502 1060 556 as
1991 504 2198 562 Aca-A
2239 507 2897 562 emonam-roms
2984 479 2994 489 '

814 643 1141 709 beneficiis
1185 646 1463 732 collegae
1510 649 1660 713 olim
1703 647 1840 713 tuiz
1897 650 2014 724 Qui
2062 650 2207 715 dum
2264 657 2372 713 tuo
2486 659 2835 732 postremus
2861 670 3065 734 neque
3095 660 3269 729 arte,
3299 672 3504 738 neque
3533 655 3818 741 ingenio,
3849 677 4058 742 neque
4143 648 4144 655 ἵ

814 762 1075 807 munere
1124 744 1201 806 de
1250 746 1426 809 novis
1453 748 1601 809 Viro
1647 747 2037 812 sanctissimo
2079 768 2115 811 a
2144 755 2233 812 Te
2261 748 2370 810 de·

806 840 995 902 cretis
1051 840 1393 906 bonoribus
1436 845 1687 925 publica
1729 846 2173 926 communique
2214 865 2368 909 voce

804 937 1188 1017 amplissime
1243 942 1737 1022 gratulabimur,
1795 941 1949 1006 illud
2004 942 2276 1006 fortasse
2335 964 2368 1006 a
2393 971 2408 978 ·

803 1035 1036 1098 nostris
1111 1038 1499 1119 temporibus
1572 1059 1691 1103 non
1756 1039 1940 1122 longe
2003 1039 2365 1103 abfuturum

801 1130 1217 1206 confidimus,
1262 1137 1431 1221 quod
1464 1137 1541 1200 ad
1587 1145 1754 1200 tuam
1802 1139 2189 1217 potissimum
2234 1137 2368 1200 lau-

792 1228 936 1292 dem
970 1230 1054 1293 sit
1097 1231 1498 1296 referendum
1521 1276 1541 1307 ,
1568 1243 1640 1300 ut
1683 1235 1825 1317 ejus
1854 1235 2146 1297 nimirum
2187 1254 2365 1315 prae-

790 1326 951 1390 senti
997 1328 1232 1392 auxilio
1277 1329 1338 1390 in
1384 1351 1535 1412 pace
1568 1351 1731 1395 nunc
1773 1331 2141 1410 compositis
2184 1330 2363 1395 dissi·

792 1423 1088 1487 dentibus
1122 1427 1385 1510 segnis,
1416 1426 1879 1511 religiosissimi
1914 1426 2253 1508 Principes,
2283 1447 2360 1491 eo

785 1530 931 1601 post
972 1520 1243 1603 desuper
1274 1524 1541 1587 ducente
1574 1526 1747 1608 signa
1771 1568 1792 1597 ,
1840 1524 2179 1587 Bizantium
2206 1568 2226 1596 ,
2271 1531 2361 1588 to·

786 1617 909 1680 ties
940 1620 1102 1682 votis
1133 1620 1565 1685 communibus
1596 1621 1949 1703 quaesitum
1986 1619 2241 1693 frustra,
2268 1620 2359 1704 (Ο

781 1715 1005 1779 stultas
1035 1724 1279 1781 nostras
1305 1719 1769 1783 contentiones!
1788 1721 1823 1801 )
1852 1718 2198 1781 Bizantium
2227 1724 2360 1781 tan-

786 1814 928 1877 dem
959 1813 1292 1896 aliquando
1315 1837 1427 1898 pro
1458 1837 1678 1880 caussa
1700 1816 1870 1880 Fidei
1904 1815 2241 1879 christiana
2269 1816 2361 1876 in·

780 1907 986 1974 serant
1027 1931 1200 1976 arma
1222 1957 1243 1985 ,
1303 1934 1429 1996 quo
1487 1925 1558 1978 ut
1607 1913 1987 1996 Religionem
2042 1912 2351 1986 inferret,

780 2014 938 2073 Eum
960 2051 981 2081 ,
1011 2010 1159 2072 dum
1190 2010 1470 2083 viveret,
1501 2031 1707 2095 neque
1751 2010 2101 2083 cruciatus,
2147 2030 2352 2091 neque

688 2134 694 2142 ·
768 2103 1029 2170 vulnera
1042 2135 1074 2179 ·,
1105 2126 1311 2188 neque
1340 2110 1535 2189 ipsam
1570 2108 2112 2192 praesentissimae
2131 2107 2354 2172 mortis

770 2198 993 2267 faciem
1028 2203 1315 2269 novimus
1339 2207 1787 2287 perhorruisse.
1820 2234 1841 2259 ·

910 2330 931 2356 ·
966 2305 1100 2364 Non
1144 2302 1277 2365 sine
1310 2302 1525 2387 plausu
1572 2313 1832 2385 excepta
1878 2309 1977 2366 est
2016 2307 2152 2365 tum
2194 2301 2350 2364 baec

778 2401 851 2460 D.
884 2397 1124 2470 Pirelli,
1158 2407 1288 2462 tum
1320 2400 1519 2466 altera
1550 2407 1622 2464 D.
1655 2401 1948 2465 Advocati
1971 2399 2140 2463 Pauli
2170 2403 2351 2462 Fran·

778 2492 928 2557 claci
970 2497 1290 2558 Antamori
1336 2497 1548 2561 Oratio
1573 2540 1593 2569 ,
1625 2496 1970 2578 quistatim
2017 2504 2157 2577 post
2205 2514 2346 2558 eum

768 2591 958 2654 vitam
978 2596 1048 2654 B.
1079 2593 1446 2657 catharinae
1474 2595 1550 2657 de
1576 2594 1799 2658 Ricciis
1828 2604 1952 2657 tam
1984 2594 2349 2656 innocenter

771 2686 1022 2751 ductam
1048 2730 1069 2759 ,
1112 2694 1178 2751 et
1207 2709 1242 2751 a
1274 2695 1401 2753 Deo
1434 2697 1529 2753 tot
1559 2689 1752 2773 signis
1793 2689 2173 2753 illustratam
2217 2688 2345 2752 ele-

768 2790 988 2869 ganter
1010 2783 1132 2849 boc
1160 2785 1378 2851 ordine
1407 2787 1713 2851 recitavit.
1749 2814 1772 2840 ο

906 3007 930 3039 ι
960 2978 1019 3043 si
1044 3000 1237 3062 quum
1258 2980 1560 3063 aliquam,
1578 2983 2037 3045 BEATISSlME
2057 2983 2336 3046 PATER,

768 3076 993 3138 summi
1021 3078 1316 3160 ponderis
1362 3080 1786 3161 momentique
1815 3097 1945 3141 rem
1990 3097 2023 3138 a
2055 3076 2202 3137 Viro
2247 3074 2339 3135 di·

762 3172 995 3260 gnitate
1028 3176 1300 3240 maximo
1321 3177 1659 3259 impetrare
1686 3175 2150 3244 contendimus,
2184 3173 2338 3237 satis

756 3277 927 3335 esset
958 3271 1050 3335 rei
1075 3274 1358 3355 ejusdem
1393 3274 1674 3354 aequitas
1698 3274 2050 3352 veritasque
2083 3289 2336 3349 perspe-

764 3373 863 3429 cta
894 3367 974 3428 ad
1002 3375 1285 3431 nostrum
1315 3369 1590 3432 animum
1609 3410 1629 3439 ,
1659 3386 1739 3429 ne
1768 3386 2026 3447 prorsus
2052 3366 2335 3437 timeret,

761 3462 1157 3527 excitandum
1189 3472 1378 3545 atque
1411 3462 1917 3525 inflammandum
1944 3485 1965 3536 3
1996 3480 2119 3524 uon
2149 3462 2335 3525 modo

758 3577 909 3623 sane
940 3559 1239 3624 hodierno
1270 3561 1373 3622 die
1399 3561 1652 3622 minime
1698 3558 2096 3622 formidarem
2117 3601 2138 3631 ,
2184 3559 2333 3641 quin

751 3656 960 3737 potius
993 3657 1285 3721 inusitata
1330 3657 1598 3738 quadam
1631 3656 1952 3719 alacritate
1995 3664 2332 3738 proreptus

751 3751 1089 3834 gestirem,
1137 3751 1489 3815 exultarem
1513 3795 1532 3822 ,
1581 3751 2049 3833 triumpharem.
2098 3752 2330 3815 Petitu-

748 3866 860 3910 rus
888 3846 1059 3910 enim
1088 3868 1123 3910 a
1153 3854 1265 3920 Te,
1293 3868 1482 3930 quem
1508 3867 1700 3929 penes
1723 3847 1930 3910 omnia
1960 3847 2096 3930 jure
2127 3868 2201 3912 ac
2233 3869 2327 3912 ra·

750 3941 927 4007 tione
962 3945 1337 4027 penduntur:
1372 3946 1691 4009 Petiturus
1712 3989 1733 4017 ,
1764 3946 2058 4026 inquam,
2090 3953 2155 4007 ut
2184 3947 2329 4009 bea·

746 4048 815 4105 ta
854 4041 1177 4106 Catharina
1206 4043 1284 4105 de
1318 4043 1544 4107 Ricciis
1588 4043 1651 4105 in
1694 4049 2058 4107 Sanctorum
2108 4062 2322 4107 nume-

746 4153 887 4199 rum
915 4147 1281 4220 cooptetur,
1314 4158 1434 4203 non
1465 4140 1645 4204 video
1676 4139 1827 4222 quid
1875 4129 2324 4210 metuendum',

751 4234 806 4299 si
839 4235 990 4299 mira
1019 4244 1259 4300 constat
1285 4237 1484 4319 ipsius
1512 4239 1737 4311 virtus,
1770 4236 1927 4300 mira
1957 4237 2177 4318 pietas,
2212 4236 2325 4296 mi·

752 4351 826 4396 ra
854 4332 1097 4415 religio.
1117 4333 1420 4400 Attacere
1440 4354 1561 4398 non
1588 4356 1839 4416 possum
1872 4334 2326 4416 quin-commo-

743 4449 896 4495 vear
936 4441 1001 4495 et
1048 4432 1194 4495 totis
1252 4452 1444 4518 prope
1489 4435 1750 4496 artubus
1791 4430 2271 4495 contremiscam
2299 4476 2320 4506 ,

744 4548 941 4609 quum
974 4533 1512 4593 SANCTITATEM
1543 4537 1753 4594 TUAM
1786 4537 1853 4593 et
1884 4547 2163 4592 summae
2195 4548 2322 4591 ma-

740 4624 1016 4709 jestatis,
1042 4634 1106 4690 et
1141 4627 1457 4691 inauditae
1479 4628 1823 4710 sapientiae
1846 4625 2180 4710 splendore
2209 4645 2321 4688 un·

741 4723 1075 4805 dequaque
1107 4722 1455 4806 fulgentem
1486 4723 1728 4789 intueor
1749 4768 1769 4796 ,
1801 4732 1867 4788 et
1900 4732 1990 4785 tot
2024 4745 2162 4787 cum
2211 4724 2318 4788 do-

740 4821 938 4885 ctrina
966 4828 1095 4884 tum
1114 4821 1413 4904 dignitate
1434 4823 2005 4887 delectissimorum
2033 4822 2314 4884 virorum

743 4937 1035 4981 coronam
1066 4917 1434 4981 considerox
1466 4938 1680 4982 eorum
1710 4918 2075 5000 praesertim
2100 4961 2120 4990 ,
2154 4939 2315 4999 quos

743 5015 983 5096 optime
1012 5015 1093 5078 de
1124 5015 1419 5079 universa
1463 5017 1740 5080 Ecclesia
1773 5015 2028 5079 meritos
2069 5016 2313 5078 tutissi-

740 5129 877 5203 mos
907 5112 1191 5193 ejusdem
1225 5112 1548 5176 Ecclesiae
1577 5111 1862 5174 cardines
1892 5130 2033 5174 esse
2067 5111 2309 5192 conspi-

2481 748 2934 814 exercitatione
2965 751 3084 814 sim
3111 771 3253 815 cum
3297 751 3424 816 illis
3457 756 3929 837 comparandus.
3982 759 4058 819 n-

2479 841 2586 907 lud
2613 851 2829 908 tamen
2856 845 2918 907 in
2947 853 3118 909 tanto
3140 891 3159 921 ,
3193 869 3319 929 quo
3349 851 3680 929 perturbor
3703 893 3723 922 ,
3754 861 3925 916 metu
3956 875 4056 918 me

2478 949 2714 1004 recreat
2748 947 2810 1005 et
2837 940 3057 1014 reficit,
3089 945 3254 1025 quod
3285 954 3586 1026 quantum
3620 953 3684 1009 B.
3719 955 3785 1011 P.
3816 950 4054 1030 sapien-

2481 1034 2563 1099 tia
2590 1035 2787 1109 vales,
2809 1046 3044 1100 tantum
3076 1040 3412 1103 clementia
3444 1042 3753 1115 abundas,
3772 1066 3891 1127 qua
3919 1048 4054 1127 qui-

2478 1131 2620 1195 dem
2646 1143 2711 1198 ut
2732 1133 2880 1196 mihi
2903 1135 3173 1216 primum
3200 1137 3386 1202 hodie
3408 1139 3567 1199 hunc
3591 1141 4051 1222 amplissimum

2474 1228 2679 1295 laudis
2706 1231 2939 1295 aditum
2986 1234 3329 1314 aperuisti,
3359 1234 3442 1298 ita
3485 1238 3670 1300 tacita
3715 1238 4057 1305 voluntatis

2473 1327 2914 1411 significatione
2944 1330 3280 1402 denotasti,
3313 1334 3811 1399 imbecillitatem
3847 1359 4050 1403 meam

2473 1426 2608 1507 pari
2643 1427 3031 1508 benignitate
3075 1428 3569 1493 sublevaturum.
3603 1433 3823 1494 Minuit
3865 1436 4051 1499 etiam

2470 1524 3006 1601 perturbationem
3039 1546 3238 1590 meam
3264 1527 3463 1607 ipsius
3491 1530 3810 1594 Orationis
3833 1533 4046 1598 condi-

2469 1619 2596 1692 tio,
2644 1642 2804 1702 quae
2849 1629 2981 1687 tota
3025 1622 3089 1684 in
3120 1627 3564 1706 percensendis
3607 1626 4049 1711 integerrimae

2470 1716 2741 1799 Virginis
2798 1719 3119 1800 praeclare
3176 1721 3370 1802 gestis
3426 1730 3764 1802 occupata,
3821 1745 4039 1805 purum

2470 1813 2781 1893 quoddam
2802 1821 2866 1877 et
2895 1816 3231 1879 candidum
3261 1816 3524 1898 requirit
3547 1819 3798 1883 dicendi
3822 1841 4046 1903 genus,

2466 1909 2632 1990 quod
2664 1910 2947 1992 ejusdem
2982 1932 3230 1975 morum
3263 1913 3650 1994 simplicitati
3685 1918 3920 1997 pariter
3949 1939 4052 1985 ae·

2465 2004 2856 2089 qualiterque
2923 2008 3309 2090 respondens
3364 2010 3441 2071 ab
3484 2011 3654 2074 omni
3700 2015 4040 2079 verborum

2441 2100 2605 2175 ¹suco
2645 2101 3118 2186 figurarumque
3149 2107 3469 2188 pigmento
3512 2127 3770 2188 prorsus
3811 2110 4038 2187 ablior-

2460 2208 2616 2265 reat.
2649 2207 2867 2282 ltaque
2894 2222 3036 2265 cum
3071 2222 3190 2265 non
3227 2211 3350 2265 tam
3383 2223 3691 2270 exornare
3723 2206 3992 2271 dicendo
4013 2253 4032 2281 ,

2461 2319 2648 2379 quam
2706 2300 3095 2363 numerando
3141 2320 3435 2365 enarrare
3496 2303 3769 2366 debeam
3814 2305 4040 2370 beatae

2460 2393 2823 2460 Catharinae
2855 2395 2933 2458 de
2961 2396 3194 2461 Ricciis
3221 2396 3535 2478 praeclara
3565 2398 3839 2465 facinora
3859 2443 3881 2474 .
3914 2421 4037 2467 non

2457 2488 2800 2554 admodum
2844 2491 3126 2556 difficilis
3155 2515 3298 2558 sese
3330 2496 3609 2560 ostendit
3657 2497 3875 2563 oratio
3898 2541 3919 2570 .
3965 2508 4042 2565 ut

2457 2588 2703 2669 penitus
2736 2588 2955 2654 timere
2987 2590 3294 2665 desinam3
3325 2599 3412 2656 Te
3443 2592 3846 2673 potissimum
3873 2599 3944 2660 Β.
3968 2601 4033 2659 P.

2457 2685 2694 2768 ingenii
2755 2687 2880 2750 mei
2913 2689 3282 2752 tenuitatem
3327 2690 3644 2753 excitante
3682 2690 3790 2772 qui
3830 2710 4025 2773 quaa·

2455 2787 2587 2844 tum
2612 2783 2901 2866 justitiae
2929 2784 3080 2848 dare
3122 2785 3292 2850 soles
3315 2828 3337 2859 ,
3371 2792 3610 2850 tantum
3654 2785 4033 2855 clementiae

2452 2881 2774 2943 concedis.
2803 2907 2830 2938 ο
3411 2890 3427 2900 ·

2583 3004 2608 3032 ι
2631 2980 2767 3040 Non
2797 2997 2829 3039 a
2863 2978 3058 3059 patria
3089 2977 3238 3042 licet
3265 2978 3710 3044 florentissima
3734 3021 3756 3052 .
3787 2994 3908 3045 non
3949 2984 4032 3047 eb

2451 3072 2675 3154 opibus
2706 3074 2853 3138 licet
2881 3076 3330 3156 copiosissimis
3350 3120 3370 3150 ,
3403 3095 3525 3140 non
3556 3098 3589 3140 a
3620 3097 3848 3161 genere
3880 3078 4030 3144 licet

2448 3169 2800 3236 clarissimo
2824 3171 3068 3243 faciam,
3088 3183 3156 3236 ut
3186 3174 3473 3254 plerique
3494 3174 3724 3247 solent,
3751 3175 4023 3243 initium.

2449 3272 2574 3329 Una
2614 3275 2717 3331 est
2757 3268 2926 3333 enim
2971 3270 3208 3343 virtus,
3249 3290 3400 3359 vera
3444 3271 3789 3344 nobilitas,
3832 3292 4023 3339 verae

2447 3381 2644 3443 opes,
2694 3384 2845 3428 vera
2900 3363 3099 3447 gloria
3130 3410 3149 3438 ,
3196 3385 3445 3447 unaque
3489 3367 3786 3436 sanctitas
3831 3388 4018 3433 verae

2441 3455 2649 3523 laudis
2677 3459 2816 3524 fons
2840 3493 2862 3532 ς
2892 3470 2958 3524 et
2988 3480 3107 3526 una
3139 3482 3326 3543 porro
3358 3463 3874 3528 commendanda.
3916 3466 4026 3530 Hi·

2444 3575 2547 3619 sce
2579 3557 2775 3640 igitur
2805 3558 3098 3623 omnibus
3129 3558 3296 3621 ultro
3330 3559 3583 3623 silentio
3627 3562 4026 3640 praetermis·

2442 3651 2569 3724 sis,
2602 3653 2789 3716 animi
2821 3661 3055 3716 tantum
3088 3663 3448 3717 ornamenta
3480 3655 3782 3719 adducam
3805 3699 3825 3728 ,
3859 3677 4022 3739 quae

2439 3748 2573 3812 sola
2603 3751 2763 3814 bona
2784 3793 2804 3822 ,
2836 3751 2969 3815 sola
3004 3750 3248 3833 plurimi
3277 3753 3561 3815 habenda
3593 3764 3905 3833 putamus.
3946 3760 4026 3821 ut

2437 3844 2694 3927 itaquel,
2739 3849 2904 3911 unde
2950 3868 3062 3930 par
3100 3856 3235 3920 est,
3284 3849 3618 3918 exordiar,
3665 3850 4012 3916 Florentiae

2436 3945 2629 4007 totius
2656 3945 2992 4009 Hetruriae
3021 3948 3184 4011 Urbe
3213 3948 3498 4028 Principe
3519 3990 3539 4018 ,
3573 3947 3893 4029 praeclara
3922 3949 4019 4012 di-

2435 4041 2605 4122 tique
2636 4041 2980 4105 Ricciorum
3012 4040 3251 4106 familia
3281 4051 3419 4106 orta
3450 4050 3545 4106 est
3579 4049 3645 4105 B.
3690 4043 4016 4110 catharina

2436 4139 2513 4201 de
2546 4138 2787 4210 Ricciis,
2817 4159 3002 4220 quam
3031 4140 3297 4221 primum
3329 4140 3745 4204 Alexandr-arn
3777 4161 4015 4207 nuncu-

2434 4247 2639 4317 patam
2671 4236 2868 4301 fuisse
2885 4238 3263 4317 accepimus.
3295 4243 3436 4301 Jam
3460 4258 3495 4300 a
3528 4238 3794 4320 pueritia
3827 4237 4013 4306 facile

2432 4333 2714 4412 dignosci
2738 4334 2940 4415 potuit
2971 4353 3280 4416 quaenam
3303 4334 3436 4416 ipsa
3467 4334 3621 4399 olim
3650 4343 3819 4401 esset
3848 4334 4015 4403 futu·

2435 4449 2546 4503 ra3
2578 4432 2810 4512 quippe
2844 4452 3005 4513 quae
3036 4432 3310 4495 nondum
3355 4431 3563 4514 primo
3593 4453 3742 4496 suae
3785 4436 4010 4499 aetatis

2429 4524 2633 4592 lustro
2673 4527 2963 4593 confecto
3007 4549 3145 4592 eam
3192 4529 3398 4609 coepit
3443 4528 3607 4593 vitae
3651 4531 4007 4604 rationem,

2431 4643 2591 4705 quae
2620 4624 3013 4689 sanctitatem
3059 4624 3467 4705 portenderet
3499 4625 3752 4688 omnino
3796 4626 4007 4709 singu-

2426 4721 2662 4795 larem3
2694 4741 2836 4785 nam
2869 4721 3036 4784 ludis
3067 4723 3380 4790 omnihus,
3414 4723 3578 4785 unde
3612 4722 3871 4804 puerilis
3901 4741 4003 4786 ae·

2428 4826 2521 4884 tas
2548 4818 3032 4883 delectationem
3057 4827 3271 4901 petere
3294 4818 3474 4890 solet,
3508 4820 3756 4882 omnino
3787 4817 4003 4902 negle-

2423 4918 2581 4988 ctis,
2611 4916 2744 4980 sola
2774 4917 3051 4981 oratione
3094 4916 3570 4990 oblectabatur;
3599 4918 3698 4981 cui
3744 4917 3998 4998 quidem

2421 5025 2493 5078 ut
2534 5013 2896 5097 diligentius
2938 5024 3227 5086 vacaret,
3274 5013 3603 5077 remotiori
3647 5011 4003 5077 secretiori·

2420 5133 2545 5193 que
2579 5119 2873 5192 paternae
2906 5111 3130 5174 domus
3159 5109 3385 5192 angulo
3417 5109 3726 5173 latitabat.
3760 5115 3888 5182 Qua
3931 5110 3996 5172 in

730 5207 852 5271 cio.
888 5207 983 5269 Ad
1014 5207 1130 5272 hoc
1160 5209 1351 5272 etiam
1383 5209 1667 5280 accedit,
1699 5208 1866 5290 quod
1898 5207 2004 5289 qui
2033 5216 2177 5271 ante
2208 5230 2309 5274 me
2417 5226 2487 5270 re
2532 5208 2688 5269 illud
2718 5210 3049 5288 praecipue
3096 5207 3441 5269 mirandum
3489 5217 3678 5285 puto,
3723 5207 3888 5288 quod
3929 5206 3994 5269 in

729 5304 1066 5367 admodum
1125 5306 1379 5388 copiose
1422 5306 1759 5380 dixerunt,
1802 5309 2094 5369 Oratores
2138 5313 2309 5370 tanta

2423 5305 2778 5370 Dominicae
2825 5303 3139 5367 Passionis
3183 5301 3706 5384 contemplatione
3748 5305 3995 5385 potissi·

727 5399 1086 5485 eloquentia
1111 5402 1384 5486 praediti
1413 5402 1533 5468 visi
1566 5409 1745 5476 sunt,
1777 5407 1847 5465 ut
1874 5421 1992 5487 ego
2023 5401 2306 5467 omnium
2419 5423 2587 5467 mum
2620 5408 2920 5483 occupata
2950 5401 3110 5466 adeo
3138 5402 3695 5476 commovebatur,
3725 5409 3792 5465 ut
3820 5398 3990 5465 dole·
