4442 6300
1464 508 1836 576 Quinque.
1864 505 2335 569 mucronum
2374 507 2539 559 mn.
3366 503 3463 556 101

384 616 665 726 ‘amisih
695 652 757 743 in
788 630 1410 717 Sanctae-Romanae
1438 652 1758 719 Ecclesiae
1803 666 1977 735 prae·
2086 670 2240 722 suo,
2268 648 2409 731 ipse
2442 650 2674 730 pariter
2723 666 2855 732 pro,
2896 650 3098 734 salute
3156 651 3541 720 animarum,
3586 655 3654 713 et

413 750 642 813 sidium
674 760 738 814 et
782 751 980 815 decus
1011 750 1179 814 inter
1211 757 1478 814 ‘sanctos
1508 752 1654 814 ess'e
1698 748 1973 812 reteren-

410 849 582 912 dum.

409 998 798 1107 JOANNES
823 1046 1116 1127 BAPTIS
1128 1048 1213 1106 TA
1241 1048 1354 1106 Tit.
1378 1048 1437 1108 S.
1474 1048 1707 1117 Mariae
1727 1045 1972 1120 Angelo-

600 1160 738 1204 rum
773 1145 1098 1219 Presbyter
1130 1147 1476 1206 cardinalis
1509 1146 1796 1219 Spimcla.

425 1374 430 1379 ·
532 1343 794 1418 AEquum
851 1345 990 1423 est,
1045 1340 1501 1401 BEArlssfflF.
1543 1343 1794 1415 PATER
1819 1378 1840 1408 ‚
1901 1343 1972 1398 ut

412 1453 522 1498 eos
550 1453 780 1498 corona
821 1434 1082 1500 honoris
1111 1435 1408 1499 laetificet
1449 1437 1516 1497 in
1544 1436 1776 1509 terris,
1813 1455 1971 1515 quos

405 1531 533 1615 jam
567 1532 870 1604 Dominus
900 1534 1088 1597 sertis
1114 1532 1356 1616 gloriae
1387 1535 1626 1597 ornavit
1653 1533 1718 1596 in
1747 1533 1967 1596 Caelis.

409 1633 478 1693 B.
523 1624 806 1693 Fidelem
843 1628 922 1701 de
954 1630 1344 1714 Sigmaringa
1375 1640 1716 1714 ,postquam
1750 1632 1820 1692 in
1860 1631 1966 1693 do-

406 1726 664 1789 mestica
707 1745 858 1789 suae
901 1724 1259 1811 Religiosae
1304 1728 1602 1801 Familiae
1633 1727 1968 1815 ,palaestra

412 1823 688 1887 omnium
720 1822 1023 1907 virtutum
1057 1845 1287 1906 genere
1319 1826 1705 1896 exercitum,
1739 1823 1968 1888 fortem

409 1904 558 1985 suae
601 1919 774 1985 Fidei
818 1916 1128 1984 Aminiam
1176 1923 1299 1986 sibi
1341 1921 1718 1989 formaverat
1760 1929 1968 1995 neus,

408 2017 1001 2103 acerrimum-etiam
1034 2020 1304 2083 reddidit
1348 2040 1459 2099 per
1488 2021 1649 2094 vitae
1696 2030 1972 2084 coutem-

406 2123 578 2197 ptum
608 2124 671 2177 et
693 2115 1381 2200 prostrationem-proprii
1411 2118 1733 2199 sanguinis
1762 2118 1970 2182 catho-

407 2210 561 2277 licae
620 2213 1423 2295 Religionis-assertorem.
1469 2218 1967 2297 imperterritum

410 2307 787 2393 seexhihuit
817 2330 968 2375 vere·
1007 2311 1237 2375 Fidelis
1267 2314 1375 2376 Dei
1408 2332 1625 2379 servus
1670 2334 1795 2376 non
1840 2322 1967 2377 tan-

405 2411 534 2481 tum
578 2405 1107 2485 heterodoxorum
1155 2409 1477 2479 hominum
1523 2409 1811 2484 insidiis,
1856 2412 1970 2475 sed

409 2512 472 2568 et
499 2505 690 2569 armis
719 2514 786 2568 et
815 2508 950 2593 neci
997 2507 1116 2573 nihi·
1161 2506 1373 2573 illatae
1392 2508 1420 2584 ς’
1448 2512 1803 2592 exemplum
1851 2517 1972 2573 No·

413 2602 510 2666 his
537 2604 1012 2685 relinquens-ad
1043 2607 1646 2690 omnia'perterenda
1675 2630 1790 2691 pro
1825 2600 1970 2674 'Fide

410 2708 474 2765 et
501 2703 613 2765 Dei
648 2694 869 2782 gloria.
889 2710 1041 2767 Jure
1072 2706 1266 2787 igi-tur
1284 2713 1347 2770 et
1378 2708 1607 2771 merito
1631 2728 1778 2773 cum
1812 2716 1967 2772 Mar-

410 2801 565 2882 tyris
595 2821 900 2865 coronam
927 2806 1347 2883 cooeequutus
1387 2804 1574 2869 fuerit
1597 2849 1617 2876 ‚
1663 2802 1972 2887 reliquum

415 2907 559 2972 est,
601 2906 670 2961 ut
713 2901 1077 2967 eorumdem
1110 2909 1448 2987 Martyrum
1496 2905 1701 2969 Fastis
1744 2907 1972 2969 adscri-

412 3004 557 3076 ptus
581 3039 602 3069 ,
634 2996 934 3061 honorem
978 2999 1155 3062 illum
1181 3045 1201 3070 ,
1235 3023 1422 3083 quem
1457 3002 1520 3063 in
1564 3002 1767 3065 Caelis
1808 3004 1967 3067 obti-

421 3100 682 3174 net,3et
721 3114 907 3176 quem
965 3115 1080 3179 per
1121 3096 1290 3181 signa
1345 3107 1410 3163 et
1452 3098 1754 3166 miracula
1808 3106 1971 3164 Deus

417 3193 894 3273 comprobavit,
933 3193 1164 3259 habeat
1203 3200 1393 3260 etiam
1439 3204 1503 3262 et
1540 3200 1605 3260 in
1648 3199 1836 3263 terris
1891 3200 1969 3262 ad

412 3288 581 3352 Fidei
615 3292 1171 3374 propugnaculum,
1202 3302 1270 3356 et
1293 3296 1372 3359 ad
1401 3296 1745 3379 Religionis
1763 3296 1971 3361 ortho-

411 3385 611 3450 doxae
645 3386 1096 3452 incrementum
1129 3398 1195 3454 et
1224 3391 1438 3457 decus.

525 3585 624 3644 ΒΔ
638 3585 994 3649 YNERIUS
1027 3590 1142 3649 Tit.
1179 3585 1240 3650 s:
1272 3591 1530 3653 Sabinae
1578 3593 1890 3669 Presbyter

860 3690 1212 3750 cardinalis
1241 3696 1310 3751 ds
1344 3693 1517 3752 Heio.

539 3875 724 3941 Nulla
775 3879 980 3963 major
1027 3883 1314 3965 proferto
1369 3906 1552 3951 verae
1610 3892 1965 3961 sanctitatis

347 4014 358 4019 -
419 3973 708 4053 probatio
736 3977 945 4041 afferri
1005 3989 1248 4064 potest,
1300 3983 1485 4068 quam
1544 4010 1701 4071 qnae
1761 3995 1968 4062 reddit

419 4066 733 4134 hominem
763 4073 1432 4169 conformem‘imagini
1466 4086 1598 4149 Filii
1625 4092 1758 4154 Dei.
1792 4098 1963 4156 Hanc

419 4166 558 4248 ipse
589 4171 1022 4250 probationem
1058 4177 1501 4256 de'Sanctitate
1530 4188 1697 4251 beati
1739 4191 1966 4258 Fidelis

405 4281 440 4327 a
475 4266 862 4352 Sigmaringa
891 4272 1260 4340 in‘medium
1291 4281 1606 4362 profero‚'
1631 4292 1698 4348 ut
1755 4308 1962 4352 meum

405 4360 486 4424 de
512 4363 736 4427 eodem
768 4366 1100 4436 referendo
1129 4373 1192 4435 in
1220 4387 1579 4450 sanctornm
1622 4389 1963 4468 Martyrum

401 4459 636 4525 Album
667 4470 1038 4546 sent-entiam
1059 4473 1393 4555 explicem.
1426 4475 1776 4560 etquidem
1803 4484 1962 4548 adeo

399 4558 688 4640 perfecte
738 4571 805 4625 et
856 4564 1133 4632 fideliter
1183 4570 1521 4657 imaginem
1575 4577 1690 4642 ille
1742 4579 1965 4645 Christi

408 4661 656 4724 Domini
685 4663 749 4725 in
781 4684 851 4728 se
880 4671 1232 4748 expressit,
1260 4683 1329 4737 ut
1367 4673 1498 4739 vita
1553 4682 1706 4741 Jesu
1764 4677 1827 4739 in
1882 4700 1961 4744 eo

396 4761 800 4829 manifestata
828 4765 1184 4843 videretur,
1234 4770 1363 4835 sive
1422 4784 1738 4856 spectares
1766 4774 1962 4840 humi-

399 4860 647 4927 litatem
677 4907 697 4936 ,
748 4864 876 4932 sive
939 4874 1368 4949 paupertatem
1394 4913 1416 4943 ‚
1476 4871 1606 4936 sive
1661 4873 1959 4939 obedien-

395 4961 548 5027 tiam
574 5006 597 5038 ,
629 4963 760 5032 sive
789 4964 1050 5030 virtutes
1080 4987 1296 5032 omnes
1316 5011 1337 5042 ,
1370 4968 1599 5051 quibus
1639 4970 1704 5032 in
1763 4973 1953 5052 gradu

391 5059 652 5125 heroico
681 5061 911 5126 ditatus
939 5063 1076 5127 fuit.
1831 5089 1842 5096 ·

514 5165 643 5226 Nec
674 5162 752 5225 ab
784 5182 900 5234 eo,
932 5164 1098 5245 quod
1133 5165 1253 5228 sibi
1287 5165 1702 5247 proposuerat
1745 5187 1955 5250 exem·
2001 5173 2002 5176 ’

397 5260 504 5341 plo
528 5303 550 5331 ‚
580 5260 641 5322 in
671 5260 796 5324 vita
831 5264 1217 5343 sequendum
1244 5307 1264 5335 ,
1288 5263 1491 5328 voluit
1521 5263 1583 5325 in
1612 5259 1814 5329 morte
1838 5265 1953 5328 dif-

392 5358 557 5423 ferre
578 5379 608 5423 z·
629 5359 921 5443 vestigiis
951 5363 1180 5442 quippe
1212 5362 1610 5443 Reparatoris
1630 5363 1830 5427 nostri
1865 5363 1955 5424 in·

386 5462 687 5534 haerens,
720 5460 826 5543 qui
857 5461 1156 5523 mundum
1189 5460 1456 5524 redemit
1514 5460 1580 5524 in
1638 5462 1942 5546 sanguine

715 5590 927 5630 neno.
968 5587 1080 5629 xm.
1124 5589 1272 5628 τοι.
1314 5578 1441 5628 vn.

2083 746 2557 809 naereticorum
2591 749 3004 814 conversione
3036 758 3287 812 strenue
3318 748 3677 815 laborans..

2081 844 2358 929 Man-tyrii
2388 843 2663 925 palmam
2689 855 3065 930 assequutus
3113 855 3257 920 est,
3316 853 3448 910 Deo
3507 862 3650 908 con·

2061 932 2365 1015 ‘'firmante
2401 943 2812 1023 sequentihus
2845 945 3057 1033 signis.

2206 1040 2427 1102 Merito
2452 1042 2646 1124 igitur
2673 1041 2944 1106 honores
2967 1086 2986 1115 ‚
3016 1043 3253 1126 quibus
3303 1040 3435 1104 veri
3488 1045 3647 1109 Mar-

2083 1143 2258 1220 tytes
2289 1138 2351 1198 in
2384 1139 2663 1203 Ecclesia
2705 1140 2995 1203 honorari
3054 1160 3436 1207 consuevere
3460 1182 3480 1209 ‚
3543 1136 3650 1199 de·

2079 1235 2377 1298 cernendi
2414 1243 2552 1301 suut
2586 1238 2644 1299 ei
2673 1281 2692 1309 ,
2727 1238 2834 1319 qui
2867 1246 2996 1302 tum
3026 1239 3087 1300 in
3126 1246 3362 1309 morte,
3414 1244 3547 1298 tum
3584 1234 3649 1293 in

2082 1337 2216 1395 toto
2247 1333 2414 1398 vitae
2447 1356 2599 1399 suae
2628 1354 2811 1399 cursu
2826 1336 3047 1402 ‘factus
3076 1343 3174 1400 est
3228 1333 3455 1399 similis
3514 1331 3651 1406 illi,

2080 1429 2186 1511 qui
2220 1444 2407 1514 caput
2435 1442 2527 1496 est
2563 1438 2928 1518 Martyrum.

2166 1624 2795 1690 Doulmctssfie.
2834 1630 2895 1690 S.
2936 1633 3236 1693 Rerum-an·
3271 1631 3585 1707 Presbyter
3632 1646 3660 1719 ,ζ

2493 1730 2847 1791 cardinalis
2881 1730 3262 1791 Passionem.

2206 1917 2526 1982 pretiosus
2556 1921 2823 2004 sanguis·
2838 1922 3005 1985 beati
3026 1920 3274 1989 ‘Fidelis
3323 1943 3359 1984 a
3415 1921 3648 2005 Sigma-

2081 2011 2261 2093 ringa
2290 2014 2521 2079 clamat
2552 2019 2627 2080 ad
2661 2027 2746 2082 Te
2771 2064 2791 2089 ,
2848 2025 3310 2084 BEATISSIME
3351 2022 3601 2084 PATER
3625 2064 3646 2093 ‚

2081 2116 2148 2171 ut
2181 2111 2419 2177 vindex
2448 2115 2536 2178 sis
2558 2159 2577 2184 ‚
2608 2135 2734 2180 non
2766 2115 2977 2197 illatae
3012 2118 3136 2182 sibi
3166 2117 3647 2183 crudelissimae

2081 2208 2251 2272 necis
2272 2252 2293 2285 ‚
2344 2211 2454 2274 sed
2515 2212 2753 2277 Vindex
2814 2214 3051 2299 gloriae
3071 2260 3091 2287 ‚
3153 2237 3341 2298 quam
3400 2215 3650 2279 fortiter

2080 2313 2562 2390 constanterque
2594 2331 2706 2393 pro
2733 2314 3001 2389 nomine
3025 2319 3201 2386 Jesu,
3233 2313 3671 2377 truculentam.

2081 2403 2174 2463 sui
2203 2406 2484 2485 corporis
2513 2409 2770 2471 caedem
2812 2404 3221 2494 sustinendo,
3279 2412 3642 2496 promeruit.

2079 2504 2315 2573 Quanta
2348 2504 2507 2566 enim
2530 2506 2730 2569 adhuc
2752 2507 2960 2590 vigeat
2979 2528 3240 2571 suorum
3273 2509 3641 2574 meritorum

2082 2599 2387 2662 memoria
2419 2606 2483 2663 et
2515 2600 2715 2675 fama,
2748 2603 2867 2669 sibi
2911 2607 3328 2688 undequaque
3388 2620 3647 2671 consens

2083 2694 2285 2767 tiens,
2316 2706 2531 2763 cuncta
2566 2702 2771 2764 Testis
2800 2696 2916 2765 ‘est
2978 2702 3231 2767 Rhaetia
3278 2705 3641 2776 ,Catholicaz
3680 2770 3687 2775 ,

2082 2798 2305 2856 Testes
2323 2804 2629 2877 quotquot
2659 2799 2882 2861 eodem
2915 2799 3132 2881 spiritu
3158 2800 3380 2887 repleti
3413 2803 3475 2864 iu
3504 2823 3644 2884 pro-

2083 2892 2353 2955 curanda
2383 2894 2732 2967 animarum
2763 2896 2963 2960 salute
2995 2899 3083 2966 ibi
3114 2899 3468 2962 desudantx
3529 2907 3644 2963 Te-

2082 2988 2196 3051 stis
2227 2987 2498 3070 denique
2531 3000 2593 3055 et
2626 2999 2755 3075 Ego
2779 3037 2799 3066 ‚
2831 2997 2936 3075 qui
2969 2997 3192 3059 decem
3256 3004 3323 3060 et
3356 2996 3645 3078 ‚amplius

2080 3105 2274 3151 annos
2296 3129 2315 3158 ‚
2344 3086 2494 3166 licet
2524 3091 2919 3167 immeritus,
2954 3094 3323 3176 Apostolicu
3364 3083 3646 3179 Legatio-

2079 3203 2160 3247 ne
2187 3184 2436 3251 functus
2458 3231 2477 3258 ‚
2509 3209 2630 3253 non
2662 3191 2861 3255 semel
2904 3193 3269 3274 perlustravi
3304 3202 3370 3257 et
3427 3214 3641 3276 suspe-

2077 3282 2142 3344 xi
2169 3303 2246 3348 ea
2278 3284 2662 3352 Rhaetorum
2682 3327 2710 3360 ,
2743 3289 3016 3371 scopulis
3047 3293 3474 3373 impendentia
3498 3336 3518 3365 ‚
3549 3293 3640 3356 lo-

2078 3400 2150 3444 ca
2173 3424 2193 3451 ‚
2227 3402 2387 3462 quae
2420 3382 2805 3448 fortissimus
2827 3387 3053 3452 Christi
3080 3389 3266 3454 Miles
3291 3390 3640 3472 praeceptis

2035 3517 2044 3522 -
2080 3476 2398 3552 excoluit,
2426 3481 2685 3544 monitis
2714 3481 3005 3548 instruxit
3031 3530 3050 3557 ,
3092 3486 3639 3562 virtutibus'fovit..

2079 3574 2272 3637 odore
2303 3575 2658 3640 sanctitatis
2686 3578 2967 3659 implevit
2990 3628 3010 3655 ‚
3060 3604 3131 3647 ac
3189 3585 3441 3647 demum
3503 3604 3637 3646 ssu-

2079 3673 2263 3753 guine
2294 3674 2629 3737 decoravit.
2665 3678 2903 3739 Exaudi
2936 3699 3089 3760 ergo
3111 3724 3131 3750 ,
3176 3687 3637 3744 BEATISSlME

2077 3775 2371 3848 PATER,
2404 3769 2589 3852 hujus
2617 3775 2934 3856 sanguinis
2962 3796 3184 3841 vocem
3219 3799 3331 3858 per
3361 3785 3451 3841 tot
3497 3777 3639 3841 hor-

2079 3867 2213 3931 rida
2242 3866 2498 3930 vulnera
2531 3870 2608 3933 ad
2640 3878 2727 3934 Te
2767 3872 3142 3938 clamantem
3169 3918 3188 3946 ‚
3244 3884 3308 3939 et
3366 3877 3632 3943 solemni

2077 3965 2222 4030 Ritu
2282 3975 2632 4030 sanctorum
2692 3975 3031 4054 Martyrum
3089 3974 3305 4037 coetui
3331 4017 3351 4046 ‚
3390 3991 3637 4041 ‘novum

2076 4062 2239 4128 hunc
2272 4063 2587 4152 Athletam
2627 4065 2895 4130 adscribi
2926 4097 2927 4100 ¹
2959 4070 3227 4134 decerne
3249 4114 3269 4143 ‚
3328 4081 3638 4153 quatenus

2072 4160 2194 4225 hoc
2221 4161 2514 4244 exemplo
2543 4163 2788 4227 Helveti
2811 4208 2830 4236 ,
2863 4163 2925 4230 et
2961 4167 3173 4231 Rhaeti
3209 4169 3456 4235 Fideles
3509 4194 3638 4239 ma·

2077 4261 2171 4344 gis
2205 4260 2670 4324 roborentur-in
2700 4260 2825 4325 tide
2844 4306 2867 4335 ‚
2898 4283 2933 4327 a
2962 4262 3084 4327 fide
3127 4275 3421 4333 extorres
3446 4269 3524 4333 ad
3556 4273 3633 4334 si-

2075 4377 2219 4421 num
2251 4357 2575 4422 Ecclesiae
2608 4361 2848 4424 *matris
2907 4370 3333 4440 revertantur,
3391 4376 3454 4432 et
3500 4375 3633 4434 ,Nos

2087 4457 2408 4519 discamus
2430 4499 2449 4527 ‚
2480 4471 2790 4537 nunquam
2820 4458 3071 4541 dignius
3107 4463 3263 4525 mori
3294 4485 3478 4546 posse
3529 4473 3638 4529 Sa-

2076 4554 2399 4616 cerdotein
2433 4553 2703 4626 Christi,
2733 4575 2915 4638 quam
2957 4577 3099 4619 cum
3160 4560 3412 4645 indigne
3469 4564 3631 4628 occi-

2074 4653 2241 4715 ditur
2266 4672 2384 4733 pro
2410 4650 2556 4714 fidei
2588 4672 2775 4716 causa
2802 4661 2865 4715 et
2896 4653 3315 4721 defensioue.-

2233 4850 2572 4913 SYLVIUS
2611 4852 2726 4909 Tit.
2760 4845 2841 4911 s:
2857 4854 3097 4913 Priscae
3160 4857 3479 4932 Presbyter

2524 4951 2870 5011 Cardinalis
2903 4956 3163 5014 Valenti.

2191 5143 2483 5219 Quamvis
2516 5141 2634 5206 viri
2669 5146 3004 5208 Sanctitate
3032 5147 3388 5229 conspicui,
3446 5157 3625 5214 ΒΕΑ.

2065 5248 2374 5314 TtssmE
2404 5247 2656 5305 PATER
2680 5287 2700 5316 ‚
2732 5252 3059 5325 postquam
3114 5247 3533 5311 immortalem
3566 5272 3627 5313 a·

2066 5347 2239 5430 depti
2283 5345 2405 5407 sint
2459 5341 3013 5424 repromissionem
3074 5342 3242 5406 cultu
3303 5345 3622 5410 hominum

2072 5465 2194 5512 uon
2226 5443 2577 5527 indigeant,
2606 5441 2859 5523 copiosa
2892 5441 3054 5504 enim
3107 5463 3323 5507 eorum
3385 5467 3628 5514 merces

3230 5563 3299 5614 13
