4442 6300
1519 542 1866 608 eumont

571 689 645 748 Et
675 685 965 766 quoniam
994 685 1055 746 in
1091 690 1350 748 Decreto
1381 686 1693 766 superiori
1736 684 1991 749 ‘mentio

1936 541 2400 595 SANCTORt‘M
2472 544 2637 596 E'l'C.
3463 549 3496 600 5

2125 685 2575 751 intercessione
2609 688 2974 760 miraculis,
3004 690 3394 755 Pontificium
3446 691 3688 755 dumta-

448 783 612 847 t'acta
642 783 846 860 esrae
880 781 1119 866 inclyto
1149 782 1693 847 Cartbusianorum
1749 792 2015 849 Parente
2121 792 2233 846 xat
2255 782 2338 849 de
2379 768 2468 848 iis
2526 793 2963 865 expectaretur
3014 787 3358 852 oraculum.
3417 795 3686 866 Tempus

448 887 673 944 Sancto
700 886 990 953 ,Brunone
1013 926 1030 948 ,
1064 882 1141 943 ad
1168 882 1348 963 cujus
1378 881 1576 945 altare
1606 881 1798 946 sacris
1858 903 2007 962 ope-

451 987 627 1041 ratus
656 978 947 1042 Pontifex
977 1024 996 1050 ‚
1024 977 1195 1043 sesto
1225 979 1398 1043 illius
1458 979 1558 1042 die
1620 988 2016 1052 recurrente,

450 1078 521 1136 B.
554 1074 940 1139 Catharinam
973 1076 1215 1140 Sanctis
1242 1076 1561 1140 accenseri
1622 1079 2017 1158 quandocun-

453 1193 579 1253 que
600 1193 796 1261 posse
826 1174 1209 1247 declaravit3
1243 1194 1364 1238 non
1396 1185 1567 1239 esset
1594 1176 1710 1240 abs
1763 1197 1831 1239 re
1892 1196 2015 1240 me-

2129 892 2249 944 non
2283 882 2591 946 modicum
2615 883 3091 955 intercesserat,
3122 905 3235 949 nec
3264 886 3345 949 de
3373 887 3536 949 Petri
3583 891 3689 948 Ca·

2126 980 2345 1042 thedra
2376 1001 2496 1043 vox
2519 980 3279 1067 incorruptaffjudicantis,
3336 983 3416 1046 de
3460 983 3694 1063 quibus

2127 1086 2439 1141 constaret
2470 1078 2807 1151 miraculis,
2838 1080 3040 1144 adbuc
3068 1080 3458 1145 intonuerat:
3488 1081 3695 1144 Publi-

2128 1194 2238 1236 cae
2272 1183 2601 1255 propterea
2633 1174 3042 1258 privataeque
3073 1196 3294 1259 preces
3354 1177 3420 1239 in
3467 1177 3690 1240 borum

451 1269 705 1333 minissc
740 1269 935 1336 etiam
967 1272 1120 1354 quid
1149 1273 1312 1337 circa
1367 1273 1664 1335 eximium
1725 1274 2014 1357 ejusdem
2131 1275 2465 1334 Beatorum
2498 1270 2818 1355 Templis,
2848 1282 2913 1338 et
2941 1273 3277 1338 coenobiis
3333 1294 3414 1338 eo
3470 1274 3696 1358 dirigu-

451 1368 722 1431 Instituti
754 1377 1139 1434 sectatorem
1173 1368 1884 1454 Nicolaum-Albergati,
1917 1372 2016 1434 Ci-

2139 1368 2365 1433 bantur
2387 1412 2408 1439 ,
2439 1376 2506 1431 ut
2536 1368 2613 1432 ad
2645 1369 2709 1431 id
2739 1370 3152 1435 obtinendum
3178 1412 3199 1442 ,
3231 1370 3397 1452 quod
3442 1371 3696 1453 peteba-

458 1484 599 1528 vem
633 1475 699 1529 et
755 1467 1130 1550 Episcopum
1188 1470 1531 1531 Bononien.
1596 1467 2020 1533 clarissimum
2134 1473 2277 1535 tur,
2306 1473 2649 1546 opportuna
2677 1487 2715 1531 e
2745 1466 2923 1532 caelo
2952 1465 3315 1535 Pontificiae
3344 1468 3539 1531 menti
3591 1467 3700 1529 lux

460 1562 618 1625 sacri
651 1563 1069 1627 cardinalium
1099 1564 1360 1648 Collegii
1386 1565 1580 1630 deciis
1611 1573 1675 1629 et
1700 1586 2023 1631 ornamen-

467 1668 600 1721 tum
632 1661 940 1725 Sanctitas
971 1668 1088 1725 Sua
1149 1662 1588 1735 constituerit,
1645 1685 1856 1729 coram
1919 1665 2029 1727 de-

463 1774 603 1818 cem
633 1757 1171 1845 Eminentissimis
1208 1759 1503 1825 Patribus
1526 1803 1546 1832 ,
1603 1780 1827 1842 nempe
1887 1767 2029 1824 Ler-

461 1854 591 1918 cari
613 1897 634 1925 ,
663 1855 745 1918 de
777 1855 1134 1923 Gentilibus
1154 1899 1174 1927 ‚
1208 1857 1528 1940 Guadagni
1554 1898 1575 1930 ,
1606 1856 1859 1938 spinula
1883 1901 1902 1931 ,
1947 1858 2043 1929 de,

460 1950 871 2025 valentibus,
902 1953 978 2015 de
1009 1955 1329 2018 Montibus
1348 1955 1659 2027 ,·Lucino,
1689 1954 2029 2039 Bolognet-

461 2046 513 2108 ti
535 2092 555 2120 ,
586 2049 972 2134 Hieronymo
1003 2049 1305 2114 Columna
1328 2095 1347 2123 ,
1384 2059 1686 2134 Prospero
1727 2053 2027 2119 Columna

468 2145 548 2209 de
578 2149 818 2211 Sciarra
843 2149 1022 2232 jussu
1053 2148 1376 2214 Pontificis
1404 2151 1798 2221 convocatis,
1841 2158 2030 2231 atque

464 2261 588 2304 una
620 2263 761 2309 cum
791 2251 1053 2309 Oratore
1082 2247 1396 2310 Bononiae
1428 2248 1672 2309 comite
1704 2248 2035 2312 Bentivole

471 2339 535 2401 in
565 2341 787 2405 intimo
818 2342 1101 2425 ejusdem
1135 2341 1455 2407 Ecclesiae
1515 2343 1718 2409 Cboro
1775 2365 2033 2429 congre-

467 2439 671 2521 gatis,
704 2439 818 2503 nisi
850 2460 962 2503 nos
992 2442 1273 2523 apprime
1306 2439 1650 2507 instructos
1701 2441 2034 2530 redderent

470 2536 647 2616 ipsae
673 2537 1072 2617 Apostolicae
1104 2537 1328 2603 literae
1353 2582 1373 2611 ,
1401 2559 1559 2621 quas
1589 2539 1896 2605 referrem
1918 2540 2035 2605 boc

470 2631 638 2702 loco,
674 2633 792 2699 nisi
822 2655 934 2698 eas
957 2636 1457 2720 jamimpressas
1489 2657 1606 2700 una
1639 2656 1781 2719 cum
1812 2644 2036 2702 Decre-

474 2740 540 2795 to
567 2774 588 2801 ,
618 2726 1016 2797 Lectionibus
1045 2734 1349 2815 propriis,
1383 2743 1450 2799 et
1478 2734 1783 2815 peculiari
1816 2734 2036 2820 Elegio

478 2829 764 2910 ejusdem
794 2831 967 2895 Beati
994 2831 1233 2895 Nic-olai
1262 2831 1587 2916 Albergati
1621 2832 1686 2893 in
1730 2838 2035 2917 Martyro-

476 2924 649 3009 logio
680 2934 957 2991 Romano
985 2929 1393 3010 apponendo,
1421 2929 1800 2993 haberemus
1841 2937 2038 2994 Tomo

476 3027 711 3095 Sexto,
744 3044 883 3106 pag.
917 3020 1060 3091 461.
1097 3027 1117 3046 ⁶
1165 3026 1341 3090 aurei
1401 3046 1619 3090 revera
1677 3027 1900 3109 0⁹⁶2?ss
1958 3029 2038 3095 de

477 3126 808 3185 servorum
840 3123 951 3185 Dei
986 3120 1480 3200 -Beatiflcatione
1505 3166 1525 3195 ,
1584 3131 1648 3187 et
1701 3128 2036 3190 Beatorum

477 3220 997 3291 Canonizatione,
1027 3222 1369 3285 novissime
1405 3242 1440 3284 a
1502 3220 1912 3286 sanctissimo
1952 3223 2041 3304 ip-

480 3318 613 3384 sius
641 3326 895 3384 auctore
927 3323 1365 3383 BENEDlCTO
1406 3325 1605 3383 ΡΑΡΑ
1659 3324 1820 3383 XIV.
1879 3340 2043 3384 sum·

480 3436 737 3497 mopere
768 3416 930 3480 aucti
956 3459 978 3488 ,
1010 3424 1074 3480 et
1107 3417 1291 3480 tertio
1323 3417 1443 3484 sub
1474 3417 1689 3510 praelo
1720 3418 1907 3501 positi
1930 3439 2073 3500 pro,

483 3513 980 3578 Conimbricensi
1008 3514 1318 3597 Liturgica
1350 3513 1684 3579 Academia
1709 3557 1730 3588 ,
1759 3535 1918 3598 quae
1940 3536 2043 3598 pe·

484 3609 778 3675 culiarem
817 3631 1010 3694 super
1034 3611 1157 3676 boc
1188 3611 1583 3676 demandavit
1609 3632 1822 3677 curam
1864 3634 2042 3695 prae-

485 3708 839 3774 clarissimo
863 3711 1002 3774 viro
1057 3719 1124 3774 P.
1169 3708 1577 3776 Emmanueli.
1613 3710 1695 3774 de
1755 3712 2047 3775 Azevedo

489 3807 817 3872 societatis
847 3815 994 3874 lesu
1028 3809 1298 3872 Alumno
1319 3851 1341 3880 ,
1370 3828 1512 3870 cum
1546 3808 1624 3871 ad
1677 3828 2047 3889 promoven-

488 3902 601 3966 das
627 3919 749 3968 non
781 3924 1009 3986 paucas
1040 3911 1372 3968 Servorum
1406 3904 1519 3970 Dei
1550 3910 1779 3969 Causas
1808 3926 1845 3968 a
1886 3905 2049 3969 Lusi·

487 4003 688 4065 taniae
719 4012 785 4065 et
814 4000 1246 4084 Algarbiorum
1280 4007 1452 4085 Rege
1475 3999 1751 4068 selectus
1781 4012 1882 4066 est
1902 4021 2048 4082 prae

495 4098 786 4160 omnibns
809 4140 829 4169 ,
860 4106 922 4160 et
950 4104 1181 4160 Romae
1213 4096 1551 4170 detentus3
1583 4097 1692 4160 ubi
1713 4099 1792 4161 ab
1823 4099 2047 4162 eodem

499 4196 907 4258 Sanctissimo
936 4201 1114 4257 Patre
1146 4202 1471 4259 Sacrorum
1507 4194 1751 4258 Rituum
1788 4200 2051 4279 Congre-

503 4293 769 4375 gationis
796 4293 1127 4359 Consultor
1156 4293 1551 4357 renunciatus
1577 4339 1596 4366 ,
1629 4313 1869 4357 summa
1900 4292 2050 4376 vigi·

489 4388 685 4454 lautia
711 4433 731 4461 ,
758 4398 826 4453 et
854 4391 1131 4453 omnium
1162 4391 1565 4453 Eruditorum
1610 4390 2051 4472 expectatione

2136 1559 2489 1643 affulgeret.

2264 1665 2412 1723 BEN
2422 1666 2744 1725 EDICTUS
2767 1682 2914 1725 vero
2937 1706 2955 1733 ,
2986 1660 3134 1727 licet
3161 1661 3314 1727 baec
3345 1664 3404 1725 ei
3436 1683 3582 1727 cura
3607 1662 3700 1729 al-

2143 1765 2206 1819 te
2239 1756 2573 1822 insedisset
2608 1760 2670 1820 in
2704 1759 2946 1822 animo:
2981 1768 3188 1824 tamen
3211 1802 3234 1830 ,
3283 1768 3353 1821 ut
3403 1760 3700 1842 pap-lum

2141 1852 2267 1916 sibi
2300 1855 2699 1920 commissum
2725 1899 2746 1927 ,
2779 1858 3002 1930 omni,
3032 1878 3160 1940 quo
3185 1866 3464 1938 peterat,
3497 1860 3704 1923 studio

2142 1951 2596 2032 acceptabilem
2628 1960 2759 2019 Deo
2818 1954 3018 2038 magis
3071 1954 3401 2026 redderet,
3464 1975 3702 2020 sacram

2142 2046 2568 2113 visitationem
2596 2050 2929 2115 instituere
2959 2068 3072 2131 per
3099 2051 3160 2113 id
3189 2061 3437 2132 tempus
3493 2053 3709 2116 decre-

2141 2154 2344 2218 verat,
2374 2149 2557 2231 cujus
2584 2148 2827 2213 initium
2851 2171 2895 2229 a
2924 2148 3116 2213 darno
3147 2150 3258 2212 Dei
3293 2171 3362 2213 se
3397 2147 3706 2215 facturum

2143 2245 2349 2325 primo
2379 2244 2480 2307 die
2510 2246 2657 2332 Maji
2688 2246 2833 2309 aeni
2866 2248 3047 2311 1745.
3078 2246 3269 2311 etiam
3301 2247 3523 2313 edixit.

2272 2348 2333 2405 Is
2362 2342 2500 2408 dies
2530 2352 2667 2408 erat
2692 2342 3146 2428 Apostolorum
3176 2343 3437 2427 Philippi
3454 2387 3489 2417 -,
3515 2352 3582 2409 et.
3605 2350 3710 2408 Ja-

2145 2438 2291 2502 cobi
2348 2440 2668 2522 triumpho
2723 2450 3145 2507 consecratus.
3199 2447 3462 2506 Summo
3522 2441 3712 2521 igitur

2151 2556 2334 2601 mane
2365 2556 2506 2601 cum
2538 2540 2615 2602 ad
2647 2546 3007 2603 Lateranum
3040 2558 3108 2602 se
3139 2538 3506 2603 contulisset
3547 2546 3713 2605 Pon-

2149 2634 2346 2707 tifex,
2375 2655 2412 2703 a
2444 2636 2728 2719 Capitulo
2788 2635 3130 2709 Basilicae,
3185 2636 3448 2719 ejusque
3506 2636 3715 2701 Arabi-

2151 2735 2529 2817 presbytero
2582 2734 2777 2799 Nerio
2831 2732 3144 2798 Cardinali
3193 2732 3450 2799 cornino
3507 2733 3714 2799 sanari

2150 2831 2460 2895 Eustachii
2492 2831 2764 2895 Diacono
2793 2840 3093 2921 exceptus
3116 2873 3138 2902 ,
3166 2840 3312 2913 pest
3337 2831 3570 2895 effusas
3607 2849 3717 2894 an·

2151 2936 2212 2991 te
2245 2928 2749 3012 augustissimum
2778 2924 3218 2997 Eucharistiae,
3252 2935 3718 2995 Sacramentum

2150 3046 2414 3107 preces,
2443 3025 2729 3107 aliasque
2761 3027 3256 3108 praeparatorias
3314 3026 3394 3088 ad
3454 3025 3712 3089 Missam

2151 3123 2463 3204 perlectas
2492 3124 2556 3186 in
2584 3124 2811 3202 eodem
2843 3123 3039 3189 Altari
3072 3121 3453 3188 Sacrificium
3507 3122 3717 3187 confe-

2152 3223 2230 3284 cit
2260 3248 2284 3296 ς
2310 3243 2436 3304 quo
2464 3221 2799 3294 absoluto,
2828 3223 2893 3284 iu
2937 3221 3291 3301 proximum
3346 3220 3719 3294 Columnen·

2142 3318 2312 3394 ,sium
2344 3318 2676 3394 Sacellum,
2707 3339 2898 3402 equ·
2928 3317 3170 3384 familia
3200 3317 3550 3390 cardinalis
3578 3318 3722 3382 Hie·

2156 3437 2454 3503 ronymus
2503 3417 2842 3499 utriusque
2895 3416 3238 3498 Apostolici
3298 3415 3519 3481 Palatii
3580 3420 3724 3478 Pre-

2154 3515 2515 3581 Fraet‘ectus
2546 3534 2849 3596 praesens
2871 3514 3092 3580 aderat
3111 3558 3131 3587 ,
3161 3514 3468 3579 secedens
3487 3511 3722 3578 Defun-

2159 3625 2404 3679 ctorum
2434 3614 2671 3677 animas
2698 3611 3022 3678 consuetis
3061 3612 3458 3676 orationibus
3514 3611 3724 3676 absol·

2158 3712 2271 3777 vit.
2301 3718 2445 3776 Mox
2475 3719 2776 3792 utrasque
2799 3710 3162 3782 custodias,
3196 3719 3261 3780 et
3285 3729 3423 3774 eam
3455 3709 3722 3779 scilicet,

2164 3828 2326 3890 quae
2358 3806 2698 3873 caelestem
2727 3804 3109 3889 Angelorum
3139 3825 3362 3887 panem
3396 3807 3460 3867 ia
3488 3805 3726 3890 pyxide

2162 3914 2371 3970 servat
2392 3949 2412 3976 ,
2447 3914 2513 3967 et
2537 3902 2711 3968 illam
2731 3947 2753 3976 ,
2784 3925 2904 3985 qua
2935 3923 3253 3969 sacrorum
3286 3901 3588 3972 Oleorurn
3627 3923 3727 3964 va·

2162 4023 2231 4068 sa
2261 4002 2638 4072 conduntur,
2668 4000 2833 4064 intus
2858 4008 2924 4063 et
2951 4007 3127 4063 extra
3153 3998 3495 4081 diligenter
3521 3997 3729 4077 inspe-

2166 4099 2276 4162 xit.
2307 4097 2545 4162 Deinde
2566 4096 2778 4185 Capita
2805 4098 3131 4164 beatorum
3152 4093 3590 4176 Apostolorum
3619 4100 3729 4157 Pe-

2172 4200 2278 4270 tri,
2310 4187 2377 4260 et
2405 4195 2613 4266 Pauli,
2645 4203 3012 4277 ceterasque
3042 4193 3455 4276 plurimorum
3477 4197 3727 4256 Sancto·

2180 4312 2323 4355 rum
2357 4289 2680 4371 Reliquias
2703 4334 2723 4361 ,
2755 4307 2916 4370 quae
2943 4290 3005 4351 in
3039 4287 3167 4352 alto
3198 4298 3488 4371 pegmate
3536 4289 3734 4353 instar

2180 4388 2374 4453 turris
2403 4389 2558 4451 intra
2586 4387 2912 4472 Templum
2945 4395 3156 4450 erecto
3188 4395 3506 4448 servantur
3529 4429 3549 4456 ,
3587 4405 3731 4467 pro·

508 4487 860 4569 praefatum
892 4495 1061 4569 Opus
1091 4487 1708 4571 magnificentissime
1761 4488 2054 4570 exsequi·
2116 4549 2121 4553 ,
2171 4485 2314 4568 pius
2341 4493 2789 4554 veneraturus,
2816 4501 2932 4562 per
2957 4481 3224 4564 amplam
3268 4481 3496 4546 scalam
3527 4479 3607 4543 de
3636 4481 3730 4541 in-

491 4594 608 4648 1¹1¹·-
630 4682 1054 4746 Elaborabant
1083 4683 1246 4747 inter
1274 4683 1426 4749 baec
1453 4682 1881 4750 Postulatores
1934 4687 2053 4745 BB.

2174 4584 2415 4646 dustria
2447 4591 2722 4664 paratam
2746 4622 2768 4650 ,
2798 4588 2858 4642 et
2893 4581 2971 4641 ab
3000 4587 3121 4643 Ara
3154 4573 3413 4661 majori,
3446 4599 3609 4659 quae
3648 4597 3731 4640 ex

2173 4681 2436 4744 adverso
2466 4687 2606 4751 est,
2635 4697 2762 4741 non
2787 4676 2971 4759 longe
3022 4674 3381 4757 applicitam
3439 4673 3730 4758 superius

507 4781 751 4843 Camilli
783 4782 859 4844 de
892 4781 1074 4845 tellis
1094 4824 1115 4857 ,
1146 4790 1209 4845 et
1239 4782 1495 4864 Josepbi
1525 4802 1560 4845 a
1600 4781 1896 4846 Leonissa
1922 4825 1942 4853 ‚
1989 4791 2059 4846 ut
2166 4777 2470 4844 ascendit.

506 4878 874 4958 quantocius
903 4898 1147 4950 causas,
1179 4900 1335 4962 quas
1362 4887 1808 4961 susceperant,
1834 4879 1919 4943 ad
1950 4899 2057 4962 op-

501 4983 688 5036 tatum
713 4975 1207 5040 canonizationis
1228 4976 1414 5039 finem
1442 4977 1885 5064 perducerent.
1914 4985 2056 5039 Am-

2299 4882 2514 4939 Crates
2542 4871 2783 4935 ferreae
2831 4872 3186 4938 inauratae,
3244 4870 3473 4950 quibus
3532 4870 3728 4929 circu·

2174 4972 2514 5054 mundique
2564 4989 2788 5052 pegma
2847 4965 3280 5038 concluditur,
3338 4974 3399 5026 et
3461 4983 3726 5045 quarum

506 5074 621 5135 bae
653 5074 737 5136 ita
791 5083 1267 5153 processerant,
1326 5085 1398 5138 ut
1452 5094 1663 5138 coram
1723 5075 2057 5146 Sanctitate
2177 5069 2388 5134 claves
2414 5087 2605 5150 penes
2636 5086 2704 5130 se
2729 5062 3001 5135 babent,
3050 5062 3309 5127 alteram
3367 5058 3729 5125 Praefectus

498 5175 613 5231 Sua
647 5172 763 5232 rite
795 5171 1140 5251 perpensis,
1173 5194 1332 5254 quae
1362 5181 1503 5253 post
1524 5173 1905 5253 impertitum
1938 5174 2057 5237 eis,

514 5266 656 5329 dem
688 5268 859 5332 Beati
885 5267 1116 5333 cultum
1151 5290 1184 5332 a
1214 5277 1345 5335 Deo
1373 5269 1533 5336 facta
1562 5270 1801 5335 fuerant
1842 5292 2060 5337 eorum

2170 5178 2405 5234 Domus
2430 5164 2933 5244 Pontificiaepro
2962 5168 3147 5244 Papa,
3177 5160 3437 5223 alteram
3472 5163 3731 5222 Conser-

2189 5278 2442 5333 vatores
2461 5265 2645 5330 Urbis
2673 5279 2788 5346 pro
2818 5259 3051 5344 Populo
3084 5267 3390 5328 Romano,
3422 5264 3737 5321 reseratae

604 5471 621 5487 “
665 5472 729 5521 ln
770 5472 877 5523 hac
906 5444 1094 5523 nostra
1124 5471 1385 5526 Edr'te‘one
1413 5471 1689 5525 habentur
1711 5473 1899 5528 eodem
1939 5477 1991 5527 T
1986 5494 2091 5528 om.
2135 5477 2227 5527 VJ.
2258 5472 2334 5524 ad
2331 5469 2534 5541 finem.

821 5587 1033 5626 truso.
1078 5590 1192 5627 xiv.
1234 5589 1381 5626 rom.
1425 5578 1552 5628 vn.
