4442 6300
1504 500 1849 568 Quinque
1915 499 2382 554 sucronem
2451 506 2612 554 mc„

444 644 613 712 ralis.
643 646 1105 715 Protonotarios
1164 644 1711 725 subsequebantur
1766 641 2002 708 Mendi-

443 746 717 810 cantium
750 745 1049 808 ordinum
1078 740 1353 825 Magistri
1386 741 1722 806 Generales
1745 784 1765 812 ,
1816 740 2003 823 quili-

445 844 556 907 bet
582 840 801 905 habitu
834 839 1099 903 instituti
1136 839 1274 911 sui;
1307 845 1373 900 et
1407 847 1730 920 postremo
1784 860 1849 902 a.
1882 847 2005 901 ter·

441 961 522 1024 go
544 937 821 1002 conferta
837 939 1097 1001 Militum
1123 935 1550 1000 Helvetiorum
1576 956 1818 1007 manus,
1839 956 1999 1018 quae

443 1039 688 1102 turbam
723 1035 1073 1100 cohiberet.
1142 1065 1153 1069 -

568 1133 685 1198 Ubi
716 1131 1001 1197 Pontifex
1031 1131 1195 1195 venit
1223 1130 1285 1192 in
1314 1131 1627 1195 Porticum
1657 1136 1803 1194 ante
1837 1129 1998 1193 Basi-

443 1228 628 1295 licam
653 1272 675 1303 ,
704 1228 1319 1311 Capitulo·Vaticano
1350 1226 1560 1290 eidem
1592 1237 1998 1300 occurrente,

441 1328 818 1410 Musicisque
848 1335 1152 1391 concentu
1173 1325 1342 1411 gravi
1374 1324 1997 1389 concinentibuslau·

441 1428 589 1489 dem
620 1433 900 1489 Romano
929 1423 1228 1489 Pontifice
1261 1423 1507 1505 dignam
1539 1422 1872 1504 antiphona
1929 1421 2005 1483 il-

442 1522 548 1588 la:
586 1527 672 1584 Tu
703 1542 771 1585 cs
798 1526 1052 1585 Petrus:
1084 1521 1295 1586 statim
1356 1520 1637 1584 introivit
1698 1519 1761 1581 in
1818 1526 2001 1583 Tem-

440 1618 610 1702 plum
634 1662 655 1692 ,
689 1619 859 1700 quod
888 1619 1010 1683 etsi
1043 1617 1215 1682 mole
1246 1618 1384 1699 ipsa
1415 1624 1480 1681 et
1520 1637 1711 1700 opere
1773 1616 2004 1699 magni-

437 1715 917 1782 ficentissimum
948 1715 1066 1788 sit,
1101 1734 1216 1778 nec
1249 1710 1361 1777 ulli
1395 1720 1702 1796 quotquot
1756 1714 1817 1774 in
1880 1722 2003 1775 ter·

439 1814 528 1877 ris
558 1821 742 1886 sunt,
773 1813 1300 1895 comparandum3
1356 1821 1562 1875 tamen
1596 1809 1765 1874 omni
1825 1829 2002 1875 orna-

436 1919 789 1974 mentorum
820 1929 1054 1991 genere
1075 1951 1095 1975 .
1129 1927 1291 1990 quae
1323 1907 1669 1992 excogitari
1737 1912 2001 1989 possunt

433 2006 688 2091 ingenio
716 2049 738 2079 ,
769 2014 1006 2070 tantum
1035 2006 1096 2070 ei
1144 2005 1464 2089 dignitatis
1521 2024 1593 2069 ac
1652 2004 2000 2088 majestatis

439 2125 516 2169 eo
545 2111 835 2186 tempore
867 2108 1256 2175 accesserat,
1313 2110 1385 2165 ut
1418 2100 1861 2166 sanctissimus
1894 2107 2001 2164 Pa-

431 2211 526 2265 ter
556 2208 821 2266 testatus
846 2200 968 2275 sit,
998 2220 1140 2265 cum
1169 2200 1334 2263 inter
1366 2197 1680 2282 stragulas
1740 2207 1949 2263 vestes
1970 2242 1992 2272 ,

432 2300 666 2380 quibus
696 2299 972 2381 parietes
998 2298 1539 2380 contegebantur,
1581 2296 1788 2360 omnia
1843 2317 1996 2360 auro

426 2395 811 2460 collucerent
841 2405 904 2458 et
940 2394 1182 2458 facibus
1204 2438 1224 2467 ‚
1257 2395 1342 2456 ita
1374 2414 1441 2457 se
1475 2394 1690 2457 animo
1716 2413 1993 2457 commo·

433 2499 559 2553 tum
590 2489 789 2555 fuisse
814 2535 834 2565 ‚
866 2499 932 2553 ut
962 2491 1024 2553 in
1054 2497 1181 2553 tam
1214 2490 1496 2572 speciosa
1523 2489 1856 2556 Militantis
1880 2496 1997 2554 Ec·

425 2586 659 2653 clesiae
682 2586 880 2649 forma
914 2587 1013 2672 (a)
1041 2585 1265 2650 Civitas
1312 2596 1522 2649 sancta
1585 2585 1991 2650 “ierusalem

427 2683 816 2748 descendens
848 2683 927 2748 de
984 2681 1172 2747 Caelo
1230 2692 1297 2748 et
1354 2683 1590 2746 habens
1649 2683 1996 2747 claritatem

427 2780 539 2843 Dei
568 2825 588 2855 ‚
637 2780 742 2861 qui
801 2779 1187 2845 illuminavit
1245 2799 1385 2843 eam
1407 2824 1426 2852 ,
1486 2780 1609 2845 sibi
1671 2781 1997 2844 videretur

432 2875 705 2948 ostendi,
735 2875 1144 2941 immaculato
1174 2897 1425 2959 quoque
1457 2882 1632 2960 Agno
1656 2919 1677 2949 ,
1733 2877 1837 2957 qui
1899 2876 1994 2939 lu-

423 2994 608 3037 cerna
639 2973 740 3058 (b)
771 2982 871 3037 est
897 2973 1180 3038 civitatis
1231 2972 1405 3036 illius
1462 2992 1584 3035 non
1644 2973 1989 3055 indigentis

431 3073 567 3135 sole
608 3091 810 3153 neque
842 3070 984 3133 luna
1010 3114 1031 3143 ,
1060 3079 1124 3132 ut
1157 3091 1293 3132 cum
1328 3069 1694 3133 Senioribus
1754 3069 1992 3152 phialas

426 3189 650 3233 aureas
677 3168 892 3248 plenas
920 3168 1466 3232 odoramentorum
1491 3213 1512 3242 ‚
1545 3170 1854 3232 orationes
1880 3169 1994 3231 sci·

429 3265 574 3328 licet
605 3266 861 3330 offerret
884 3308 905 3338 ,
936 3265 1012 3327 ad
1042 3264 1353 3328 Sacellum
1388 3265 1824 3328 Sanctissimae
1863 3267 1995 3329 Tri·

434 3362 649 3425 nitatis
671 3404 690 3433 ‚
756 3360 865 3422 ubi
929 3359 1035 3423 ille
1097 3361 1160 3422 in
1234 3360 1445 3425 medio
1517 3360 1745 3424 Throni
1802 3382 1993 3442 super

429 3458 637 3522 Altare
667 3467 839 3521 stans
868 3464 1188 3538 tamquam
1234 3457 1521 3532 occisus,
1578 3459 1722 3539 quia
1783 3459 1992 3540 specie

425 3556 604 3636 panis
636 3563 702 3617 et
733 3554 857 3615 vini
892 3552 1173 3622 velatus.
1207 3553 1409 3635 palam
1444 3565 1581 3619 erat
1619 3556 1948 3636 expositus
1971 3601 1991 3630 ,

430 3641 818 3714 descenden's
848 3650 928 3712 de
964 3649 1120 3714 sella
1153 3649 1437 3712 Pontifex
1494 3653 1864 3725 contendit,
1923 3674 1993 3718 ac

429 3747 495 3809 in
527 3765 724 3830 genua
757 3745 1124 3828 provolutus
1154 3765 1361 3809 coram
1419 3747 1661 3820 oravitg
1718 3750 1991 3832 receptis

428 3862 572 3907 mox
598 3881 619 3917 ,
646 3862 798 3924 quas
829 3850 972 3904 ante
1001 3842 1379 3924 precandum
1411 3841 1779 3924 reliquerat,
1808 3845 1991 3910 Mitra

428 3948 493 4005 et
528 3938 785 4003 candela
819 3939 1044 4003 iterum
1077 3938 1280 4002 elatus
1311 3940 1646 4004 subvectus
1694 3950 1792 4006 est
1851 3963 1995 4025 sup·

427 4036 572 4119 plici
605 4037 829 4100 eodem
862 4036 985 4100 ritu
1018 4037 1083 4098 in
1136 4057 1394 4100 caveam
1450 4035 1721 4102 Theatri.
1788 4045 1992 4104 Novas

433 4138 564 4195 Deo
596 4153 815 4215 preces
837 4137 982 4195 ante
1010 4139 1192 4195 Aram
1245 4131 1590 4214 principem
1613 4176 1634 4207 ,
1691 4135 1809 4197 sub
1870 4155 1990 4217 qua

424 4240 687 4311 corpo'ra
721 4226 1163 4311 Apostolorum
1194 4229 1376 4292 Urbis
1409 4235 1814 4294 Patronorum
1847 4252 1992 4297 con-

425 4327 559 4392 dita
590 4333 776 4398 sunt,
808 4334 1215 4409 porrecturus
1238 4369 1257 4399 ,
1288 4324 1575 4409 deposito
1598 4325 1829 4390 iterum
1885 4348 1988 4393 ce·

423 4441 536 4488 reo
562 4467 584 4497 ‚
615 4423 720 4504 qui
755 4423 1095 4487 servandus
1125 4422 1418 4503 deinceps
1448 4429 1582 4487 erat
1608 4442 1644 4487 a
1674 4444 1791 4489 suo
1851 4425 1986 4490 Pin·

422 4538 609 4584 cerna
638 4525 708 4583 D.
739 4519 930 4583 Paulo
961 4517 1106 4582 zani
1140 4539 1435 4583 accensus
1467 4540 1668 4603 usque
1688 4520 1766 4585 ad
1796 4518 1983 4586 finem

421 4622 615 4682 Actus
642 4611 948 4682 solemnis
978 4616 1513 4689 Canonizationis,
1566 4617 1907 4682 descendit·
1950 4640 1987 4687 e

418 4715 609 4789 sede,
640 4722 706 4780 et
736 4713 936 4778 infula
963 4712 1380 4777 circumdatus
1416 4716 1746 4796 procubuit
1795 4735 1983 4797 super

420 4812 842 4878 faldistorium
866 4854 887 4883 ,
918 4831 955 4874 a
982 4831 1108 4893 quo
1137 4829 1282 4873 cum
1315 4820 1453 4890 post
1484 4812 1829 4875 orationem
1852 4832 1986 4875 sur·

418 4911 729 4982 rexisset,
762 4908 1064 4990 producto
1096 4925 1285 4988 super
1311 4906 1629 4972 adstantes
1690 4909 1986 4974 cardina·

417 5007 513 5073 les
533 5055 550 5082 ,
582 5017 965 5088 ceterosque
997 5005 1160 5068 alios
1187 5003 1330 5068 hinc
1359 5011 1422 5070 et
1452 5005 1596 5070 inde
1648 5005 1986 5089 dispositos

421 5104 633 5168 Crucis
664 5103 837 5184 signo
859 5145 878 5172 ,
909 5097 1199 5164 eminens
1231 5099 1464 5163 Solium
1495 5102 1757 5183 petivit,
1792 5102 1984 5166 sedit·

416 5221 539 5283 que
570 5199 629 5261 io
661 5197 1032 5281 dignissima
1062 5196 1167 5260 illa
1202 5193 1705 5264 Petri'cathedra
1728 5243 1749 5274 ,
1805 5219 1887 5262 un
1905 5200 1986 5264 de

524 5395 606 5466 (a)
634 5396 812 5465 Apoc.
843 5393 938 5445 Ἰ.
1088 5394 1179 5465 (b)
1207 5395 1385 5465 Alme.
1417 5393 1551 5448 ibid.

569 5510 787 5550 nauso.
834 5509 948 5548 xiv.
989 5508 1136 5546 τοι.
1181 5498 1299 5548 th.

3384 509 3489 557 30⁹

2118 651 2356 710 tantam
2386 646 2602 727 accipit
2633 645 3073 711 auctoritatem
3097 689 3118 719 ,
3151 656 3219 710 ut
3252 667 3410 712 unus
3441 648 3674 733 ligandi

2113 753 2301 823 atque
2331 742 2653 816 solvendi,
2685 743 2962 824 acceptis
2989 743 3188 827 Regni
3225 743 3520 810 caelestis
3550 746 3676 813 cla·

2116 840 2291 904 vibus
2322 840 2589 905 habeat:
2619 840 2914 903 Debitam
2956 841 3219 924 proinde
3282 845 3673 910 reverentiae

2113 936 2625 1020 significationem
2658 937 2866 1002 eidem
2890 937 3231 1003 exhibituri
3254 941 3525 1004 omnium
3550 943 3678 1023 pri-

2111 1035 2195 1096 mi
2231 1035 2722 1100 Eminentissimi
2750 1042 3001 1108 Patres,
3059 1056 3174 1119 per
3218 1038 3463 1103 anticos
3519 1039 3673 1104 Solii

2112 1132 2347 1218 gradus
2377 1132 2789 1198 ascendentes
2808 1175 2828 1203 ‚
2862 1132 3129 1198 salutata
3157 1133 3368 1214 prius,
3398 1134 3544 1198 dum
3564 1155 3675 1220 per

2111 1229 2385 1293 medium
2420 1229 2758 1311 superioris
2786 1249 2969 1294 areae
3002 1229 3379 1303 transirent,
3424 1230 3675 1314 profun-

2112 1324 2189 1390 da
2219 1325 2438 1406 capitis
2467 1346 2540 1388 ac
2571 1325 2971 1389 humerorum
3014 1325 3418 1390 inclinatione
3466 1328 3674 1393 Cruci-

2111 1418 2215 1484 fixi
2245 1419 2510 1506 imagine
2541 1441 2729 1502 super
2753 1419 2954 1485 altare
2984 1422 3221 1505 posita,
3249 1442 3497 1486 manum
3521 1423 3673 1491 dex·

2111 1528 2308 1583 teram
2328 1518 2605 1583 sedentis
2629 1516 2945 1584 Pontificis
2966 1520 3083 1583 sub
3106 1518 3518 1605 auriphrygio
3537 1520 3678 1586 Plu-

2110 1616 2293 1680 vialis
2322 1615 2639 1680 detentam
2690 1615 2951 1681 osculati
3009 1626 3172 1680 sunt.
3232 1619 3672 1701 cardinalibus

2113 1733 2478 1778 successere
2509 1712 2803 1796 Episcopi
2834 1712 3219 1779 Assistentes
3251 1724 3315 1779 et
3344 1734 3467 1780 non
3494 1716 3665 1781 Assi-

2110 1818 2352 1874 stentes
2380 1853 2398 1882 ‚
2419 1810 2707 1874 Abbates
2737 1817 2799 1872 et
2832 1810 3300 1874 poenitentiarii
3329 1814 3523 1876 sacris
3564 1832 3669 1875 ve·

2109 1907 2313 1971 stibus
2341 1907 2581 1982 ornati;
2613 1905 2720 1988 qui
2751 1906 2863 1972 bac
2892 1907 2988 1972 usi
3018 1914 3160 1972 sunt
3202 1909 3542 1979 methodo,
3596 1914 3668 1973 ut

2110 2003 2335 2087 singuli
2367 2004 2620 2086 quidem
2654 2002 2732 2065 de
2783 2023 2942 2086 genu
3002 2008 3264 2069 crucem
3319 2015 3386 2069 et
3438 2012 3665 2087 Papam

2109 2100 2241 2184 pari
2266 2100 2386 2164 ritu
2420 2098 2791 2173 adorarent,
2823 2098 2883 2161 in
2917 2097 3175 2182 planitie
3206 2119 3356 2164 vero
3386 2099 3529 2164 solii
3560 2101 3670 2169 sse·

2106 2217 2187 2260 xo
2217 2195 2458 2279 poplite
2489 2195 2791 2268 dextero,
2835 2195 2943 2276 qui
3004 2193 3266 2260 delibuti
3323 2196 3666 2261 chrismate

2104 2302 2279 2358 erant
2305 2336 2324 2365 ‚
2355 2293 2687 2356 dexterum
2718 2313 2869 2357 suae
2900 2292 3256 2358 sanctitatis
3313 2312 3509 2378 genu3
3567 2313 3670 2357 ce·

2103 2390 2222 2451 tvri
2258 2388 2478 2472 pedem
2511 2388 3048 2453 deoscularentur.

2235 2486 2460 2550 Officio
2489 2487 2605 2550 hoc
2634 2486 2718 2549 ita
2754 2487 3054 2569 praestito
3083 2487 3160 2552 ad
3209 2487 3468 2569 pristina
3528 2486 3664 2551 loca

2106 2605 2325 2648 omnes
2356 2582 2570 2648 ordine
2602 2584 3137 2665 regrediebantur.
3164 2585 3275 2659 Qui
3308 2585 3468 2648 scire
3494 2585 3664 2656 velit,

2111 2702 2300 2763 quem
2332 2680 2600 2763 quisque
2632 2680 2841 2746 locum
2872 2691 3250 2764 occuparet,
3282 2684 3466 2747 adeat
3506 2681 3666 2746 deli-

2107 2785 2350 2841 neatam
2381 2776 2626 2841 Theatri
2686 2777 2986 2841 Tabulam
3006 2821 3026 2850 ,
3084 2778 3180 2842 vel
3243 2784 3509 2844 Ornatus
3564 2779 3669 2842 de-

2108 2873 2500 2955 scriptionem
2534 2871 2796 2936 inferius
2827 2875 3277 2956 apponendam.
3331 2875 3670 2940 considen-

2106 2969 2276 3032 tibus
2306 2969 2601 3032 omnibus
2633 2968 2933 3032 deductus
2961 2971 3167 3051 primo
3195 2976 3291 3033 est
3320 2991 3356 3033 a
3407 2977 3476 3032 D.
3535 2979 3657 3037 Ve-

2105 3067 2319 3129 nantio
2350 3064 2633 3146 Philippo
2652 3064 2958 3129 Piersanti
2978 3067 3520 3130 caeremoniarum
3545 3072 3671 3131 Ma·

2103 3163 2299 3244 gistro
2327 3163 2408 3225 de
2439 3182 2704 3225 numero
2733 3162 3292 3245 Participantium,
3326 3172 3395 3229 ut
3435 3164 3673 3229 asside·

2104 3267 2197 3323 ret
2232 3279 2421 3343 super
2447 3260 2679 3321 nudum
2711 3258 3132 3324 faldistorium
3162 3261 3227 3323 in
3259 3282 3504 3327 summa
3534 3263 3666 3346 pla·

2106 3357 2258 3421 nitie
2288 3357 2438 3421 Solii
2471 3356 2870 3420 dextrorsum
2923 3358 3237 3440 positum,
3297 3360 3670 3426 Eminentia·

2103 3455 2300 3518 simus
2331 3453 2679 3519 Cardinalis
2707 3452 2919 3518 Carafa
2949 3456 3298 3538 Episcopus
3327 3457 3668 3534 Assistens‚

2102 3551 2245 3616 loco
2306 3552 2789 3616 Eminentissimi
2850 3551 3126 3616 Thomae
3186 3553 3338 3618 Rufo
3391 3558 3619 3620 Decani
3640 3601 3664 3633 ‚

2104 3649 2210 3730 qui
2244 3649 2361 3713 etsi
2391 3668 2734 3731 praesens,
2767 3648 3173 3730 praepeditus
3220 3657 3430 3714 tamen
3492 3654 3667 3723 senio

2101 3748 2181 3810 ab
2212 3746 2328 3810 hoc
2361 3768 2427 3810 se
2462 3765 2720 3809 minnere
2751 3745 2987 3827 optavit
3015 3746 3317 3811 eximere.
3377 3755 3530 3811 Tum
3591 3755 3661 3814 1).

2103 3843 2367 3907 Nuntius
2398 3844 2737 3924 Sperandio
2766 3843 2928 3907 alter
2956 3844 3499 3907 caeremoniarius
3519 3889 3539 3918 ,
3580 3847 3667 3911 ad

2101 3940 2383 4024 ejusdem
2416 3939 2559 4004 solii
2588 3940 2937 4003 anteriores
2968 3940 3192 4023 gradus
3220 3940 3476 4004 adduxit
3524 3946 3667 4008 car-

2102 4036 2372 4101 dinalem
2406 4044 2849 4101 Portocarrero
2882 4043 3355 4101 Procuratorem
3414 4038 3491 4100 ad
3551 4060 3661 4121 po·

2101 4134 2452 4198 stulandam
2503 4133 3046 4197 canonizationem
3070 4176 3092 4208 ,
3149 4139 3219 4196 ut
3274 4154 3457 4215 supra
3505 4135 3665 4200 dixi·

2100 4251 2239 4295 mus
2260 4274 2280 4302 ,
2313 4230 2585 4294 electum
2616 4275 2635 4303 ,
2664 4230 2762 4294 cui
2796 4231 2873 4294 ad
2904 4230 3143 4294 laevam
3175 4251 3387 4295 comes
3413 4233 3664 4298 incede·

2099 4329 2208 4391 hat
2235 4327 2536 4411 Virgilius
2566 4326 3014 4391 Montecatinus
3049 4328 3524 4394 consistorialis
3546 4335 3666 4394 Au·

2095 4424 2199 4489 lae
2232 4426 2580 4488 Advocatus
2608 4424 2855 4505 caputio
2884 4432 2946 4489 et
2971 4435 3144 4489 veste
3167 4469 3188 4499 ,
3221 4433 3290 4488 ut
3322 4428 3516 4493 moris
3538 4437 3660 4503 est,

2098 4520 2352 4583 indutus
2384 4522 2459 4585 ad
2493 4521 2843 4584 instandum
2877 4520 3240 4610 specialiter
3266 4543 3299 4587 a
3331 4529 3431 4586 SS.
3461 4529 3532 4586 1).
3583 4530 3657 4590 N.

2097 4617 2414 4682 selectus:
2448 4620 2653 4683 Ambo
2676 4664 2698 4695 ‚
2730 4628 3024 4688 monente
3053 4622 3552 4685 caeremoniario
3599 4630 3666 4686 et

2096 4714 2550 4797 aliquantulum
2597 4724 2982 4799 praeeunte3
3037 4716 3249 4780 Altare
3310 4725 3372 4782 et
3428 4726 3680 4800 Papam*

2095 4811 2334 4875 honore
2365 4813 2593 4877 mcrito
2618 4811 2992 4888 coluerunt,
3020 4812 3371 4877 cardinalis
3405 4815 3660 4897 quidem

2098 4907 2404 4990 profunde
2452 4916 2637 4992 caput
2690 4910 3035 4983 inclinans3
3096 4909 3448 4975 Advocatus
3507 4933 3658 4978 vero

2094 5025 2255 5089 genu
2285 5027 2485 5087 usque
2516 5007 2594 5070 ad
2627 5017 2855 5072 terram
2881 5006 3239 5070 demittens.
3271 5011 3429 5070 Ante
3457 5008 3657 5072 imum

2096 5099 2250 5165 Solii
2281 5102 2537 5183 gradum
2567 5121 2708 5165 cum
2739 5100 3214 5183 pervenissent,
3243 5105 3467 5168 stantis
3499 5105 3665 5168 Emi·

2095 5199 2346 5264 nentiae
2375 5221 2523 5265 suae
2554 5200 2804 5264 nominc
2825 5243 2847 5275 ,
2875 5199 2967 5264 sic
3013 5199 3411 5266 sanctitatem
3472 5209 3657 5270 Sinam

3252 5501 3317 5551 u
