<?xml version="1.0" encoding="UTF-8"?>
<!DOCTYPE html PUBLIC "-//W3C//DTD XHTML 1.0 Transitional//EN"
    "http://www.w3.org/TR/xhtml1/DTD/xhtml1-transitional.dtd">
<html xmlns="http://www.w3.org/1999/xhtml" xml:lang="en" lang="en">
 <head>
  <title>
</title>
<meta http-equiv="Content-Type" content="text/html;charset=utf-8" />
  <meta name='ocr-system' content='tesseract 3.04.00' />
  <meta name='ocr-capabilities' content='ocr_page ocr_carea ocr_par ocr_line ocrx_word'/>
</head>
<body>
  <div class='ocr_page' id='page_1' title='image "benedictixivpon00benegoog_0450.png"; bbox 0 0 4442 6300; ppageno 0'>
   <div class='ocr_carea' id='block_1_1' title="bbox 53 12 80 109">
    <p class='ocr_par' dir='ltr' id='par_1_1' title="bbox 53 12 80 109">
     <span class='ocr_line' id='line_1_1' title="bbox 53 12 80 109; textangle 90"><span class='ocrx_word' id='word_1_1' title='bbox 53 12 80 109; x_wconf 28' lang='lat' dir='ltr'>..TW</span> 
     </span>
    </p>
   </div>
   <div class='ocr_carea' id='block_1_2' title="bbox 805 442 4039 689">
    <p class='ocr_par' dir='ltr' id='par_1_2' title="bbox 805 442 4039 689">
     <span class='ocr_line' id='line_1_2' title="bbox 989 442 2873 513; baseline 0.008 -15"><span class='ocrx_word' id='word_1_2' title='bbox 989 442 1102 498; x_wconf 66' lang='lat' dir='ltr'><em>m</em></span> <span class='ocrx_word' id='word_1_3' title='bbox 1976 452 2178 506; x_wconf 66' lang='lat' dir='ltr'>ACTA</span> <span class='ocrx_word' id='word_1_4' title='bbox 2219 454 2265 505; x_wconf 78' lang='lat' dir='ltr'>t:</span> <span class='ocrx_word' id='word_1_5' title='bbox 2272 452 2873 513; x_wconf 70' lang='lat' dir='ltr'>nwmu&#39;utoms</span> 
     </span>
     <span class='ocr_line' id='line_1_3' title="bbox 805 574 4039 689; baseline 0.007 -41"><span class='ocrx_word' id='word_1_6' title='bbox 805 585 1035 653; x_wconf 82' lang='lat' dir='ltr'>tradita</span> <span class='ocrx_word' id='word_1_7' title='bbox 1063 587 1342 666; x_wconf 75' lang='lat' dir='ltr'>fuerunt3</span> <span class='ocrx_word' id='word_1_8' title='bbox 1363 591 1538 675; x_wconf 71' lang='lat' dir='ltr'>iuvat</span> <span class='ocrx_word' id='word_1_9' title='bbox 1563 592 1665 657; x_wconf 86' lang='lat' dir='ltr'>bic</span> <span class='ocrx_word' id='word_1_10' title='bbox 1694 613 1774 658; x_wconf 81' lang='lat' dir='ltr'>ex</span> <span class='ocrx_word' id='word_1_11' title='bbox 1789 593 2130 675; x_wconf 83' lang='lat' dir='ltr'>praeclaris</span> <span class='ocrx_word' id='word_1_12' title='bbox 2149 596 2367 662; x_wconf 84' lang='lat' dir='ltr'>Gatha-</span> <span class='ocrx_word' id='word_1_13' title='bbox 2481 574 2776 667; x_wconf 73' lang='lat' dir='ltr'>sensibus</span> <span class='ocrx_word' id='word_1_14' title='bbox 2805 600 3121 665; x_wconf 82' lang='lat' dir='ltr'>abstracta</span> <span class='ocrx_word' id='word_1_15' title='bbox 3144 606 3340 667; x_wconf 75' lang='lat' dir='ltr'>tetam</span> <span class='ocrx_word' id='word_1_16' title='bbox 3382 599 3604 676; x_wconf 65' lang='lat' dir='ltr'>taralis</span> <span class='ocrx_word' id='word_1_17' title='bbox 3648 602 4039 689; x_wconf 67' lang='lat' dir='ltr'>frragosdiae</span> 
     </span>
    </p>
   </div>
   <div class='ocr_carea' id='block_1_3' title="bbox 801 682 2369 854">
    <p class='ocr_par' dir='ltr' id='par_1_3' title="bbox 801 682 2369 854">
     <span class='ocr_line' id='line_1_4' title="bbox 805 682 2369 775; baseline 0.006 -28"><span class='ocrx_word' id='word_1_18' title='bbox 805 682 979 748; x_wconf 81' lang='lat' dir='ltr'>rinae</span> <span class='ocrx_word' id='word_1_19' title='bbox 1004 687 1300 768; x_wconf 90' lang='lat' dir='ltr'>operibus</span> <span class='ocrx_word' id='word_1_20' title='bbox 1333 689 1548 769; x_wconf 80' lang='lat' dir='ltr'>aliqua</span> <span class='ocrx_word' id='word_1_21' title='bbox 1570 708 2089 765; x_wconf 78' lang='lat' dir='ltr'>commemorare,</span> <span class='ocrx_word' id='word_1_22' title='bbox 2117 713 2201 757; x_wconf 84' lang='lat' dir='ltr'>ex</span> <span class='ocrx_word' id='word_1_23' title='bbox 2227 693 2369 775; x_wconf 87' lang='lat' dir='ltr'>qui·</span> 
     </span>
     <span class='ocr_line' id='line_1_5' title="bbox 801 777 2365 854; baseline 0.008 -13"><span class='ocrx_word' id='word_1_24' title='bbox 801 777 923 843; x_wconf 85' lang='lat' dir='ltr'>bus</span> <span class='ocrx_word' id='word_1_25' title='bbox 950 780 1377 850; x_wconf 84' lang='lat' dir='ltr'>demonstrata</span> <span class='ocrx_word' id='word_1_26' title='bbox 1402 787 1573 850; x_wconf 85' lang='lat' dir='ltr'>illius</span> <span class='ocrx_word' id='word_1_27' title='bbox 1593 787 1930 851; x_wconf 82' lang='lat' dir='ltr'>habituali</span> <span class='ocrx_word' id='word_1_28' title='bbox 1913 809 1975 851; x_wconf 78' lang='lat' dir='ltr'>tn</span> <span class='ocrx_word' id='word_1_29' title='bbox 2006 796 2198 854; x_wconf 86' lang='lat' dir='ltr'>Deum</span> <span class='ocrx_word' id='word_1_30' title='bbox 2224 790 2365 854; x_wconf 83' lang='lat' dir='ltr'>rha-</span> 
     </span>
    </p>
   </div>
   <div class='ocr_carea' id='block_1_4' title="bbox 801 872 2367 959">
    <p class='ocr_par' dir='ltr' id='par_1_4' title="bbox 801 872 2367 959">
     <span class='ocr_line' id='line_1_6' title="bbox 801 872 2367 959; baseline 0.01 -23"><span class='ocrx_word' id='word_1_31' title='bbox 801 872 1024 949; x_wconf 85' lang='lat' dir='ltr'>ritate,</span> <span class='ocrx_word' id='word_1_32' title='bbox 1053 878 1117 941; x_wconf 87' lang='lat' dir='ltr'>in</span> <span class='ocrx_word' id='word_1_33' title='bbox 1149 884 1477 948; x_wconf 75' lang='lat' dir='ltr'>Proximos</span> <span class='ocrx_word' id='word_1_34' title='bbox 1509 883 1936 951; x_wconf 77' lang='lat' dir='ltr'>misericordia</span> <span class='ocrx_word' id='word_1_35' title='bbox 1960 929 1982 959; x_wconf 90' lang='lat'><strong>‚</strong></span> <span class='ocrx_word' id='word_1_36' title='bbox 2044 887 2105 949; x_wconf 91' lang='lat' dir='ltr'>in</span> <span class='ocrx_word' id='word_1_37' title='bbox 2163 907 2367 951; x_wconf 86' lang='lat' dir='ltr'>seme·</span> 
     </span>
    </p>
   </div>
   <div class='ocr_carea' id='block_1_5' title="bbox 800 971 2359 1065">
    <p class='ocr_par' dir='ltr' id='par_1_5' title="bbox 800 971 2359 1065">
     <span class='ocr_line' id='line_1_7' title="bbox 800 971 2359 1065; baseline 0.01 -29"><span class='ocrx_word' id='word_1_38' title='bbox 800 971 1025 1054; x_wconf 87' lang='lat' dir='ltr'>tipsam</span> <span class='ocrx_word' id='word_1_39' title='bbox 1050 980 1406 1054; x_wconf 86' lang='lat' dir='ltr'>severitate,</span> <span class='ocrx_word' id='word_1_40' title='bbox 1422 981 1500 1044; x_wconf 86' lang='lat' dir='ltr'>de</span> <span class='ocrx_word' id='word_1_41' title='bbox 1523 982 1983 1065; x_wconf 88' lang='lat' dir='ltr'>reliquisetiam</span> <span class='ocrx_word' id='word_1_42' title='bbox 2000 984 2359 1061; x_wconf 77' lang='lat' dir='ltr'>virtutibus,</span> 
     </span>
    </p>
   </div>
   <div class='ocr_carea' id='block_1_6' title="bbox 2477 695 4047 1070">
    <p class='ocr_par' dir='ltr' id='par_1_6' title="bbox 2481 695 4033 781">
     <span class='ocr_line' id='line_1_8' title="bbox 2481 695 4033 781; baseline 0.002 -24"><span class='ocrx_word' id='word_1_43' title='bbox 2481 695 2711 759; x_wconf 83' lang='lat' dir='ltr'>seriem</span> <span class='ocrx_word' id='word_1_44' title='bbox 2769 697 3054 761; x_wconf 88' lang='lat' dir='ltr'>ordinate</span> <span class='ocrx_word' id='word_1_45' title='bbox 3108 698 3189 763; x_wconf 88' lang='lat' dir='ltr'>ad</span> <span class='ocrx_word' id='word_1_46' title='bbox 3246 697 3454 761; x_wconf 79' lang='lat' dir='ltr'>vivum</span> <span class='ocrx_word' id='word_1_47' title='bbox 3511 708 4033 781; x_wconf 86' lang='lat' dir='ltr'>repraesentaret.</span> 
     </span>
    </p>

    <p class='ocr_par' dir='ltr' id='par_1_7' title="bbox 2477 791 4047 1070">
     <span class='ocr_line' id='line_1_9' title="bbox 2478 791 4047 879; baseline 0.003 -26"><span class='ocrx_word' id='word_1_48' title='bbox 2478 791 2628 864; x_wconf 88' lang='lat' dir='ltr'>Quis</span> <span class='ocrx_word' id='word_1_49' title='bbox 2656 801 2869 859; x_wconf 83' lang='lat' dir='ltr'>autem</span> <span class='ocrx_word' id='word_1_50' title='bbox 2902 792 3001 856; x_wconf 85' lang='lat' dir='ltr'>vel</span> <span class='ocrx_word' id='word_1_51' title='bbox 3033 800 3245 859; x_wconf 84' lang='lat' dir='ltr'>mente</span> <span class='ocrx_word' id='word_1_52' title='bbox 3273 794 3527 877; x_wconf 73' lang='lat' dir='ltr'>assequi</span> <span class='ocrx_word' id='word_1_53' title='bbox 3555 795 3760 860; x_wconf 82' lang='lat' dir='ltr'>valeat</span> <span class='ocrx_word' id='word_1_54' title='bbox 3794 797 4047 879; x_wconf 48' lang='lat' dir='ltr'>uben-ia</span> 
     </span>
     <span class='ocr_line' id='line_1_10' title="bbox 2477 887 4031 974; baseline 0.005 -24"><span class='ocrx_word' id='word_1_55' title='bbox 2477 908 2610 952; x_wconf 87' lang='lat' dir='ltr'>mas</span> <span class='ocrx_word' id='word_1_56' title='bbox 2636 887 3106 955; x_wconf 78' lang='lat' dir='ltr'>consolationes</span> <span class='ocrx_word' id='word_1_57' title='bbox 3128 935 3149 964; x_wconf 88' lang='lat'><strong>‚</strong></span> <span class='ocrx_word' id='word_1_58' title='bbox 3179 891 3409 974; x_wconf 88' lang='lat' dir='ltr'>quihus</span> <span class='ocrx_word' id='word_1_59' title='bbox 3438 892 3800 959; x_wconf 72' lang='lat' dir='ltr'>Gatharinae</span> <span class='ocrx_word' id='word_1_60' title='bbox 3826 915 3939 957; x_wconf 85' lang='lat' dir='ltr'>cor</span> <span class='ocrx_word' id='word_1_61' title='bbox 3965 894 4031 971; x_wconf 70' lang='lat' dir='ltr'>ia</span> 
     </span>
     <span class='ocr_line' id='line_1_11' title="bbox 2477 983 4036 1070; baseline 0.004 -25"><span class='ocrx_word' id='word_1_62' title='bbox 2477 983 2879 1049; x_wconf 83' lang='lat' dir='ltr'>Eucharistici</span> <span class='ocrx_word' id='word_1_63' title='bbox 2913 986 3091 1067; x_wconf 85' lang='lat' dir='ltr'>panis</span> <span class='ocrx_word' id='word_1_64' title='bbox 3119 986 3467 1069; x_wconf 78' lang='lat' dir='ltr'>sumptione</span> <span class='ocrx_word' id='word_1_65' title='bbox 3499 987 4036 1070; x_wconf 72' lang='lat' dir='ltr'>perfundebatur?</span> 
     </span>
    </p>
   </div>
   <div class='ocr_carea' id='block_1_7' title="bbox 799 1071 4030 1170">
    <p class='ocr_par' dir='ltr' id='par_1_8' title="bbox 799 1071 4030 1170">
     <span class='ocr_line' id='line_1_12' title="bbox 799 1071 4030 1170; baseline 0.006 -37"><span class='ocrx_word' id='word_1_66' title='bbox 799 1071 1025 1152; x_wconf 83' lang='lat' dir='ltr'>quibus</span> <span class='ocrx_word' id='word_1_67' title='bbox 1065 1095 1200 1140; x_wconf 86' lang='lat' dir='ltr'>eam</span> <span class='ocrx_word' id='word_1_68' title='bbox 1229 1080 1544 1142; x_wconf 87' lang='lat' dir='ltr'>cumulate</span> <span class='ocrx_word' id='word_1_69' title='bbox 1572 1081 1919 1160; x_wconf 72' lang='lat' dir='ltr'>praeditam</span> <span class='ocrx_word' id='word_1_70' title='bbox 1964 1079 2160 1147; x_wconf 80' lang='lat' dir='ltr'>fuisse</span> <span class='ocrx_word' id='word_1_71' title='bbox 2189 1103 2360 1149; x_wconf 87' lang='lat' dir='ltr'>eom-</span> <span class='ocrx_word' id='word_1_72' title='bbox 2474 1087 2643 1145; x_wconf 87' lang='lat' dir='ltr'>Tunc</span> <span class='ocrx_word' id='word_1_73' title='bbox 2668 1079 2865 1145; x_wconf 84' lang='lat' dir='ltr'>fiebat</span> <span class='ocrx_word' id='word_1_74' title='bbox 2895 1104 3084 1166; x_wconf 88' lang='lat' dir='ltr'>super</span> <span class='ocrx_word' id='word_1_75' title='bbox 3106 1104 3250 1147; x_wconf 86' lang='lat' dir='ltr'>eam</span> <span class='ocrx_word' id='word_1_76' title='bbox 3284 1104 3502 1148; x_wconf 87' lang='lat' dir='ltr'>manus</span> <span class='ocrx_word' id='word_1_77' title='bbox 3544 1086 3840 1159; x_wconf 85' lang='lat' dir='ltr'>Domini,</span> <span class='ocrx_word' id='word_1_78' title='bbox 3898 1085 4030 1170; x_wconf 90' lang='lat' dir='ltr'>glo-</span> 
     </span>
    </p>
   </div>
   <div class='ocr_carea' id='block_1_8' title="bbox 792 1172 2268 1261">
    <p class='ocr_par' dir='ltr' id='par_1_9' title="bbox 792 1172 2268 1261">
     <span class='ocr_line' id='line_1_13' title="bbox 792 1172 2268 1261; baseline 0.007 -28"><span class='ocrx_word' id='word_1_79' title='bbox 792 1179 1038 1249; x_wconf 85' lang='lat' dir='ltr'>pertum</span> <span class='ocrx_word' id='word_1_80' title='bbox 1068 1172 1415 1250; x_wconf 88' lang='lat' dir='ltr'>babemus,</span> <span class='ocrx_word' id='word_1_81' title='bbox 1442 1176 1710 1243; x_wconf 74' lang='lat' dir='ltr'>cuilibet</span> <span class='ocrx_word' id='word_1_82' title='bbox 1734 1176 1882 1242; x_wconf 85' lang='lat' dir='ltr'>licet</span> <span class='ocrx_word' id='word_1_83' title='bbox 1906 1179 2268 1261; x_wconf 84' lang='lat' dir='ltr'>conjectari.</span> 
     </span>
    </p>
   </div>
   <div class='ocr_carea' id='block_1_9' title="bbox 2472 1178 4027 1254">
    <p class='ocr_par' dir='ltr' id='par_1_10' title="bbox 2472 1178 4027 1254">
     <span class='ocr_line' id='line_1_14' title="bbox 2472 1178 4027 1254; baseline 0.005 -15"><span class='ocrx_word' id='word_1_84' title='bbox 2472 1178 2562 1240; x_wconf 85' lang='lat' dir='ltr'>ria</span> <span class='ocrx_word' id='word_1_85' title='bbox 2594 1178 2841 1243; x_wconf 88' lang='lat' dir='ltr'>Domini</span> <span class='ocrx_word' id='word_1_86' title='bbox 2877 1181 2937 1243; x_wconf 89' lang='lat' dir='ltr'>in</span> <span class='ocrx_word' id='word_1_87' title='bbox 2970 1200 3113 1247; x_wconf 75' lang='lat' dir='ltr'>ean</span> <span class='ocrx_word' id='word_1_88' title='bbox 3142 1181 3581 1254; x_wconf 86' lang='lat' dir='ltr'>descendens,</span> <span class='ocrx_word' id='word_1_89' title='bbox 3639 1181 4027 1247; x_wconf 74' lang='lat' dir='ltr'>clarissimae</span> 
     </span>
    </p>
   </div>
   <div class='ocr_carea' id='block_1_10' title="bbox 921 1268 4033 1367">
    <p class='ocr_par' dir='ltr' id='par_1_11' title="bbox 921 1268 4033 1367">
     <span class='ocr_line' id='line_1_15' title="bbox 921 1268 4033 1367; baseline 0.004 -36"><span class='ocrx_word' id='word_1_90' title='bbox 921 1268 1268 1351; x_wconf 71' lang='lat' dir='ltr'>Sapientiae</span> <span class='ocrx_word' id='word_1_91' title='bbox 1297 1273 1648 1338; x_wconf 90' lang='lat' dir='ltr'>caelestis</span> <span class='ocrx_word' id='word_1_92' title='bbox 1633 1294 1886 1340; x_wconf 76' lang='lat' dir='ltr'>incensa</span> <span class='ocrx_word' id='word_1_93' title='bbox 1912 1277 2123 1340; x_wconf 90' lang='lat' dir='ltr'>studio</span> <span class='ocrx_word' id='word_1_94' title='bbox 2165 1295 2355 1341; x_wconf 88' lang='lat' dir='ltr'>unum</span> <span class='ocrx_word' id='word_1_95' title='bbox 2472 1274 2627 1339; x_wconf 88' lang='lat' dir='ltr'>lucis</span> <span class='ocrx_word' id='word_1_96' title='bbox 2654 1275 2860 1339; x_wconf 88' lang='lat' dir='ltr'>radios</span> <span class='ocrx_word' id='word_1_97' title='bbox 2886 1275 3263 1341; x_wconf 75' lang='lat' dir='ltr'>adstantium</span> <span class='ocrx_word' id='word_1_98' title='bbox 3290 1298 3541 1360; x_wconf 86' lang='lat' dir='ltr'>quoque</span> <span class='ocrx_word' id='word_1_99' title='bbox 3572 1279 3772 1343; x_wconf 84' lang='lat' dir='ltr'>oculis</span> <span class='ocrx_word' id='word_1_100' title='bbox 3792 1280 4033 1367; x_wconf 86' lang='lat' dir='ltr'>perspi·</span> 
     </span>
    </p>
   </div>
   <div class='ocr_carea' id='block_1_11' title="bbox 781 1362 2355 2910">
    <p class='ocr_par' dir='ltr' id='par_1_12' title="bbox 794 1362 2355 1454">
     <span class='ocr_line' id='line_1_16' title="bbox 794 1362 2355 1454; baseline 0.005 -28"><span class='ocrx_word' id='word_1_101' title='bbox 794 1362 918 1427; x_wconf 81' lang='lat' dir='ltr'>sibi</span> <span class='ocrx_word' id='word_1_102' title='bbox 943 1369 1268 1448; x_wconf 77' lang='lat' dir='ltr'>proposuit</span> <span class='ocrx_word' id='word_1_103' title='bbox 1296 1372 1394 1434; x_wconf 89' lang='lat' dir='ltr'>cui</span> <span class='ocrx_word' id='word_1_104' title='bbox 1425 1391 1582 1454; x_wconf 91' lang='lat' dir='ltr'>prae</span> <span class='ocrx_word' id='word_1_105' title='bbox 1622 1374 1852 1437; x_wconf 87' lang='lat' dir='ltr'>ceteris</span> <span class='ocrx_word' id='word_1_106' title='bbox 1907 1380 2196 1447; x_wconf 85' lang='lat' dir='ltr'>vacaret,</span> <span class='ocrx_word' id='word_1_107' title='bbox 2256 1372 2355 1435; x_wconf 84' lang='lat' dir='ltr'>Li-</span> 
     </span>
    </p>

    <p class='ocr_par' dir='ltr' id='par_1_13' title="bbox 790 1460 2355 1552">
     <span class='ocr_line' id='line_1_17' title="bbox 790 1460 2355 1552; baseline 0.006 -29"><span class='ocrx_word' id='word_1_108' title='bbox 790 1460 1015 1534; x_wconf 81' lang='lat' dir='ltr'>brum,</span> <span class='ocrx_word' id='word_1_109' title='bbox 1066 1485 1259 1530; x_wconf 91' lang='lat' dir='ltr'>unum</span> <span class='ocrx_word' id='word_1_110' title='bbox 1317 1471 1489 1550; x_wconf 81' lang='lat' dir='ltr'>quod</span> <span class='ocrx_word' id='word_1_111' title='bbox 1549 1478 1927 1552; x_wconf 84' lang='lat' dir='ltr'>sequeretur</span> <span class='ocrx_word' id='word_1_112' title='bbox 1985 1467 2355 1552; x_wconf 82' lang='lat' dir='ltr'>exemplar,</span> 
     </span>
    </p>

    <p class='ocr_par' dir='ltr' id='par_1_14' title="bbox 784 1560 2353 2422">
     <span class='ocr_line' id='line_1_18' title="bbox 794 1560 2349 1642; baseline 0.008 -22"><span class='ocrx_word' id='word_1_113' title='bbox 794 1563 1012 1623; x_wconf 73' lang='lat' dir='ltr'>lesum</span> <span class='ocrx_word' id='word_1_114' title='bbox 1042 1560 1356 1629; x_wconf 86' lang='lat' dir='ltr'>Christum</span> <span class='ocrx_word' id='word_1_115' title='bbox 1382 1607 1401 1636; x_wconf 88' lang='lat'>,</span> <span class='ocrx_word' id='word_1_116' title='bbox 1433 1574 1501 1630; x_wconf 88' lang='lat' dir='ltr'>et</span> <span class='ocrx_word' id='word_1_117' title='bbox 1527 1566 1689 1633; x_wconf 89' lang='lat' dir='ltr'>bunc</span> <span class='ocrx_word' id='word_1_118' title='bbox 1709 1565 2074 1633; x_wconf 79' lang='lat' dir='ltr'>crucifixum</span> <span class='ocrx_word' id='word_1_119' title='bbox 2099 1593 2116 1630; x_wconf 71' lang='lat' dir='ltr'>a</span> <span class='ocrx_word' id='word_1_120' title='bbox 2145 1573 2349 1642; x_wconf 75' lang='lat' dir='ltr'>Quem</span> 
     </span>
     <span class='ocr_line' id='line_1_19' title="bbox 791 1655 2338 1746; baseline 0.005 -26"><span class='ocrx_word' id='word_1_121' title='bbox 791 1655 994 1721; x_wconf 83' lang='lat' dir='ltr'>oeulis</span> <span class='ocrx_word' id='word_1_122' title='bbox 1022 1660 1230 1726; x_wconf 88' lang='lat' dir='ltr'>cordis</span> <span class='ocrx_word' id='word_1_123' title='bbox 1254 1661 1487 1745; x_wconf 85' lang='lat' dir='ltr'>jugiter</span> <span class='ocrx_word' id='word_1_124' title='bbox 1517 1664 1878 1746; x_wconf 80' lang='lat' dir='ltr'>aspiciendo</span> <span class='ocrx_word' id='word_1_125' title='bbox 1899 1708 1924 1735; x_wconf 78' lang='grc'><strong>,</strong></span> <span class='ocrx_word' id='word_1_126' title='bbox 1949 1683 2138 1746; x_wconf 85' lang='lat' dir='ltr'>quem</span> <span class='ocrx_word' id='word_1_127' title='bbox 2198 1664 2338 1729; x_wconf 88' lang='lat' dir='ltr'>dies</span> 
     </span>
     <span class='ocr_line' id='line_1_20' title="bbox 788 1759 2353 1841; baseline 0.004 -23"><span class='ocrx_word' id='word_1_128' title='bbox 788 1764 1133 1839; x_wconf 82' lang='lat' dir='ltr'>noctesque</span> <span class='ocrx_word' id='word_1_129' title='bbox 1159 1759 1666 1841; x_wconf 83' lang='lat' dir='ltr'>contemplando,</span> <span class='ocrx_word' id='word_1_130' title='bbox 1698 1762 1858 1826; x_wconf 86' lang='lat' dir='ltr'>adeo</span> <span class='ocrx_word' id='word_1_131' title='bbox 1888 1761 1953 1823; x_wconf 91' lang='lat' dir='ltr'>in</span> <span class='ocrx_word' id='word_1_132' title='bbox 1982 1761 2159 1825; x_wconf 83' lang='lat' dir='ltr'>illius</span> <span class='ocrx_word' id='word_1_133' title='bbox 2177 1780 2353 1826; x_wconf 90' lang='lat' dir='ltr'>amo·</span> 
     </span>
     <span class='ocr_line' id='line_1_21' title="bbox 790 1853 2343 1942; baseline 0.003 -29"><span class='ocrx_word' id='word_1_134' title='bbox 790 1869 925 1913; x_wconf 88' lang='lat' dir='ltr'>rem</span> <span class='ocrx_word' id='word_1_135' title='bbox 955 1853 1234 1926; x_wconf 86' lang='lat' dir='ltr'>exarsit,</span> <span class='ocrx_word' id='word_1_136' title='bbox 1271 1862 1339 1919; x_wconf 91' lang='lat' dir='ltr'>ut</span> <span class='ocrx_word' id='word_1_137' title='bbox 1364 1855 1517 1918; x_wconf 87' lang='lat' dir='ltr'>nihil</span> <span class='ocrx_word' id='word_1_138' title='bbox 1545 1866 1720 1922; x_wconf 86' lang='lat' dir='ltr'>extra</span> <span class='ocrx_word' id='word_1_139' title='bbox 1747 1878 1895 1922; x_wconf 83' lang='lat' dir='ltr'>eum</span> <span class='ocrx_word' id='word_1_140' title='bbox 1923 1858 2229 1942; x_wconf 80' lang='lat' dir='ltr'>cogitare,</span> <span class='ocrx_word' id='word_1_141' title='bbox 2254 1856 2343 1920; x_wconf 87' lang='lat' dir='ltr'>nil</span> 
     </span>
     <span class='ocr_line' id='line_1_22' title="bbox 787 1945 2345 2035; baseline 0.006 -26"><span class='ocrx_word' id='word_1_142' title='bbox 787 1945 905 2011; x_wconf 87' lang='lat' dir='ltr'>nisi</span> <span class='ocrx_word' id='word_1_143' title='bbox 931 1947 1012 2012; x_wconf 84' lang='lat' dir='ltr'>de</span> <span class='ocrx_word' id='word_1_144' title='bbox 1044 1947 1181 2029; x_wconf 86' lang='lat' dir='ltr'>ipso</span> <span class='ocrx_word' id='word_1_145' title='bbox 1210 1949 1434 2032; x_wconf 87' lang='lat' dir='ltr'>loqui,</span> <span class='ocrx_word' id='word_1_146' title='bbox 1466 1951 1616 2014; x_wconf 83' lang='lat' dir='ltr'>nihil</span> <span class='ocrx_word' id='word_1_147' title='bbox 1647 1953 1815 2035; x_wconf 89' lang='lat' dir='ltr'>qnod</span> <span class='ocrx_word' id='word_1_148' title='bbox 1843 1973 1959 2035; x_wconf 92' lang='lat' dir='ltr'>pro</span> <span class='ocrx_word' id='word_1_149' title='bbox 1990 1955 2127 2035; x_wconf 87' lang='lat' dir='ltr'>ipso</span> <span class='ocrx_word' id='word_1_150' title='bbox 2156 1964 2223 2018; x_wconf 92' lang='lat' dir='ltr'>et</span> <span class='ocrx_word' id='word_1_151' title='bbox 2249 1973 2345 2018; x_wconf 86' lang='lat' dir='ltr'>se-</span> 
     </span>
     <span class='ocr_line' id='line_1_23' title="bbox 788 2044 2351 2133; baseline 0.004 -26"><span class='ocrx_word' id='word_1_152' title='bbox 788 2044 1060 2108; x_wconf 85' lang='lat' dir='ltr'>cundum</span> <span class='ocrx_word' id='word_1_153' title='bbox 1090 2046 1293 2126; x_wconf 85' lang='lat' dir='ltr'>ipsum</span> <span class='ocrx_word' id='word_1_154' title='bbox 1325 2066 1448 2112; x_wconf 87' lang='lat' dir='ltr'>non</span> <span class='ocrx_word' id='word_1_155' title='bbox 1478 2058 1686 2122; x_wconf 83' lang='lat' dir='ltr'>esset,</span> <span class='ocrx_word' id='word_1_156' title='bbox 1716 2069 1901 2133; x_wconf 84' lang='lat' dir='ltr'>agere</span> <span class='ocrx_word' id='word_1_157' title='bbox 1932 2070 2118 2131; x_wconf 86' lang='lat' dir='ltr'>posse</span> <span class='ocrx_word' id='word_1_158' title='bbox 2174 2050 2351 2114; x_wconf 81' lang='lat' dir='ltr'>vide-</span> 
     </span>
     <span class='ocr_line' id='line_1_24' title="bbox 791 2140 2347 2229; baseline 0.004 -25"><span class='ocrx_word' id='word_1_159' title='bbox 791 2146 986 2204; x_wconf 82' lang='lat' dir='ltr'>retur.</span> <span class='ocrx_word' id='word_1_160' title='bbox 1014 2140 1196 2205; x_wconf 80' lang='lat' dir='ltr'>Nulla</span> <span class='ocrx_word' id='word_1_161' title='bbox 1225 2162 1329 2207; x_wconf 87' lang='lat' dir='ltr'>res</span> <span class='ocrx_word' id='word_1_162' title='bbox 1353 2152 1530 2218; x_wconf 88' lang='lat' dir='ltr'>erat,</span> <span class='ocrx_word' id='word_1_163' title='bbox 1563 2143 1731 2209; x_wconf 89' lang='lat' dir='ltr'>nulla</span> <span class='ocrx_word' id='word_1_164' title='bbox 1762 2147 1900 2229; x_wconf 80' lang='lat' dir='ltr'>ejus</span> <span class='ocrx_word' id='word_1_165' title='bbox 1927 2147 2094 2209; x_wconf 83' lang='lat' dir='ltr'>vitae</span> <span class='ocrx_word' id='word_1_166' title='bbox 2138 2146 2301 2210; x_wconf 88' lang='lat' dir='ltr'>actio</span> <span class='ocrx_word' id='word_1_167' title='bbox 2326 2189 2347 2220; x_wconf 92' lang='lat'>‚</span> 
     </span>
     <span class='ocr_line' id='line_1_25' title="bbox 785 2241 2344 2325; baseline 0.004 -24"><span class='ocrx_word' id='word_1_168' title='bbox 785 2256 950 2318; x_wconf 77' lang='lat' dir='ltr'>quae</span> <span class='ocrx_word' id='word_1_169' title='bbox 979 2258 1101 2303; x_wconf 87' lang='lat' dir='ltr'>non</span> <span class='ocrx_word' id='word_1_170' title='bbox 1130 2242 1338 2305; x_wconf 84' lang='lat' dir='ltr'>statim</span> <span class='ocrx_word' id='word_1_171' title='bbox 1356 2241 1554 2325; x_wconf 83' lang='lat' dir='ltr'>ipsam</span> <span class='ocrx_word' id='word_1_172' title='bbox 1581 2244 1658 2306; x_wconf 88' lang='lat' dir='ltr'>ad</span> <span class='ocrx_word' id='word_1_173' title='bbox 1692 2244 2184 2308; x_wconf 79' lang='lat' dir='ltr'>recordationem</span> <span class='ocrx_word' id='word_1_174' title='bbox 2212 2244 2344 2316; x_wconf 83' lang='lat' dir='ltr'>Dei,</span> 
     </span>
     <span class='ocr_line' id='line_1_26' title="bbox 784 2339 2342 2422; baseline 0.004 -25"><span class='ocrx_word' id='word_1_175' title='bbox 784 2340 1103 2417; x_wconf 82' lang='lat' dir='ltr'>tamquam</span> <span class='ocrx_word' id='word_1_176' title='bbox 1137 2339 1381 2420; x_wconf 87' lang='lat' dir='ltr'>primae</span> <span class='ocrx_word' id='word_1_177' title='bbox 1407 2340 1671 2422; x_wconf 79' lang='lat' dir='ltr'>originis</span> <span class='ocrx_word' id='word_1_178' title='bbox 1712 2350 1779 2404; x_wconf 89' lang='lat' dir='ltr'>et</span> <span class='ocrx_word' id='word_1_179' title='bbox 1834 2339 1974 2405; x_wconf 82' lang='lat' dir='ltr'>finis</span> <span class='ocrx_word' id='word_1_180' title='bbox 2029 2341 2342 2415; x_wconf 88' lang='lat' dir='ltr'>omnium,</span> 
     </span>
    </p>

    <p class='ocr_par' dir='ltr' id='par_1_15' title="bbox 784 2434 2342 2520">
     <span class='ocr_line' id='line_1_27' title="bbox 784 2434 2342 2520; baseline 0.003 -22"><span class='ocrx_word' id='word_1_181' title='bbox 784 2443 1154 2510; x_wconf 59' lang='lat' dir='ltr'>revocarem</span> <span class='ocrx_word' id='word_1_182' title='bbox 1183 2434 1446 2519; x_wconf 85' lang='lat' dir='ltr'>ejusque</span> <span class='ocrx_word' id='word_1_183' title='bbox 1473 2438 1814 2503; x_wconf 83' lang='lat' dir='ltr'>memoriae</span> <span class='ocrx_word' id='word_1_184' title='bbox 1845 2437 2181 2503; x_wconf 87' lang='lat' dir='ltr'>dulcedine</span> <span class='ocrx_word' id='word_1_185' title='bbox 2202 2458 2342 2520; x_wconf 84' lang='lat' dir='ltr'>per-</span> 
     </span>
    </p>

    <p class='ocr_par' dir='ltr' id='par_1_16' title="bbox 781 2528 2346 2910">
     <span class='ocr_line' id='line_1_28' title="bbox 781 2528 2343 2617; baseline 0.006 -25"><span class='ocrx_word' id='word_1_186' title='bbox 781 2528 1021 2594; x_wconf 86' lang='lat' dir='ltr'>culsam</span> <span class='ocrx_word' id='word_1_187' title='bbox 1051 2532 1132 2594; x_wconf 87' lang='lat' dir='ltr'>ad</span> <span class='ocrx_word' id='word_1_188' title='bbox 1154 2530 1648 2599; x_wconf 74' lang='lat' dir='ltr'>ferventissimas</span> <span class='ocrx_word' id='word_1_189' title='bbox 1710 2534 2159 2617; x_wconf 70' lang='lat' dir='ltr'>adspiratione·</span> <span class='ocrx_word' id='word_1_190' title='bbox 2180 2578 2202 2609; x_wconf 82' lang='lat'>‚</span> <span class='ocrx_word' id='word_1_191' title='bbox 2263 2537 2343 2601; x_wconf 88' lang='lat' dir='ltr'>ad</span> 
     </span>
     <span class='ocr_line' id='line_1_29' title="bbox 782 2624 2330 2711; baseline 0.006 -23"><span class='ocrx_word' id='word_1_192' title='bbox 782 2624 1164 2693; x_wconf 82' lang='lat' dir='ltr'>inflammata</span> <span class='ocrx_word' id='word_1_193' title='bbox 1193 2631 1495 2711; x_wconf 85' lang='lat' dir='ltr'>suspiria,</span> <span class='ocrx_word' id='word_1_194' title='bbox 1521 2633 1600 2696; x_wconf 88' lang='lat' dir='ltr'>ad</span> <span class='ocrx_word' id='word_1_195' title='bbox 1629 2632 1839 2699; x_wconf 84' lang='lat' dir='ltr'>subita</span> <span class='ocrx_word' id='word_1_196' title='bbox 1896 2635 2083 2697; x_wconf 86' lang='lat' dir='ltr'>etiam</span> <span class='ocrx_word' id='word_1_197' title='bbox 2142 2634 2330 2697; x_wconf 90' lang='lat' dir='ltr'>animi</span> 
     </span>
     <span class='ocr_line' id='line_1_30' title="bbox 783 2722 2346 2813; baseline 0.005 -26"><span class='ocrx_word' id='word_1_198' title='bbox 783 2722 1061 2806; x_wconf 84' lang='lat' dir='ltr'>deliquia</span> <span class='ocrx_word' id='word_1_199' title='bbox 1087 2727 1520 2809; x_wconf 87' lang='lat' dir='ltr'>compelleret.</span> <span class='ocrx_word' id='word_1_200' title='bbox 1583 2729 1901 2813; x_wconf 78' lang='lat' dir='ltr'>Indignam</span> <span class='ocrx_word' id='word_1_201' title='bbox 1963 2750 2032 2794; x_wconf 88' lang='lat' dir='ltr'>se</span> <span class='ocrx_word' id='word_1_202' title='bbox 2090 2749 2346 2811; x_wconf 85' lang='lat' dir='ltr'>prorsus</span> 
     </span>
     <span class='ocr_line' id='line_1_31' title="bbox 784 2821 2331 2910; baseline 0.004 -26"><span class='ocrx_word' id='word_1_203' title='bbox 784 2839 928 2885; x_wconf 80' lang='lat' dir='ltr'>esse</span> <span class='ocrx_word' id='word_1_204' title='bbox 956 2821 1204 2905; x_wconf 88' lang='lat' dir='ltr'>ajebat,</span> <span class='ocrx_word' id='word_1_205' title='bbox 1234 2844 1395 2906; x_wconf 84' lang='lat' dir='ltr'>qnae</span> <span class='ocrx_word' id='word_1_206' title='bbox 1425 2826 1617 2903; x_wconf 52' lang='lat' dir='ltr'>divini</span> <span class='ocrx_word' id='word_1_207' title='bbox 1648 2829 1888 2892; x_wconf 85' lang='lat' dir='ltr'>amoris</span> <span class='ocrx_word' id='word_1_208' title='bbox 1913 2828 2058 2910; x_wconf 82' lang='lat' dir='ltr'>igne</span> <span class='ocrx_word' id='word_1_209' title='bbox 2113 2847 2331 2893; x_wconf 84' lang='lat' dir='ltr'>accen-</span> 
     </span>
    </p>
   </div>
   <div class='ocr_carea' id='block_1_12' title="bbox 663 2916 2341 3008">
    <p class='ocr_par' dir='ltr' id='par_1_17' title="bbox 663 2916 2341 3008">
     <span class='ocr_line' id='line_1_32' title="bbox 663 2916 2341 3008; baseline 0.004 -28"><span class='ocrx_word' id='word_1_210' title='bbox 663 2984 673 2993; x_wconf 47' lang='lat'><em>.</em></span> <span class='ocrx_word' id='word_1_211' title='bbox 779 2916 1075 2984; x_wconf 70' lang='lat' dir='ltr'>dereturz</span> <span class='ocrx_word' id='word_1_212' title='bbox 1107 2927 1566 2996; x_wconf 84' lang='lat' dir='ltr'>Veruntamen,</span> <span class='ocrx_word' id='word_1_213' title='bbox 1599 2924 1656 2987; x_wconf 87' lang='lat' dir='ltr'>si</span> <span class='ocrx_word' id='word_1_214' title='bbox 1686 2927 1764 2988; x_wconf 94' lang='lat' dir='ltr'>ab</span> <span class='ocrx_word' id='word_1_215' title='bbox 1786 2926 1926 3008; x_wconf 85' lang='lat' dir='ltr'>ejus</span> <span class='ocrx_word' id='word_1_216' title='bbox 1953 2926 2140 2990; x_wconf 81' lang='lat' dir='ltr'>veluti</span> <span class='ocrx_word' id='word_1_217' title='bbox 2166 2925 2341 2989; x_wconf 81' lang='lat' dir='ltr'>vitali</span> 
     </span>
    </p>
   </div>
   <div class='ocr_carea' id='block_1_13' title="bbox 777 3013 2344 3302">
    <p class='ocr_par' dir='ltr' id='par_1_18' title="bbox 777 3013 2344 3302">
     <span class='ocr_line' id='line_1_33' title="bbox 777 3013 2337 3106; baseline 0.006 -29"><span class='ocrx_word' id='word_1_218' title='bbox 777 3013 1030 3081; x_wconf 76' lang='lat' dir='ltr'>flamma</span> <span class='ocrx_word' id='word_1_219' title='bbox 1061 3017 1315 3082; x_wconf 86' lang='lat' dir='ltr'>destitui</span> <span class='ocrx_word' id='word_1_220' title='bbox 1337 3040 1404 3082; x_wconf 90' lang='lat' dir='ltr'>se</span> <span class='ocrx_word' id='word_1_221' title='bbox 1433 3017 1597 3087; x_wconf 75' lang='lat' dir='ltr'>forte</span> <span class='ocrx_word' id='word_1_222' title='bbox 1627 3022 2038 3106; x_wconf 82' lang='lat' dir='ltr'>contingeret,</span> <span class='ocrx_word' id='word_1_223' title='bbox 2063 3022 2337 3086; x_wconf 87' lang='lat' dir='ltr'>animam</span> 
     </span>
     <span class='ocr_line' id='line_1_34' title="bbox 779 3111 2344 3203; baseline 0.006 -29"><span class='ocrx_word' id='word_1_224' title='bbox 779 3111 1099 3197; x_wconf 79' lang='lat' dir='ltr'>vitamque</span> <span class='ocrx_word' id='word_1_225' title='bbox 1128 3136 1301 3181; x_wconf 82' lang='lat' dir='ltr'>suam</span> <span class='ocrx_word' id='word_1_226' title='bbox 1333 3116 1508 3183; x_wconf 87' lang='lat' dir='ltr'>illico</span> <span class='ocrx_word' id='word_1_227' title='bbox 1535 3116 1927 3185; x_wconf 80' lang='lat' dir='ltr'>defecturam</span> <span class='ocrx_word' id='word_1_228' title='bbox 1960 3119 2091 3184; x_wconf 77' lang='lat' dir='ltr'>fore</span> <span class='ocrx_word' id='word_1_229' title='bbox 2156 3120 2344 3203; x_wconf 82' lang='lat' dir='ltr'>profi-</span> 
     </span>
     <span class='ocr_line' id='line_1_35' title="bbox 780 3209 2339 3302; baseline 0.004 -28"><span class='ocrx_word' id='word_1_230' title='bbox 780 3209 1045 3276; x_wconf 71' lang='lat' dir='ltr'>tenatur.</span> <span class='ocrx_word' id='word_1_231' title='bbox 1073 3214 1248 3287; x_wconf 86' lang='lat' dir='ltr'>Quod</span> <span class='ocrx_word' id='word_1_232' title='bbox 1282 3215 1335 3277; x_wconf 88' lang='lat' dir='ltr'>si</span> <span class='ocrx_word' id='word_1_233' title='bbox 1371 3215 1433 3280; x_wconf 89' lang='lat' dir='ltr'>in</span> <span class='ocrx_word' id='word_1_234' title='bbox 1465 3217 1904 3302; x_wconf 82' lang='lat' dir='ltr'>communibus</span> <span class='ocrx_word' id='word_1_235' title='bbox 1934 3217 2096 3282; x_wconf 83' lang='lat' dir='ltr'>vitae</span> <span class='ocrx_word' id='word_1_236' title='bbox 2146 3219 2339 3283; x_wconf 86' lang='lat' dir='ltr'>actio-</span> 
     </span>
    </p>
   </div>
   <div class='ocr_carea' id='block_1_14' title="bbox 755 3306 2341 3385">
    <p class='ocr_par' dir='ltr' id='par_1_19' title="bbox 755 3306 2341 3385">
     <span class='ocr_line' id='line_1_36' title="bbox 755 3306 2341 3385; baseline 0.008 -19"><span class='ocrx_word' id='word_1_237' title='bbox 755 3306 969 3372; x_wconf 71' lang='lat' dir='ltr'>‘nibus</span> <span class='ocrx_word' id='word_1_238' title='bbox 996 3313 1128 3373; x_wconf 87' lang='lat' dir='ltr'>Deo</span> <span class='ocrx_word' id='word_1_239' title='bbox 1158 3332 1272 3374; x_wconf 87' lang='lat' dir='ltr'>suo</span> <span class='ocrx_word' id='word_1_240' title='bbox 1304 3312 1389 3376; x_wconf 86' lang='lat' dir='ltr'>ita</span> <span class='ocrx_word' id='word_1_241' title='bbox 1420 3313 1834 3385; x_wconf 71' lang='lat' dir='ltr'>adhaerebat,</span> <span class='ocrx_word' id='word_1_242' title='bbox 1865 3324 1936 3378; x_wconf 89' lang='lat' dir='ltr'>ut</span> <span class='ocrx_word' id='word_1_243' title='bbox 1975 3314 2056 3378; x_wconf 87' lang='lat' dir='ltr'>ab</span> <span class='ocrx_word' id='word_1_244' title='bbox 2113 3333 2193 3378; x_wconf 89' lang='lat' dir='ltr'>eo</span> <span class='ocrx_word' id='word_1_245' title='bbox 2249 3316 2341 3378; x_wconf 87' lang='lat' dir='ltr'>di-</span> 
     </span>
    </p>
   </div>
   <div class='ocr_carea' id='block_1_15' title="bbox 777 3401 2353 5235">
    <p class='ocr_par' dir='ltr' id='par_1_20' title="bbox 777 3401 2351 5235">
     <span class='ocr_line' id='line_1_37' title="bbox 781 3401 2343 3494; baseline 0.007 -29"><span class='ocrx_word' id='word_1_246' title='bbox 781 3401 928 3468; x_wconf 78' lang='lat' dir='ltr'>velli</span> <span class='ocrx_word' id='word_1_247' title='bbox 959 3425 1079 3470; x_wconf 91' lang='lat' dir='ltr'>non</span> <span class='ocrx_word' id='word_1_248' title='bbox 1107 3417 1366 3487; x_wconf 87' lang='lat' dir='ltr'>posset,</span> <span class='ocrx_word' id='word_1_249' title='bbox 1414 3420 1647 3490; x_wconf 86' lang='lat' dir='ltr'>quanto</span> <span class='ocrx_word' id='word_1_250' title='bbox 1701 3412 1897 3494; x_wconf 88' lang='lat' dir='ltr'>magis</span> <span class='ocrx_word' id='word_1_251' title='bbox 1928 3431 2190 3478; x_wconf 87' lang='lat' dir='ltr'>necesse</span> <span class='ocrx_word' id='word_1_252' title='bbox 2246 3421 2343 3476; x_wconf 90' lang='lat' dir='ltr'>est</span> 
     </span>
     <span class='ocr_line' id='line_1_38' title="bbox 779 3498 2328 3592; baseline 0.008 -30"><span class='ocrx_word' id='word_1_253' title='bbox 779 3498 1058 3566; x_wconf 83' lang='lat' dir='ltr'>intimam</span> <span class='ocrx_word' id='word_1_254' title='bbox 1088 3503 1279 3570; x_wconf 77' lang='lat' dir='ltr'>fuisse</span> <span class='ocrx_word' id='word_1_255' title='bbox 1309 3505 1601 3571; x_wconf 87' lang='lat' dir='ltr'>unionem</span> <span class='ocrx_word' id='word_1_256' title='bbox 1626 3553 1645 3580; x_wconf 89' lang='lat'><strong>‚</strong></span> <span class='ocrx_word' id='word_1_257' title='bbox 1676 3529 1795 3590; x_wconf 81' lang='lat' dir='ltr'>qua</span> <span class='ocrx_word' id='word_1_258' title='bbox 1845 3508 2014 3573; x_wconf 86' lang='lat' dir='ltr'>illius</span> <span class='ocrx_word' id='word_1_259' title='bbox 2070 3510 2328 3592; x_wconf 88' lang='lat' dir='ltr'>spiritus</span> 
     </span>
     <span class='ocr_line' id='line_1_39' title="bbox 777 3598 2326 3689; baseline 0.005 -27"><span class='ocrx_word' id='word_1_260' title='bbox 777 3598 1042 3664; x_wconf 85' lang='lat' dir='ltr'>caelesti</span> <span class='ocrx_word' id='word_1_261' title='bbox 1068 3606 1308 3683; x_wconf 86' lang='lat' dir='ltr'>Sponso</span> <span class='ocrx_word' id='word_1_262' title='bbox 1334 3604 1400 3666; x_wconf 87' lang='lat' dir='ltr'>in</span> <span class='ocrx_word' id='word_1_263' title='bbox 1428 3603 1744 3679; x_wconf 88' lang='lat' dir='ltr'>oratione,</span> <span class='ocrx_word' id='word_1_264' title='bbox 1771 3627 1842 3669; x_wconf 89' lang='lat' dir='ltr'>ac</span> <span class='ocrx_word' id='word_1_265' title='bbox 1885 3607 2326 3689; x_wconf 85' lang='lat' dir='ltr'>mysteriorum</span> 
     </span>
     <span class='ocr_line' id='line_1_40' title="bbox 782 3696 2329 3785; baseline 0.002 -24"><span class='ocrx_word' id='word_1_266' title='bbox 782 3704 848 3761; x_wconf 86' lang='lat' dir='ltr'>et</span> <span class='ocrx_word' id='word_1_267' title='bbox 875 3696 1175 3762; x_wconf 82' lang='lat' dir='ltr'>virtutum</span> <span class='ocrx_word' id='word_1_268' title='bbox 1210 3699 1348 3781; x_wconf 81' lang='lat' dir='ltr'>ejus</span> <span class='ocrx_word' id='word_1_269' title='bbox 1377 3700 1903 3785; x_wconf 86' lang='lat' dir='ltr'>contemplatione</span> <span class='ocrx_word' id='word_1_270' title='bbox 1914 3702 2329 3785; x_wconf 74' lang='lat' dir='ltr'>jungebatur?</span> 
     </span>
     <span class='ocr_line' id='line_1_41' title="bbox 783 3795 2344 3863; baseline 0.004 -7"><span class='ocrx_word' id='word_1_271' title='bbox 783 3798 954 3859; x_wconf 86' lang='lat' dir='ltr'>Tunc</span> <span class='ocrx_word' id='word_1_272' title='bbox 983 3795 1196 3859; x_wconf 82' lang='lat' dir='ltr'>videre</span> <span class='ocrx_word' id='word_1_273' title='bbox 1246 3804 1381 3860; x_wconf 88' lang='lat' dir='ltr'>erat</span> <span class='ocrx_word' id='word_1_274' title='bbox 1433 3798 1824 3861; x_wconf 82' lang='lat' dir='ltr'>catharinam</span> <span class='ocrx_word' id='word_1_275' title='bbox 1884 3809 2058 3862; x_wconf 83' lang='lat' dir='ltr'>extra</span> <span class='ocrx_word' id='word_1_276' title='bbox 2119 3818 2188 3862; x_wconf 87' lang='lat' dir='ltr'>se</span> <span class='ocrx_word' id='word_1_277' title='bbox 2250 3819 2344 3863; x_wconf 86' lang='lat' dir='ltr'>ra·</span> 
     </span>
     <span class='ocr_line' id='line_1_42' title="bbox 779 3893 2345 3975; baseline 0.004 -24"><span class='ocrx_word' id='word_1_278' title='bbox 779 3895 952 3969; x_wconf 88' lang='lat' dir='ltr'>ptam</span> <span class='ocrx_word' id='word_1_279' title='bbox 973 3934 995 3964; x_wconf 90' lang='lat'>‚</span> <span class='ocrx_word' id='word_1_280' title='bbox 1039 3898 1362 3971; x_wconf 81' lang='lat' dir='ltr'>totamque</span> <span class='ocrx_word' id='word_1_281' title='bbox 1393 3893 1455 3954; x_wconf 92' lang='lat' dir='ltr'>in</span> <span class='ocrx_word' id='word_1_282' title='bbox 1488 3900 1618 3958; x_wconf 86' lang='lat' dir='ltr'>Deo</span> <span class='ocrx_word' id='word_1_283' title='bbox 1647 3895 2002 3975; x_wconf 84' lang='lat' dir='ltr'>absorptam</span> <span class='ocrx_word' id='word_1_284' title='bbox 2031 3938 2049 3965; x_wconf 87' lang='lat'>,</span> <span class='ocrx_word' id='word_1_285' title='bbox 2078 3914 2202 3959; x_wconf 92' lang='lat' dir='ltr'>non</span> <span class='ocrx_word' id='word_1_286' title='bbox 2248 3916 2345 3958; x_wconf 91' lang='lat' dir='ltr'>so-</span> 
     </span>
     <span class='ocr_line' id='line_1_43' title="bbox 783 3983 2335 4067; baseline 0.006 -18"><span class='ocrx_word' id='word_1_287' title='bbox 783 3983 913 4049; x_wconf 89' lang='lat' dir='ltr'>lum</span> <span class='ocrx_word' id='word_1_288' title='bbox 944 3985 1363 4067; x_wconf 82' lang='lat' dir='ltr'>spiritualium</span> <span class='ocrx_word' id='word_1_289' title='bbox 1396 3990 1640 4054; x_wconf 88' lang='lat' dir='ltr'>animae</span> <span class='ocrx_word' id='word_1_290' title='bbox 1669 3990 2029 4056; x_wconf 80' lang='lat' dir='ltr'>facultatum</span> <span class='ocrx_word' id='word_1_291' title='bbox 2051 4035 2073 4064; x_wconf 86' lang='lat'>‚</span> <span class='ocrx_word' id='word_1_292' title='bbox 2103 3993 2215 4057; x_wconf 88' lang='lat' dir='ltr'>sed</span> <span class='ocrx_word' id='word_1_293' title='bbox 2266 4016 2335 4058; x_wconf 87' lang='lat' dir='ltr'>e·</span> 
     </span>
     <span class='ocr_line' id='line_1_44' title="bbox 784 4080 2339 4165; baseline 0.006 -21"><span class='ocrx_word' id='word_1_294' title='bbox 784 4080 936 4145; x_wconf 88' lang='lat' dir='ltr'>tiam</span> <span class='ocrx_word' id='word_1_295' title='bbox 950 4102 1396 4165; x_wconf 85' lang='lat' dir='ltr'>corporeorum</span> <span class='ocrx_word' id='word_1_296' title='bbox 1417 4106 1708 4151; x_wconf 84' lang='lat' dir='ltr'>sensnum</span> <span class='ocrx_word' id='word_1_297' title='bbox 1728 4089 2175 4153; x_wconf 87' lang='lat' dir='ltr'>commercium</span> <span class='ocrx_word' id='word_1_298' title='bbox 2197 4109 2339 4154; x_wconf 88' lang='lat' dir='ltr'>cum</span> 
     </span>
     <span class='ocr_line' id='line_1_45' title="bbox 783 4179 2340 4265; baseline 0.004 -23"><span class='ocrx_word' id='word_1_299' title='bbox 783 4179 1012 4244; x_wconf 84' lang='lat' dir='ltr'>creatis</span> <span class='ocrx_word' id='word_1_300' title='bbox 1038 4181 1335 4246; x_wconf 88' lang='lat' dir='ltr'>omnibus</span> <span class='ocrx_word' id='word_1_301' title='bbox 1361 4184 1550 4245; x_wconf 82' lang='lat' dir='ltr'>rebus</span> <span class='ocrx_word' id='word_1_302' title='bbox 1579 4184 1953 4265; x_wconf 83' lang='lat' dir='ltr'>abrumpere</span> <span class='ocrx_word' id='word_1_303' title='bbox 1978 4230 2000 4260; x_wconf 87' lang='lat'>‚</span> <span class='ocrx_word' id='word_1_304' title='bbox 2047 4205 2121 4250; x_wconf 87' lang='lat' dir='ltr'>ac</span> <span class='ocrx_word' id='word_1_305' title='bbox 2180 4185 2340 4249; x_wconf 89' lang='lat' dir='ltr'>mul-</span> 
     </span>
     <span class='ocr_line' id='line_1_46' title="bbox 786 4275 2338 4366; baseline 0.005 -25"><span class='ocrx_word' id='word_1_306' title='bbox 786 4283 885 4341; x_wconf 83' lang='lat' dir='ltr'>tas</span> <span class='ocrx_word' id='word_1_307' title='bbox 911 4275 1309 4360; x_wconf 58' lang='lat' dir='ltr'>saepe‘boras</span> <span class='ocrx_word' id='word_1_308' title='bbox 1333 4279 1664 4362; x_wconf 87' lang='lat' dir='ltr'>aliqnando</span> <span class='ocrx_word' id='word_1_309' title='bbox 1694 4282 2172 4366; x_wconf 86' lang='lat' dir='ltr'>etiamintegros</span> <span class='ocrx_word' id='word_1_310' title='bbox 2194 4283 2338 4348; x_wconf 84' lang='lat' dir='ltr'>dies</span> 
     </span>
     <span class='ocr_line' id='line_1_47' title="bbox 782 4371 2348 4459; baseline 0.004 -23"><span class='ocrx_word' id='word_1_311' title='bbox 782 4371 848 4436; x_wconf 83' lang='lat' dir='ltr'>in</span> <span class='ocrx_word' id='word_1_312' title='bbox 876 4374 1104 4440; x_wconf 72' lang='lat' dir='ltr'>ecstasi</span> <span class='ocrx_word' id='word_1_313' title='bbox 1137 4395 1558 4458; x_wconf 81' lang='lat' dir='ltr'>perseverare.</span> <span class='ocrx_word' id='word_1_314' title='bbox 1585 4376 1754 4440; x_wconf 85' lang='lat' dir='ltr'>Illud</span> <span class='ocrx_word' id='word_1_315' title='bbox 1785 4399 1938 4442; x_wconf 82' lang='lat' dir='ltr'>vero</span> <span class='ocrx_word' id='word_1_316' title='bbox 1992 4398 2141 4459; x_wconf 86' lang='lat' dir='ltr'>prae</span> <span class='ocrx_word' id='word_1_317' title='bbox 2213 4399 2348 4442; x_wconf 89' lang='lat' dir='ltr'>om·</span> 
     </span>
     <span class='ocr_line' id='line_1_48' title="bbox 781 4467 2349 4555; baseline 0.005 -24"><span class='ocrx_word' id='word_1_318' title='bbox 781 4467 969 4534; x_wconf 86' lang='lat' dir='ltr'>nibus</span> <span class='ocrx_word' id='word_1_319' title='bbox 995 4470 1372 4535; x_wconf 84' lang='lat' dir='ltr'>admirabile</span> <span class='ocrx_word' id='word_1_320' title='bbox 1401 4472 1559 4546; x_wconf 79' lang='lat' dir='ltr'>ruit,</span> <span class='ocrx_word' id='word_1_321' title='bbox 1590 4473 1756 4555; x_wconf 84' lang='lat' dir='ltr'>quod</span> <span class='ocrx_word' id='word_1_322' title='bbox 1819 4474 2148 4538; x_wconf 82' lang='lat' dir='ltr'>meditatio</span> <span class='ocrx_word' id='word_1_323' title='bbox 2203 4494 2349 4554; x_wconf 86' lang='lat' dir='ltr'>pas·</span> 
     </span>
     <span class='ocr_line' id='line_1_49' title="bbox 784 4565 2344 4651; baseline 0.001 -21"><span class='ocrx_word' id='word_1_324' title='bbox 784 4567 1029 4631; x_wconf 87' lang='lat' dir='ltr'>sionum</span> <span class='ocrx_word' id='word_1_325' title='bbox 1061 4565 1286 4632; x_wconf 86' lang='lat' dir='ltr'>Christi</span> <span class='ocrx_word' id='word_1_326' title='bbox 1315 4568 1377 4630; x_wconf 92' lang='lat' dir='ltr'>in</span> <span class='ocrx_word' id='word_1_327' title='bbox 1407 4590 1482 4633; x_wconf 88' lang='lat' dir='ltr'>ea</span> <span class='ocrx_word' id='word_1_328' title='bbox 1512 4571 1935 4651; x_wconf 80' lang='lat' dir='ltr'>operabatur;</span> <span class='ocrx_word' id='word_1_329' title='bbox 1966 4572 2114 4633; x_wconf 86' lang='lat' dir='ltr'>dum</span> <span class='ocrx_word' id='word_1_330' title='bbox 2146 4570 2344 4650; x_wconf 82' lang='lat' dir='ltr'>ipsam</span> 
     </span>
     <span class='ocr_line' id='line_1_50' title="bbox 784 4664 2348 4749; baseline 0.001 -22"><span class='ocrx_word' id='word_1_331' title='bbox 784 4664 849 4728; x_wconf 92' lang='lat' dir='ltr'>in</span> <span class='ocrx_word' id='word_1_332' title='bbox 878 4665 1210 4748; x_wconf 82' lang='lat' dir='ltr'>imaginem</span> <span class='ocrx_word' id='word_1_333' title='bbox 1228 4673 1293 4729; x_wconf 89' lang='lat' dir='ltr'>et</span> <span class='ocrx_word' id='word_1_334' title='bbox 1323 4667 1801 4732; x_wconf 88' lang='lat' dir='ltr'>similitudinem</span> <span class='ocrx_word' id='word_1_335' title='bbox 1828 4667 2125 4749; x_wconf 88' lang='lat' dir='ltr'>patientis</span> <span class='ocrx_word' id='word_1_336' title='bbox 2155 4674 2348 4749; x_wconf 90' lang='lat' dir='ltr'>Spon</span> 
     </span>
     <span class='ocr_line' id='line_1_51' title="bbox 788 4762 2347 4845; baseline 0.001 -20"><span class='ocrx_word' id='word_1_337' title='bbox 788 4763 840 4825; x_wconf 90' lang='lat' dir='ltr'>si</span> <span class='ocrx_word' id='word_1_338' title='bbox 872 4763 1134 4827; x_wconf 87' lang='lat' dir='ltr'>interius</span> <span class='ocrx_word' id='word_1_339' title='bbox 1160 4763 1563 4845; x_wconf 84' lang='lat' dir='ltr'>exteriusque</span> <span class='ocrx_word' id='word_1_340' title='bbox 1623 4763 2112 4835; x_wconf 73' lang='lat' dir='ltr'>transformans,</span> <span class='ocrx_word' id='word_1_341' title='bbox 2170 4762 2347 4826; x_wconf 89' lang='lat' dir='ltr'>illius</span> 
     </span>
     <span class='ocr_line' id='line_1_52' title="bbox 785 4856 2350 4943; baseline -0.001 -22"><span class='ocrx_word' id='word_1_342' title='bbox 785 4856 1040 4923; x_wconf 84' lang='lat' dir='ltr'>dolores</span> <span class='ocrx_word' id='word_1_343' title='bbox 1061 4859 1193 4943; x_wconf 84' lang='lat' dir='ltr'>jam</span> <span class='ocrx_word' id='word_1_344' title='bbox 1225 4858 1353 4922; x_wconf 90' lang='lat' dir='ltr'>alte</span> <span class='ocrx_word' id='word_1_345' title='bbox 1390 4859 1600 4924; x_wconf 87' lang='lat' dir='ltr'>animo</span> <span class='ocrx_word' id='word_1_346' title='bbox 1659 4858 2012 4941; x_wconf 88' lang='lat' dir='ltr'>insculptos</span> <span class='ocrx_word' id='word_1_347' title='bbox 2065 4856 2350 4938; x_wconf 89' lang='lat' dir='ltr'>corporis</span> 
     </span>
     <span class='ocr_line' id='line_1_53' title="bbox 785 4954 2351 5044; baseline -0.003 -25"><span class='ocrx_word' id='word_1_348' title='bbox 785 4978 1037 5044; x_wconf 88' lang='lat' dir='ltr'>quoqne</span> <span class='ocrx_word' id='word_1_349' title='bbox 1082 4957 1356 5021; x_wconf 87' lang='lat' dir='ltr'>motibus</span> <span class='ocrx_word' id='word_1_350' title='bbox 1412 4955 1769 5037; x_wconf 83' lang='lat' dir='ltr'>exprimere</span> <span class='ocrx_word' id='word_1_351' title='bbox 1805 4956 2135 5038; x_wconf 64' lang='lat' dir='ltr'>cogebatg</span> <span class='ocrx_word' id='word_1_352' title='bbox 2191 4954 2351 5018; x_wconf 80' lang='lat' dir='ltr'>itaut</span> 
     </span>
     <span class='ocr_line' id='line_1_54' title="bbox 786 5051 2353 5139; baseline -0.003 -21"><span class='ocrx_word' id='word_1_353' title='bbox 786 5056 1050 5139; x_wconf 79' lang='lat' dir='ltr'>singulis</span> <span class='ocrx_word' id='word_1_354' title='bbox 1068 5053 1622 5122; x_wconf 82' lang='lat' dir='ltr'>bebdomadibusa.</span> <span class='ocrx_word' id='word_1_355' title='bbox 1641 5051 1912 5116; x_wconf 81' lang='lat' dir='ltr'>meridie</span> <span class='ocrx_word' id='word_1_356' title='bbox 1931 5052 2146 5120; x_wconf 77' lang='lat' dir='ltr'>Feriae</span> <span class='ocrx_word' id='word_1_357' title='bbox 2176 5051 2353 5133; x_wconf 88' lang='lat' dir='ltr'>quin-</span> 
     </span>
     <span class='ocr_line' id='line_1_55' title="bbox 786 5149 2349 5235; baseline -0.001 -20"><span class='ocrx_word' id='word_1_358' title='bbox 786 5159 889 5216; x_wconf 86' lang='lat' dir='ltr'>tae</span> <span class='ocrx_word' id='word_1_359' title='bbox 921 5171 1122 5235; x_wconf 88' lang='lat' dir='ltr'>usque</span> <span class='ocrx_word' id='word_1_360' title='bbox 1149 5150 1226 5216; x_wconf 86' lang='lat' dir='ltr'>ad</span> <span class='ocrx_word' id='word_1_361' title='bbox 1257 5150 1474 5214; x_wconf 88' lang='lat' dir='ltr'>boram</span> <span class='ocrx_word' id='word_1_362' title='bbox 1505 5168 1735 5213; x_wconf 90' lang='lat' dir='ltr'>nonam</span> <span class='ocrx_word' id='word_1_363' title='bbox 1767 5149 1996 5214; x_wconf 83' lang='lat' dir='ltr'>Feriae·</span> <span class='ocrx_word' id='word_1_364' title='bbox 2032 5159 2248 5214; x_wconf 82' lang='lat' dir='ltr'>sextae</span> <span class='ocrx_word' id='word_1_365' title='bbox 2311 5166 2349 5213; x_wconf 89' lang='lat' dir='ltr'>a</span> 
     </span>
    </p>
   </div>
   <div class='ocr_carea' id='block_1_16' title="bbox 2451 1371 4110 5222">
    <p class='ocr_par' dir='ltr' id='par_1_21' title="bbox 2459 1371 4032 2501">
     <span class='ocr_line' id='line_1_56' title="bbox 2467 1371 4032 1459; baseline 0.004 -25"><span class='ocrx_word' id='word_1_366' title='bbox 2467 1391 2620 1435; x_wconf 86' lang='lat' dir='ltr'>euos</span> <span class='ocrx_word' id='word_1_367' title='bbox 2650 1391 2745 1435; x_wconf 84' lang='lat' dir='ltr'>ex</span> <span class='ocrx_word' id='word_1_368' title='bbox 2740 1371 2954 1455; x_wconf 88' lang='lat' dir='ltr'>ipsius</span> <span class='ocrx_word' id='word_1_369' title='bbox 2983 1394 3250 1455; x_wconf 85' lang='lat' dir='ltr'>corpore</span> <span class='ocrx_word' id='word_1_370' title='bbox 3300 1375 3722 1456; x_wconf 71' lang='lat' dir='ltr'>undequaque</span> <span class='ocrx_word' id='word_1_371' title='bbox 3781 1394 4032 1459; x_wconf 82' lang='lat' dir='ltr'>sparge-</span> 
     </span>
     <span class='ocr_line' id='line_1_57' title="bbox 2469 1466 4029 1557; baseline 0.005 -28"><span class='ocrx_word' id='word_1_372' title='bbox 2469 1468 2617 1531; x_wconf 87' lang='lat' dir='ltr'>bat.</span> <span class='ocrx_word' id='word_1_373' title='bbox 2649 1466 2990 1550; x_wconf 86' lang='lat' dir='ltr'>aliquando</span> <span class='ocrx_word' id='word_1_374' title='bbox 3018 1470 3212 1535; x_wconf 88' lang='lat' dir='ltr'>etiam</span> <span class='ocrx_word' id='word_1_375' title='bbox 3258 1471 3460 1552; x_wconf 86' lang='lat' dir='ltr'>ipsum</span> <span class='ocrx_word' id='word_1_376' title='bbox 3521 1470 3659 1557; x_wconf 84' lang='lat' dir='ltr'>ejus</span> <span class='ocrx_word' id='word_1_377' title='bbox 3713 1491 3949 1554; x_wconf 81' lang='lat' dir='ltr'>corpus</span> <span class='ocrx_word' id='word_1_378' title='bbox 3993 1493 4029 1537; x_wconf 91' lang='lat' dir='ltr'>a</span> 
     </span>
     <span class='ocr_line' id='line_1_58' title="bbox 2467 1565 4027 1649; baseline 0.001 -21"><span class='ocrx_word' id='word_1_379' title='bbox 2467 1574 2634 1629; x_wconf 88' lang='lat' dir='ltr'>terra</span> <span class='ocrx_word' id='word_1_380' title='bbox 2662 1565 2968 1639; x_wconf 75' lang='lat' dir='ltr'>elevabat,</span> <span class='ocrx_word' id='word_1_381' title='bbox 2991 1586 3064 1630; x_wconf 86' lang='lat' dir='ltr'>ac</span> <span class='ocrx_word' id='word_1_382' title='bbox 3095 1567 3200 1630; x_wconf 88' lang='lat' dir='ltr'>diu</span> <span class='ocrx_word' id='word_1_383' title='bbox 3232 1568 3294 1629; x_wconf 90' lang='lat' dir='ltr'>in</span> <span class='ocrx_word' id='word_1_384' title='bbox 3324 1585 3469 1631; x_wconf 87' lang='lat' dir='ltr'>aere</span> <span class='ocrx_word' id='word_1_385' title='bbox 3502 1568 3783 1649; x_wconf 80' lang='lat' dir='ltr'>pendens</span> <span class='ocrx_word' id='word_1_386' title='bbox 3802 1566 4027 1635; x_wconf 71' lang='lat' dir='ltr'>&#39;inultis</span> 
     </span>
     <span class='ocr_line' id='line_1_59' title="bbox 2464 1661 4028 1743; baseline 0.003 -18"><span class='ocrx_word' id='word_1_387' title='bbox 2464 1661 2952 1743; x_wconf 84' lang='lat' dir='ltr'>inspectantibus</span> <span class='ocrx_word' id='word_1_388' title='bbox 2981 1665 3354 1729; x_wconf 84' lang='lat' dir='ltr'>sustinebat.</span> <span class='ocrx_word' id='word_1_389' title='bbox 3384 1664 3544 1729; x_wconf 78' lang='lat' dir='ltr'>Hinc</span> <span class='ocrx_word' id='word_1_390' title='bbox 3584 1664 3848 1731; x_wconf 82' lang='lat' dir='ltr'>minime</span> <span class='ocrx_word' id='word_1_391' title='bbox 3907 1667 4028 1733; x_wconf 83' lang='lat' dir='ltr'>mi·</span> 
     </span>
     <span class='ocr_line' id='line_1_60' title="bbox 2464 1758 4027 1847; baseline 0.005 -29"><span class='ocrx_word' id='word_1_392' title='bbox 2464 1775 2602 1829; x_wconf 85' lang='lat' dir='ltr'>rum</span> <span class='ocrx_word' id='word_1_393' title='bbox 2625 1800 2647 1831; x_wconf 89' lang='lat'>,</span> <span class='ocrx_word' id='word_1_394' title='bbox 2677 1760 2728 1824; x_wconf 87' lang='lat' dir='ltr'>si</span> <span class='ocrx_word' id='word_1_395' title='bbox 2760 1758 2857 1840; x_wconf 86' lang='lat' dir='ltr'>pia</span> <span class='ocrx_word' id='word_1_396' title='bbox 2890 1759 3080 1844; x_wconf 73' lang='lat' dir='ltr'>Virgo</span> <span class='ocrx_word' id='word_1_397' title='bbox 3108 1759 3476 1824; x_wconf 86' lang='lat' dir='ltr'>caelestium</span> <span class='ocrx_word' id='word_1_398' title='bbox 3532 1759 3843 1825; x_wconf 73' lang='lat' dir='ltr'>virtutum</span> <span class='ocrx_word' id='word_1_399' title='bbox 3899 1761 4027 1847; x_wconf 72' lang='lat' dir='ltr'>for·</span> 
     </span>
     <span class='ocr_line' id='line_1_61' title="bbox 2466 1854 4032 1937; baseline 0.005 -23"><span class='ocrx_word' id='word_1_400' title='bbox 2466 1872 2628 1917; x_wconf 83' lang='lat' dir='ltr'>mam</span> <span class='ocrx_word' id='word_1_401' title='bbox 2656 1874 2740 1918; x_wconf 82' lang='lat' dir='ltr'>ex</span> <span class='ocrx_word' id='word_1_402' title='bbox 2769 1854 2929 1919; x_wconf 90' lang='lat' dir='ltr'>adeo</span> <span class='ocrx_word' id='word_1_403' title='bbox 2954 1855 3177 1918; x_wconf 86' lang='lat' dir='ltr'>intima</span> <span class='ocrx_word' id='word_1_404' title='bbox 3208 1854 3429 1937; x_wconf 86' lang='lat' dir='ltr'>Sponsi</span> <span class='ocrx_word' id='word_1_405' title='bbox 3490 1857 3939 1921; x_wconf 77' lang='lat' dir='ltr'>consuetudine</span> <span class='ocrx_word' id='word_1_406' title='bbox 3964 1858 4032 1921; x_wconf 84' lang='lat' dir='ltr'>in</span> 
     </span>
     <span class='ocr_line' id='line_1_62' title="bbox 2464 1950 4024 2034; baseline 0.005 -23"><span class='ocrx_word' id='word_1_407' title='bbox 2464 1968 2530 2011; x_wconf 89' lang='lat' dir='ltr'>se</span> <span class='ocrx_word' id='word_1_408' title='bbox 2564 1950 2917 2032; x_wconf 86' lang='lat' dir='ltr'>recipiens,</span> <span class='ocrx_word' id='word_1_409' title='bbox 2950 1969 3090 2014; x_wconf 88' lang='lat' dir='ltr'>eam</span> <span class='ocrx_word' id='word_1_410' title='bbox 3126 1950 3189 2012; x_wconf 88' lang='lat' dir='ltr'>in</span> <span class='ocrx_word' id='word_1_411' title='bbox 3220 1950 3355 2014; x_wconf 84' lang='lat' dir='ltr'>suis</span> <span class='ocrx_word' id='word_1_412' title='bbox 3388 1951 3669 2016; x_wconf 89' lang='lat' dir='ltr'>moribus</span> <span class='ocrx_word' id='word_1_413' title='bbox 3726 1959 4024 2034; x_wconf 83' lang='lat' dir='ltr'>tanquam</span> 
     </span>
     <span class='ocr_line' id='line_1_63' title="bbox 2460 2044 4025 2128; baseline 0.006 -22"><span class='ocrx_word' id='word_1_414' title='bbox 2460 2044 2523 2107; x_wconf 90' lang='lat' dir='ltr'>in</span> <span class='ocrx_word' id='word_1_415' title='bbox 2552 2045 2794 2128; x_wconf 86' lang='lat' dir='ltr'>speculi</span> <span class='ocrx_word' id='word_1_416' title='bbox 2826 2047 3029 2112; x_wconf 88' lang='lat' dir='ltr'>nitore</span> <span class='ocrx_word' id='word_1_417' title='bbox 3054 2047 3398 2111; x_wconf 81' lang='lat' dir='ltr'>exhibebat</span> <span class='ocrx_word' id='word_1_418' title='bbox 3422 2072 3443 2122; x_wconf 77' lang='lat'>3</span> <span class='ocrx_word' id='word_1_419' title='bbox 3467 2070 3541 2112; x_wconf 89' lang='lat' dir='ltr'>ac</span> <span class='ocrx_word' id='word_1_420' title='bbox 3567 2048 4025 2116; x_wconf 73' lang='lat' dir='ltr'>ferventissimo</span> 
     </span>
     <span class='ocr_line' id='line_1_64' title="bbox 2464 2140 4024 2227; baseline 0.006 -26"><span class='ocrx_word' id='word_1_421' title='bbox 2464 2140 2712 2205; x_wconf 84' lang='lat' dir='ltr'>divinae</span> <span class='ocrx_word' id='word_1_422' title='bbox 2744 2141 2985 2225; x_wconf 84' lang='lat' dir='ltr'>gloriae</span> <span class='ocrx_word' id='word_1_423' title='bbox 3016 2142 3156 2207; x_wconf 87' lang='lat' dir='ltr'>zelo</span> <span class='ocrx_word' id='word_1_424' title='bbox 3183 2141 3492 2226; x_wconf 78' lang='lat' dir='ltr'>flagrans,</span> <span class='ocrx_word' id='word_1_425' title='bbox 3524 2152 3652 2207; x_wconf 89' lang='lat' dir='ltr'>tam</span> <span class='ocrx_word' id='word_1_426' title='bbox 3701 2146 4024 2227; x_wconf 85' lang='lat' dir='ltr'>subjectas</span> 
     </span>
     <span class='ocr_line' id='line_1_65' title="bbox 2463 2237 4020 2323; baseline 0.004 -22"><span class='ocrx_word' id='word_1_427' title='bbox 2463 2237 2581 2301; x_wconf 88' lang='lat' dir='ltr'>sibi</span> <span class='ocrx_word' id='word_1_428' title='bbox 2616 2239 2951 2323; x_wconf 76' lang='lat' dir='ltr'>Virgines,</span> <span class='ocrx_word' id='word_1_429' title='bbox 2981 2260 3168 2320; x_wconf 82' lang='lat' dir='ltr'>quam</span> <span class='ocrx_word' id='word_1_430' title='bbox 3196 2240 3418 2305; x_wconf 84' lang='lat' dir='ltr'>obvios</span> <span class='ocrx_word' id='word_1_431' title='bbox 3446 2260 3732 2321; x_wconf 87' lang='lat' dir='ltr'>quosque</span> <span class='ocrx_word' id='word_1_432' title='bbox 3794 2241 4020 2307; x_wconf 83' lang='lat' dir='ltr'>fideles</span> 
     </span>
     <span class='ocr_line' id='line_1_66' title="bbox 2461 2334 4025 2411; baseline 0.004 -14"><span class='ocrx_word' id='word_1_433' title='bbox 2461 2335 2538 2411; x_wconf 86' lang='lat' dir='ltr'>ad</span> <span class='ocrx_word' id='word_1_434' title='bbox 2568 2355 2849 2399; x_wconf 86' lang='lat' dir='ltr'>amorem</span> <span class='ocrx_word' id='word_1_435' title='bbox 2889 2337 2997 2409; x_wconf 77' lang='lat' dir='ltr'>Dei</span> <span class='ocrx_word' id='word_1_436' title='bbox 3025 2337 3453 2411; x_wconf 79' lang='lat' dir='ltr'>inflammare,</span> <span class='ocrx_word' id='word_1_437' title='bbox 3482 2334 3562 2400; x_wconf 86' lang='lat' dir='ltr'>ad</span> <span class='ocrx_word' id='word_1_438' title='bbox 3592 2337 3888 2401; x_wconf 79' lang='lat' dir='ltr'>virtutem</span> <span class='ocrx_word' id='word_1_439' title='bbox 3918 2359 4025 2403; x_wconf 82' lang='lat' dir='ltr'>ex·</span> 
     </span>
     <span class='ocr_line' id='line_1_67' title="bbox 2459 2433 2958 2501; baseline -0.004 -4"><span class='ocrx_word' id='word_1_440' title='bbox 2459 2433 2652 2501; x_wconf 77' lang='lat' dir='ltr'>citare</span> <span class='ocrx_word' id='word_1_441' title='bbox 2680 2434 2958 2497; x_wconf 89' lang='lat' dir='ltr'>curabat.</span> 
     </span>
    </p>

    <p class='ocr_par' dir='ltr' id='par_1_22' title="bbox 2453 2474 4110 5030">
     <span class='ocr_line' id='line_1_68' title="bbox 2578 2474 4110 2631; baseline 0.003 -38"><span class='ocrx_word' id='word_1_442' title='bbox 2578 2535 2714 2602; x_wconf 82' lang='lat' dir='ltr'>Qua</span> <span class='ocrx_word' id='word_1_443' title='bbox 2766 2530 2828 2591; x_wconf 90' lang='lat' dir='ltr'>in</span> <span class='ocrx_word' id='word_1_444' title='bbox 2871 2550 2941 2593; x_wconf 86' lang='lat' dir='ltr'>re</span> <span class='ocrx_word' id='word_1_445' title='bbox 2982 2548 3125 2595; x_wconf 90' lang='lat' dir='ltr'>cum</span> <span class='ocrx_word' id='word_1_446' title='bbox 3168 2528 3359 2609; x_wconf 85' lang='lat' dir='ltr'>ipsius</span> <span class='ocrx_word' id='word_1_447' title='bbox 3401 2529 3512 2594; x_wconf 80' lang='lat' dir='ltr'>Dei</span> <span class='ocrx_word' id='word_1_448' title='bbox 3556 2474 3821 2613; x_wconf 78' lang='lat' dir='ltr'>gloriam</span> <span class='ocrx_word' id='word_1_449' title='bbox 3872 2551 4020 2614; x_wconf 87' lang='lat' dir='ltr'>prae</span> <span class='ocrx_word' id='word_1_450' title='bbox 4060 2571 4110 2631; x_wconf 64' lang='grc' dir='ltr'><em>Β</em></span> 
     </span>
     <span class='ocr_line' id='line_1_69' title="bbox 2458 2626 4022 2710; baseline 0.001 -19"><span class='ocrx_word' id='word_1_451' title='bbox 2458 2626 2660 2699; x_wconf 80' lang='lat' dir='ltr'>oculis</span> <span class='ocrx_word' id='word_1_452' title='bbox 2699 2628 3033 2708; x_wconf 84' lang='lat' dir='ltr'>praecipue</span> <span class='ocrx_word' id='word_1_453' title='bbox 3064 2627 3377 2700; x_wconf 85' lang='lat' dir='ltr'>babebat,</span> <span class='ocrx_word' id='word_1_454' title='bbox 3410 2634 3537 2691; x_wconf 88' lang='lat' dir='ltr'>tum</span> <span class='ocrx_word' id='word_1_455' title='bbox 3568 2628 3759 2691; x_wconf 89' lang='lat' dir='ltr'>etiam</span> <span class='ocrx_word' id='word_1_456' title='bbox 3791 2648 3905 2710; x_wconf 84' lang='lat' dir='ltr'>pro</span> <span class='ocrx_word' id='word_1_457' title='bbox 3931 2629 4022 2692; x_wconf 91' lang='lat' dir='ltr'>in·</span> 
     </span>
     <span class='ocr_line' id='line_1_70' title="bbox 2456 2723 4019 2806; baseline 0.001 -19"><span class='ocrx_word' id='word_1_458' title='bbox 2456 2725 2627 2806; x_wconf 73' lang='lat' dir='ltr'>genti</span> <span class='ocrx_word' id='word_1_459' title='bbox 2660 2745 2768 2787; x_wconf 91' lang='lat' dir='ltr'>sua</span> <span class='ocrx_word' id='word_1_460' title='bbox 2800 2725 2861 2785; x_wconf 91' lang='lat' dir='ltr'>in</span> <span class='ocrx_word' id='word_1_461' title='bbox 2893 2723 3215 2787; x_wconf 80' lang='lat' dir='ltr'>Proximos</span> <span class='ocrx_word' id='word_1_462' title='bbox 3257 2723 3560 2789; x_wconf 77' lang='lat' dir='ltr'>charitate</span> <span class='ocrx_word' id='word_1_463' title='bbox 3604 2723 3885 2805; x_wconf 88' lang='lat' dir='ltr'>ipsorum</span> <span class='ocrx_word' id='word_1_464' title='bbox 3915 2746 4019 2789; x_wconf 89' lang='lat' dir='ltr'>ae·</span> 
     </span>
     <span class='ocr_line' id='line_1_71' title="bbox 2457 2819 4023 2903; baseline 0.003 -22"><span class='ocrx_word' id='word_1_465' title='bbox 2457 2827 2695 2883; x_wconf 88' lang='lat' dir='ltr'>ternam</span> <span class='ocrx_word' id='word_1_466' title='bbox 2747 2819 3011 2883; x_wconf 89' lang='lat' dir='ltr'>salutem</span> <span class='ocrx_word' id='word_1_467' title='bbox 3063 2839 3439 2903; x_wconf 81' lang='lat' dir='ltr'>magnopere</span> <span class='ocrx_word' id='word_1_468' title='bbox 3489 2826 3833 2901; x_wconf 83' lang='lat' dir='ltr'>spectabat.</span> <span class='ocrx_word' id='word_1_469' title='bbox 3887 2826 4023 2886; x_wconf 81' lang='lat' dir='ltr'>Boe</span> 
     </span>
     <span class='ocr_line' id='line_1_72' title="bbox 2455 2916 4049 3001; baseline 0.004 -23"><span class='ocrx_word' id='word_1_470' title='bbox 2455 2926 2595 2981; x_wconf 85' lang='lat' dir='ltr'>erat</span> <span class='ocrx_word' id='word_1_471' title='bbox 2626 2937 2771 2983; x_wconf 89' lang='lat' dir='ltr'>sane</span> <span class='ocrx_word' id='word_1_472' title='bbox 2806 2917 3200 3000; x_wconf 86' lang='lat' dir='ltr'>potissimum</span> <span class='ocrx_word' id='word_1_473' title='bbox 3230 2924 3666 3001; x_wconf 81' lang='lat' dir='ltr'>argumentum</span> <span class='ocrx_word' id='word_1_474' title='bbox 3700 2916 4049 2999; x_wconf 75' lang='lat' dir='ltr'>perfectas·</span> 
     </span>
     <span class='ocr_line' id='line_1_73' title="bbox 2456 3014 4020 3097; baseline 0.001 -20"><span class='ocrx_word' id='word_1_475' title='bbox 2456 3014 2810 3081; x_wconf 85' lang='lat' dir='ltr'>dilectionis</span> <span class='ocrx_word' id='word_1_476' title='bbox 2832 3059 2853 3090; x_wconf 92' lang='lat'>‚</span> <span class='ocrx_word' id='word_1_477' title='bbox 2885 3036 3005 3097; x_wconf 86' lang='lat' dir='ltr'>qua</span> <span class='ocrx_word' id='word_1_478' title='bbox 3037 3034 3256 3079; x_wconf 85' lang='lat' dir='ltr'>omnes</span> <span class='ocrx_word' id='word_1_479' title='bbox 3285 3014 3633 3079; x_wconf 75' lang='lat' dir='ltr'>vocationis</span> <span class='ocrx_word' id='word_1_480' title='bbox 3674 3033 3828 3078; x_wconf 87' lang='lat' dir='ltr'>suae</span> <span class='ocrx_word' id='word_1_481' title='bbox 3871 3034 4020 3079; x_wconf 86' lang='lat' dir='ltr'>con-</span> 
     </span>
     <span class='ocr_line' id='line_1_74' title="bbox 2459 3109 4024 3196; baseline -0.003 -19"><span class='ocrx_word' id='word_1_482' title='bbox 2459 3120 2660 3177; x_wconf 88' lang='lat' dir='ltr'>sortes</span> <span class='ocrx_word' id='word_1_483' title='bbox 2705 3111 3398 3196; x_wconf 74' lang='lat' dir='ltr'>prosequebatur3dum</span> <span class='ocrx_word' id='word_1_484' title='bbox 3448 3109 3692 3176; x_wconf 88' lang='lat' dir='ltr'>scilicet</span> <span class='ocrx_word' id='word_1_485' title='bbox 3736 3110 3847 3176; x_wconf 89' lang='lat' dir='ltr'>Dei</span> <span class='ocrx_word' id='word_1_486' title='bbox 3890 3109 4024 3175; x_wconf 88' lang='lat' dir='ltr'>cul-</span> 
     </span>
     <span class='ocr_line' id='line_1_75' title="bbox 2458 3207 4019 3298; baseline -0.002 -25"><span class='ocrx_word' id='word_1_487' title='bbox 2458 3217 2588 3273; x_wconf 87' lang='lat' dir='ltr'>tum</span> <span class='ocrx_word' id='word_1_488' title='bbox 2613 3254 2634 3283; x_wconf 88' lang='lat'><strong>‚</strong></span> <span class='ocrx_word' id='word_1_489' title='bbox 2662 3210 2993 3298; x_wconf 54' lang='lat' dir='ltr'>{Religionis</span> <span class='ocrx_word' id='word_1_490' title='bbox 3024 3207 3337 3273; x_wconf 80' lang='lat' dir='ltr'>fervorem</span> <span class='ocrx_word' id='word_1_491' title='bbox 3363 3252 3384 3282; x_wconf 86' lang='lat'><strong><em>‚</em></strong></span> <span class='ocrx_word' id='word_1_492' title='bbox 3409 3208 3708 3273; x_wconf 87' lang='lat' dir='ltr'>virtutum</span> <span class='ocrx_word' id='word_1_493' title='bbox 3741 3207 4019 3271; x_wconf 81' lang='lat' dir='ltr'>omnium</span> 
     </span>
     <span class='ocr_line' id='line_1_76' title="bbox 2455 3302 4029 3386; baseline 0 -18"><span class='ocrx_word' id='word_1_494' title='bbox 2455 3307 2725 3369; x_wconf 89' lang='lat' dir='ltr'>studium</span> <span class='ocrx_word' id='word_1_495' title='bbox 2788 3306 2852 3366; x_wconf 88' lang='lat' dir='ltr'>in</span> <span class='ocrx_word' id='word_1_496' title='bbox 2901 3305 3056 3386; x_wconf 85' lang='lat' dir='ltr'>ipsis</span> <span class='ocrx_word' id='word_1_497' title='bbox 3107 3303 3318 3382; x_wconf 77' lang='lat' dir='ltr'>fovere</span> <span class='ocrx_word' id='word_1_498' title='bbox 3383 3313 3571 3386; x_wconf 89' lang='lat' dir='ltr'>atque</span> <span class='ocrx_word' id='word_1_499' title='bbox 3633 3302 4029 3385; x_wconf 80' lang='lat' dir='ltr'>amplificare</span> 
     </span>
     <span class='ocr_line' id='line_1_77' title="bbox 2453 3398 4021 3483; baseline -0.002 -17"><span class='ocrx_word' id='word_1_500' title='bbox 2453 3402 2623 3466; x_wconf 89' lang='lat' dir='ltr'>omui</span> <span class='ocrx_word' id='word_1_501' title='bbox 2645 3423 2762 3483; x_wconf 87' lang='lat' dir='ltr'>ope</span> <span class='ocrx_word' id='word_1_502' title='bbox 2795 3403 3141 3483; x_wconf 80' lang='lat' dir='ltr'>satagebat.</span> <span class='ocrx_word' id='word_1_503' title='bbox 3177 3402 3307 3465; x_wconf 73' lang='lat' dir='ltr'>Sed</span> <span class='ocrx_word' id='word_1_504' title='bbox 3327 3401 3804 3481; x_wconf 70' lang='lat' dir='ltr'>nscjnsetiqun</span> <span class='ocrx_word' id='word_1_505' title='bbox 3832 3398 4021 3464; x_wconf 86' lang='lat' dir='ltr'>efficii</span> 
     </span>
     <span class='ocr_line' id='line_1_78' title="bbox 2454 3498 4021 3581; baseline 0.001 -19"><span class='ocrx_word' id='word_1_506' title='bbox 2454 3501 2550 3562; x_wconf 89' lang='lat' dir='ltr'>sui</span> <span class='ocrx_word' id='word_1_507' title='bbox 2600 3498 3136 3564; x_wconf 79' lang='lat' dir='ltr'>administratione</span> <span class='ocrx_word' id='word_1_508' title='bbox 3185 3500 3425 3562; x_wconf 88' lang='lat' dir='ltr'>minora</span> <span class='ocrx_word' id='word_1_509' title='bbox 3484 3498 3640 3581; x_wconf 88' lang='lat' dir='ltr'>ipsis</span> <span class='ocrx_word' id='word_1_510' title='bbox 3701 3503 4021 3564; x_wconf 82' lang='lat' dir='ltr'>maternae</span> 
     </span>
     <span class='ocr_line' id='line_1_79' title="bbox 2454 3585 4024 3679; baseline -0.001 -22"><span class='ocrx_word' id='word_1_511' title='bbox 2454 3596 2706 3679; x_wconf 84' lang='lat' dir='ltr'>pietatis</span> <span class='ocrx_word' id='word_1_512' title='bbox 2733 3585 2935 3662; x_wconf 81' lang='lat' dir='ltr'>studia</span> <span class='ocrx_word' id='word_1_513' title='bbox 2955 3594 3381 3675; x_wconf 87' lang='lat' dir='ltr'>impendebat.</span> <span class='ocrx_word' id='word_1_514' title='bbox 3415 3600 3664 3657; x_wconf 87' lang='lat' dir='ltr'>Summa</span> <span class='ocrx_word' id='word_1_515' title='bbox 3691 3592 3857 3673; x_wconf 89' lang='lat' dir='ltr'>enim</span> <span class='ocrx_word' id='word_1_516' title='bbox 3888 3598 4024 3657; x_wconf 86' lang='lat' dir='ltr'>erat</span> 
     </span>
     <span class='ocr_line' id='line_1_80' title="bbox 2454 3687 4023 3775; baseline -0.004 -18"><span class='ocrx_word' id='word_1_517' title='bbox 2454 3702 2519 3757; x_wconf 90' lang='lat' dir='ltr'>et</span> <span class='ocrx_word' id='word_1_518' title='bbox 2543 3692 2710 3775; x_wconf 82' lang='lat' dir='ltr'>jugis</span> <span class='ocrx_word' id='word_1_519' title='bbox 2738 3691 3100 3758; x_wconf 86' lang='lat' dir='ltr'>Catharinae</span> <span class='ocrx_word' id='word_1_520' title='bbox 3134 3689 3512 3765; x_wconf 86' lang='lat' dir='ltr'>solicitudo,</span> <span class='ocrx_word' id='word_1_521' title='bbox 3557 3710 3634 3752; x_wconf 92' lang='lat' dir='ltr'>ne</span> <span class='ocrx_word' id='word_1_522' title='bbox 3681 3687 3836 3770; x_wconf 87' lang='lat' dir='ltr'>quid</span> <span class='ocrx_word' id='word_1_523' title='bbox 3876 3708 4023 3752; x_wconf 86' lang='lat' dir='ltr'>con·</span> 
     </span>
     <span class='ocr_line' id='line_1_81' title="bbox 2455 3786 4021 3871; baseline -0.006 -18"><span class='ocrx_word' id='word_1_524' title='bbox 2455 3790 2698 3853; x_wconf 83' lang='lat' dir='ltr'>credito</span> <span class='ocrx_word' id='word_1_525' title='bbox 2733 3787 2855 3852; x_wconf 87' lang='lat' dir='ltr'>sibi</span> <span class='ocrx_word' id='word_1_526' title='bbox 2888 3789 3063 3871; x_wconf 78' lang='lat' dir='ltr'>gregi</span> <span class='ocrx_word' id='word_1_527' title='bbox 3098 3788 3387 3860; x_wconf 77' lang='lat' dir='ltr'>deesset,</span> <span class='ocrx_word' id='word_1_528' title='bbox 3432 3787 3564 3850; x_wconf 80' lang='lat' dir='ltr'>sive</span> <span class='ocrx_word' id='word_1_529' title='bbox 3609 3786 3687 3850; x_wconf 89' lang='lat' dir='ltr'>ad</span> <span class='ocrx_word' id='word_1_530' title='bbox 3730 3786 4021 3852; x_wconf 77' lang='lat' dir='ltr'>innocen·</span> 
     </span>
     <span class='ocr_line' id='line_1_82' title="bbox 2457 3882 4019 3964; baseline -0.004 -15"><span class='ocrx_word' id='word_1_531' title='bbox 2457 3888 2582 3951; x_wconf 90' lang='lat' dir='ltr'>tiae</span> <span class='ocrx_word' id='word_1_532' title='bbox 2621 3884 2965 3950; x_wconf 88' lang='lat' dir='ltr'>custodiam</span> <span class='ocrx_word' id='word_1_533' title='bbox 2988 3928 3009 3957; x_wconf 93' lang='lat'>‚</span> <span class='ocrx_word' id='word_1_534' title='bbox 3042 3884 3170 3946; x_wconf 77' lang='lat' dir='ltr'>sive</span> <span class='ocrx_word' id='word_1_535' title='bbox 3200 3885 3278 3947; x_wconf 89' lang='lat' dir='ltr'>ad</span> <span class='ocrx_word' id='word_1_536' title='bbox 3310 3904 3555 3948; x_wconf 90' lang='lat' dir='ltr'>morum</span> <span class='ocrx_word' id='word_1_537' title='bbox 3587 3882 3975 3964; x_wconf 86' lang='lat' dir='ltr'>disciplinam</span> <span class='ocrx_word' id='word_1_538' title='bbox 3995 3923 4019 3957; x_wconf 83' lang='lat'>,</span> 
     </span>
     <span class='ocr_line' id='line_1_83' title="bbox 2457 3977 4016 4062; baseline -0.006 -13"><span class='ocrx_word' id='word_1_539' title='bbox 2457 3985 2587 4050; x_wconf 82' lang='lat' dir='ltr'>sive</span> <span class='ocrx_word' id='word_1_540' title='bbox 2606 3985 2682 4048; x_wconf 89' lang='lat' dir='ltr'>ad</span> <span class='ocrx_word' id='word_1_541' title='bbox 2704 3982 3055 4046; x_wconf 88' lang='lat' dir='ltr'>animorum</span> <span class='ocrx_word' id='word_1_542' title='bbox 3086 3977 3361 4062; x_wconf 82' lang='lat' dir='ltr'>quietem</span> <span class='ocrx_word' id='word_1_543' title='bbox 3388 3989 3454 4044; x_wconf 89' lang='lat' dir='ltr'>et</span> <span class='ocrx_word' id='word_1_544' title='bbox 3474 3979 4016 4061; x_wconf 84' lang='lat' dir='ltr'>tranquillitatem,</span> 
     </span>
     <span class='ocr_line' id='line_1_84' title="bbox 2459 4076 4020 4159; baseline -0.005 -13"><span class='ocrx_word' id='word_1_545' title='bbox 2459 4082 2585 4146; x_wconf 82' lang='lat' dir='ltr'>sive</span> <span class='ocrx_word' id='word_1_546' title='bbox 2604 4080 2683 4144; x_wconf 89' lang='lat' dir='ltr'>ad</span> <span class='ocrx_word' id='word_1_547' title='bbox 2705 4077 3072 4159; x_wconf 90' lang='lat' dir='ltr'>temporalis</span> <span class='ocrx_word' id='word_1_548' title='bbox 3095 4078 3263 4140; x_wconf 79' lang='lat' dir='ltr'>vitae</span> <span class='ocrx_word' id='word_1_549' title='bbox 3286 4076 3564 4141; x_wconf 87' lang='lat' dir='ltr'>subsidia</span> <span class='ocrx_word' id='word_1_550' title='bbox 3593 4086 3656 4140; x_wconf 88' lang='lat' dir='ltr'>et</span> <span class='ocrx_word' id='word_1_551' title='bbox 3683 4095 4020 4156; x_wconf 87' lang='lat' dir='ltr'>corporum</span> 
     </span>
     <span class='ocr_line' id='line_1_85' title="bbox 2457 4171 4018 4258; baseline -0.006 -15"><span class='ocrx_word' id='word_1_552' title='bbox 2457 4176 2975 4258; x_wconf 66' lang='lat' dir='ltr'>incolumitatem.</span> <span class='ocrx_word' id='word_1_553' title='bbox 3009 4174 3070 4237; x_wconf 90' lang='lat' dir='ltr'>Si</span> <span class='ocrx_word' id='word_1_554' title='bbox 3102 4195 3262 4255; x_wconf 84' lang='lat' dir='ltr'>qnae</span> <span class='ocrx_word' id='word_1_555' title='bbox 3292 4194 3443 4238; x_wconf 78' lang='lat' dir='ltr'>vero</span> <span class='ocrx_word' id='word_1_556' title='bbox 3475 4195 3559 4236; x_wconf 81' lang='lat' dir='ltr'>ex</span> <span class='ocrx_word' id='word_1_557' title='bbox 3588 4174 3925 4238; x_wconf 87' lang='lat' dir='ltr'>Sororibus</span> <span class='ocrx_word' id='word_1_558' title='bbox 3955 4171 4018 4238; x_wconf 80' lang='lat' dir='ltr'>in</span> 
     </span>
     <span class='ocr_line' id='line_1_86' title="bbox 2455 4269 4015 4353; baseline -0.007 -13"><span class='ocrx_word' id='word_1_559' title='bbox 2455 4276 2745 4340; x_wconf 86' lang='lat' dir='ltr'>morbum</span> <span class='ocrx_word' id='word_1_560' title='bbox 2799 4270 3168 4341; x_wconf 81' lang='lat' dir='ltr'>incidisset,</span> <span class='ocrx_word' id='word_1_561' title='bbox 3217 4271 3358 4353; x_wconf 82' lang='lat' dir='ltr'>ejus</span> <span class='ocrx_word' id='word_1_562' title='bbox 3384 4269 3764 4351; x_wconf 87' lang='lat' dir='ltr'>peculiarem</span> <span class='ocrx_word' id='word_1_563' title='bbox 3801 4288 4015 4336; x_wconf 85' lang='lat' dir='ltr'>curam</span> 
     </span>
     <span class='ocr_line' id='line_1_87' title="bbox 2458 4363 4018 4454; baseline -0.008 -15"><span class='ocrx_word' id='word_1_564' title='bbox 2458 4374 2645 4454; x_wconf 84' lang='lat' dir='ltr'>eique</span> <span class='ocrx_word' id='word_1_565' title='bbox 2666 4368 3046 4433; x_wconf 82' lang='lat' dir='ltr'>inserviendi</span> <span class='ocrx_word' id='word_1_566' title='bbox 3071 4386 3227 4431; x_wconf 88' lang='lat' dir='ltr'>onus</span> <span class='ocrx_word' id='word_1_567' title='bbox 3250 4367 3368 4442; x_wconf 71' lang='lat' dir='ltr'>sibi</span> <span class='ocrx_word' id='word_1_568' title='bbox 3389 4367 3705 4438; x_wconf 79' lang='lat' dir='ltr'>sumebat3</span> <span class='ocrx_word' id='word_1_569' title='bbox 3732 4364 3851 4445; x_wconf 90' lang='lat' dir='ltr'>ipsi</span> <span class='ocrx_word' id='word_1_570' title='bbox 3881 4363 4018 4427; x_wconf 82' lang='lat' dir='ltr'>dies</span> 
     </span>
     <span class='ocr_line' id='line_1_88' title="bbox 2459 4459 4023 4547; baseline -0.006 -14"><span class='ocrx_word' id='word_1_571' title='bbox 2459 4478 2800 4547; x_wconf 85' lang='lat' dir='ltr'>noctesque</span> <span class='ocrx_word' id='word_1_572' title='bbox 2819 4464 3095 4534; x_wconf 85' lang='lat' dir='ltr'>adstare,</span> <span class='ocrx_word' id='word_1_573' title='bbox 3117 4464 3447 4543; x_wconf 85' lang='lat' dir='ltr'>omniaque</span> <span class='ocrx_word' id='word_1_574' title='bbox 3480 4461 3850 4528; x_wconf 83' lang='lat' dir='ltr'>christianae</span> <span class='ocrx_word' id='word_1_575' title='bbox 3883 4459 4023 4524; x_wconf 87' lang='lat' dir='ltr'>cha·</span> 
     </span>
     <span class='ocr_line' id='line_1_89' title="bbox 2457 4557 4018 4643; baseline -0.01 -10"><span class='ocrx_word' id='word_1_576' title='bbox 2457 4566 2663 4633; x_wconf 83' lang='lat' dir='ltr'>ritatis</span> <span class='ocrx_word' id='word_1_577' title='bbox 2692 4562 2892 4628; x_wconf 86' lang='lat' dir='ltr'>officia</span> <span class='ocrx_word' id='word_1_578' title='bbox 2917 4569 3236 4643; x_wconf 87' lang='lat' dir='ltr'>praestare</span> <span class='ocrx_word' id='word_1_579' title='bbox 3266 4561 3611 4642; x_wconf 79' lang='lat' dir='ltr'>gaudebat.</span> <span class='ocrx_word' id='word_1_580' title='bbox 3645 4560 3924 4639; x_wconf 77' lang='lat' dir='ltr'>Denique</span> <span class='ocrx_word' id='word_1_581' title='bbox 3954 4557 4018 4618; x_wconf 89' lang='lat' dir='ltr'>in</span> 
     </span>
     <span class='ocr_line' id='line_1_90' title="bbox 2462 4654 4015 4742; baseline -0.007 -16"><span class='ocrx_word' id='word_1_582' title='bbox 2462 4661 2685 4727; x_wconf 81' lang='lat' dir='ltr'>mertis</span> <span class='ocrx_word' id='word_1_583' title='bbox 2712 4676 2911 4742; x_wconf 84' lang='lat' dir='ltr'>agone</span> <span class='ocrx_word' id='word_1_584' title='bbox 2942 4654 3313 4720; x_wconf 88' lang='lat' dir='ltr'>constitutas</span> <span class='ocrx_word' id='word_1_585' title='bbox 3342 4655 3515 4736; x_wconf 88' lang='lat' dir='ltr'>apud</span> <span class='ocrx_word' id='word_1_586' title='bbox 3533 4659 3731 4715; x_wconf 87' lang='lat' dir='ltr'>Deum</span> <span class='ocrx_word' id='word_1_587' title='bbox 3758 4654 4015 4737; x_wconf 80' lang='lat' dir='ltr'>juvare,</span> 
     </span>
     <span class='ocr_line' id='line_1_91' title="bbox 2451 4749 4023 4846; baseline -0.008 -20.925"><span class='ocrx_word' id='word_1_588' title='bbox 2451 4776 2800 4846; x_wconf 85' lang='lat' dir='ltr'>earumque</span> <span class='ocrx_word' id='word_1_589' title='bbox 2824 4754 3064 4816; x_wconf 87' lang='lat' dir='ltr'>animas</span> <span class='ocrx_word' id='word_1_590' title='bbox 3091 4751 3153 4813; x_wconf 89' lang='lat' dir='ltr'>in</span> <span class='ocrx_word' id='word_1_591' title='bbox 3187 4771 3404 4816; x_wconf 88' lang='lat' dir='ltr'>manus</span> <span class='ocrx_word' id='word_1_592' title='bbox 3431 4750 3697 4834; x_wconf 82' lang='lat' dir='ltr'>Sponsi,</span> <span class='ocrx_word' id='word_1_593' title='bbox 3728 4770 3765 4813; x_wconf 93' lang='lat' dir='ltr'>e</span> <span class='ocrx_word' id='word_1_594' title='bbox 3780 4749 4023 4834; x_wconf 82' lang='lat' dir='ltr'>’quibus</span> 
     </span>
     <span class='ocr_line' id='line_1_92' title="bbox 2461 4848 4019 4930; baseline -0.01 -9"><span class='ocrx_word' id='word_1_595' title='bbox 2461 4852 2869 4924; x_wconf 78' lang='lat' dir='ltr'>Adversarius</span> <span class='ocrx_word' id='word_1_596' title='bbox 2906 4870 3016 4916; x_wconf 87' lang='lat' dir='ltr'>eas</span> <span class='ocrx_word' id='word_1_597' title='bbox 3058 4868 3274 4930; x_wconf 80' lang='lat' dir='ltr'>rapere</span> <span class='ocrx_word' id='word_1_598' title='bbox 3319 4866 3443 4912; x_wconf 92' lang='lat' dir='ltr'>non</span> <span class='ocrx_word' id='word_1_599' title='bbox 3492 4848 3802 4928; x_wconf 76' lang='lat' dir='ltr'>auderet,</span> <span class='ocrx_word' id='word_1_600' title='bbox 3850 4865 4019 4909; x_wconf 88' lang='lat' dir='ltr'>com·</span> 
     </span>
     <span class='ocr_line' id='line_1_93' title="bbox 2465 4944 3956 5030; baseline -0.01 -13"><span class='ocrx_word' id='word_1_601' title='bbox 2465 4949 2759 5030; x_wconf 63' lang='lat' dir='ltr'>mentiare</span> <span class='ocrx_word' id='word_1_602' title='bbox 2791 4954 2856 5012; x_wconf 88' lang='lat' dir='ltr'>et</span> <span class='ocrx_word' id='word_1_603' title='bbox 2886 4966 2999 5027; x_wconf 87' lang='lat' dir='ltr'>pro</span> <span class='ocrx_word' id='word_1_604' title='bbox 3032 4945 3270 5010; x_wconf 86' lang='lat' dir='ltr'>viribus</span> <span class='ocrx_word' id='word_1_605' title='bbox 3300 4963 3579 5010; x_wconf 85' lang='lat' dir='ltr'>asserere</span> <span class='ocrx_word' id='word_1_606' title='bbox 3619 4944 3956 5006; x_wconf 85' lang='lat' dir='ltr'>nitebatur.</span> 
     </span>
    </p>

    <p class='ocr_par' dir='ltr' id='par_1_23' title="bbox 2461 5038 4024 5222">
     <span class='ocr_line' id='line_1_94' title="bbox 2585 5038 4024 5126; baseline -0.009 -15"><span class='ocrx_word' id='word_1_607' title='bbox 2585 5053 2801 5126; x_wconf 86' lang='lat' dir='ltr'>Neque</span> <span class='ocrx_word' id='word_1_608' title='bbox 2831 5047 3041 5114; x_wconf 81' lang='lat' dir='ltr'>tam&#39;en</span> <span class='ocrx_word' id='word_1_609' title='bbox 3061 5039 3342 5123; x_wconf 82' lang='lat' dir='ltr'>angustis</span> <span class='ocrx_word' id='word_1_610' title='bbox 3367 5038 3730 5104; x_wconf 80' lang='lat' dir='ltr'>Monasterii</span> <span class='ocrx_word' id='word_1_611' title='bbox 3764 5040 3855 5100; x_wconf 90' lang='lat' dir='ltr'>sni</span> <span class='ocrx_word' id='word_1_612' title='bbox 3887 5038 4024 5100; x_wconf 85' lang='lat' dir='ltr'>fini-</span> 
     </span>
     <span class='ocr_line' id='line_1_95' title="bbox 2461 5135 4023 5222; baseline -0.008 -12"><span class='ocrx_word' id='word_1_613' title='bbox 2461 5148 2581 5210; x_wconf 91' lang='lat' dir='ltr'>bus</span> <span class='ocrx_word' id='word_1_614' title='bbox 2611 5139 2920 5209; x_wconf 87' lang='lat' dir='ltr'>contineri</span> <span class='ocrx_word' id='word_1_615' title='bbox 2945 5138 3152 5222; x_wconf 88' lang='lat' dir='ltr'>potuit</span> <span class='ocrx_word' id='word_1_616' title='bbox 3194 5136 3391 5221; x_wconf 87' lang='lat' dir='ltr'>ipsius</span> <span class='ocrx_word' id='word_1_617' title='bbox 3434 5135 3757 5201; x_wconf 77' lang='lat' dir='ltr'>charitatis</span> <span class='ocrx_word' id='word_1_618' title='bbox 3798 5135 4023 5218; x_wconf 85' lang='lat' dir='ltr'>ampli-</span> 
     </span>
    </p>
   </div>
   <div class='ocr_carea' id='block_1_17' title="bbox 896 5329 3134 5422">
    <p class='ocr_par' dir='ltr' id='par_1_24' title="bbox 896 5329 3134 5422">
     <span class='ocr_line' id='line_1_96' title="bbox 896 5329 3134 5422; baseline -0.009 -19"><span class='ocrx_word' id='word_1_619' title='bbox 896 5351 947 5402; x_wconf 82' lang='grc' dir='ltr'><strong>Δ</strong></span> <span class='ocrx_word' id='word_1_620' title='bbox 987 5347 1192 5403; x_wconf 75' lang='lat' dir='ltr'>Divino</span> <span class='ocrx_word' id='word_1_621' title='bbox 1218 5347 1654 5422; x_wconf 66' lang='lat' dir='ltr'>amoreflagmt.</span> <span class='ocrx_word' id='word_1_622' title='bbox 1803 5347 1848 5399; x_wconf 85' lang='lat' dir='ltr'>B</span> <span class='ocrx_word' id='word_1_623' title='bbox 1896 5347 2196 5402; x_wconf 70' lang='lat' dir='ltr'>Proximos</span> <span class='ocrx_word' id='word_1_624' title='bbox 2220 5353 2407 5400; x_wconf 69' lang='lat' dir='ltr'>emes</span> <span class='ocrx_word' id='word_1_625' title='bbox 2432 5340 2708 5399; x_wconf 74' lang='lat' dir='ltr'>charitate</span> <span class='ocrx_word' id='word_1_626' title='bbox 2733 5329 3134 5406; x_wconf 64' lang='lat' dir='ltr'>complectitur.</span> 
     </span>
    </p>
   </div>
  </div>
 </body>
</html>
