4442 6300
889 493 963 547 ⁹8
1826 506 2029 563 ACTA
2072 499 2654 564 cummanum<
2661 505 2730 560 18

705 645 1014 704 :intortam
1052 648 1516 720 nomimant-um
1547 655 1659 712 sub
1704 647 1859 715 bora
1902 652 2268 719 decimater-

712 737 818 798 tia.
857 741 929 798 In
958 760 1027 802 oo
1070 750 1308 804 servata
1352 743 1643 811 Methodo
1673 755 1875 826 juxta
1913 757 2268 829 schedulam

692 839 825 911 jam
852 840 1233 900 distributam
1263 840 1687 907 sanctissimus
1719 850 2009 911 Dominus
2039 853 2270 913 Noster

707 933 1234 999 BENEDICTUS
1267 941 1436 1014 Papa
1475 944 1641 1027 XIV.
1677 955 1803 1004 ram
1851 949 2269 1013 Eminentius*-

703 1043 940 1089 morum
971 1035 1097 1092 DD.
1133 1036 1568 1111 cardinalium,
1604 1059 1788 1117 quam
1823 1047 2268 1109 Reverendissn'-

702 1142 934 1189 morum
980 1131 1511 1209 Patriarcharum,
1560 1138 2161 1218 archiepiscoporum
2210 1158 2268 1206 et

701 1225 1139 1301 Episcopomm
1168 1237 1456 1312 suffragia
1474 1240 1746 1311 excipiet
1767 1255 1883 1313 pro
1914 1240 2125 1316 futura
2151 1247 2259 1304 Ca·

699 1330 1094 1387 manatione
1123 1332 1288 1393 beati
1318 1333 1645 1393 FIDELIS
1676 1353 1714 1395 a
1750 1338 2265 1403 SIGMAMNGA

705 1423 989 1500 Martyris
1022 1426 1262 1490 Ordinis
1293 1432 1596 1494 Historiam
1621 1436 1684 1496 S.
1708 1437 2018 1499 Francisci
2034 1442 2270 1516 Capac-

701 1524 1001 1585 cuorum.

830 1622 1203 1687 Intimentur
1225 1630 1454 1690 idcirco
1481 1647 1688 1691 omnes
1710 1674 1729 1703 ,
1760 1638 1819 1693 et
1846 1637 2073 1710 sinyali
2107 1639 2266 1698 Emi-

693 1726 1059 1794 nentissimi,
1090 1735 1147 1783 ct
1181 1726 1679 1788 Reverendian’mi
1711 1730 1835 1789 DD.
1875 1735 2262 1806 Cardinales,

695 1834 937 1877 naraon
969 1821 1470 1883 Reverendissimi
1495 1826 1622 1884 DD.
1664 1826 2057 1893 Patr-{archoo
2081 1873 2102 1903 ‚
2148 1828 2260 1894 idr-

697 1918 1071 1993 ehtopieeopi
1096 1927 1155 1977 st
1181 1918 1472 1995 Episcopi
1497 1926 1565 1981 in
1598 1925 1750 1985 Urbe
1775 1938 2150 1999 praesentes,
2181 1949 2255 1993 ac

702 2013 948 2076 Domini
967 2015 1386 2076 Protcnotarii
1418 2016 1781 2092 Apostolici,
1810 2026 1925 2083 duo
1955 2029 2263 2101 antiquio-

693 2128 786 2173 res
819 2113 1007 2172 Rotae
1041 2113 1395 2185 Audimus,
1441 2111 1762 2179 Sacrorum
1810 2120 2064 2182 Rittium
2111 2122 2259 2186 Coro·

695 2214 1065 2285 arcuatione]
1103 2208 1512 2285 secretarius,
1562 2216 1889 2278 Promotor
1934 2221 2144 2296 Fidei,
2204 2237 2264 2286 ct

698 2308 1061 2370 Procurator
1086 2307 1348 2373 Fiscatis
1385 2314 1671 2375 cameras
1703 2314 2100 2391 apostoncae.

901 2466 991 2523 De
1020 2462 1309 2527 Mandato
1338 2464 1719 2529 sanctissimi
1753 2469 1994 2559 Domini
2045 2475 2256 2540 Nostri

985 2565 1207 2641 Papae.

984 2703 1269 2779 lanarius
1300 2705 1477 2766 Beati
1508 2703 1718 2780 Aponi.
1750 2709 2013 2773 oaorem.
2041 2713 2251 2794 Praes.
2292 2728 2299 2731 ’

1891 2862 1921 2893 Χ

812 2900 882 2963 ln
919 2895 1177 2963 AEdibus
1206 2892 1641 2970 Quirinalibus
1679 2921 1794 2983 pro
1837 2904 1989 2969 Aula
2034 2908 2251 2972 Ducali

681 2990 988 3072 accipitur
1011 3013 1122 3066 ea,
1157 3013 1314 3074 quae
1344 2997 1831 3064 ascendentibus
1868 3023 1978 3084 per
2019 3002 2250 3069 scalam

684 3089 933 3173 Regiam
966 3088 1027 3152 in
1044 3089 1348 3155 Palatium
1382 3094 1588 3177 prima
1612 3099 1909 3186 occurrit,
1942 3109 2004 3164 et
2037 3101 2101 3164 in
2129 3125 2250 3185 qua

681 3185 1096 3252 Parat'renarii
1155 3200 1644 3258 commorantur.
1693 3196 1782 3255 Ad
1825 3206 2007 3276 caput
2063 3200 2256 3281 igitur

680 3283 878 3349 Aulae
912 3285 1092 3349 istius
1134 3299 1469 3368 posuerant
1512 3290 1827 3355 Pontificis
1872 3298 2247 3360 Consmetae

677 3381 949 3465 (vulgus
996 3386 1297 3445 Florerios
1325 3383 1637 3468 appellat)
1685 3387 1979 3467 Papalem
2026 3393 2248 3457 Cathe-

678 3478 889 3551 dram,
921 3499 1106 3560 supra
1135 3500 1321 3561 quam
1357 3481 1564 3561 ampla
1600 3484 1908 3564 pendebat
1936 3489 2245 3561 Umbella,

675 3576 871 3641 serica
904 3577 1165 3642 culcitra
1184 3578 1416 3643 coloris
1447 3580 1621 3642 rubri
1645 3599 1801 3645 auro
1822 3595 2111 3649 contexta
2135 3589 2243 3651 ob·

672 3672 969 3748 ductam;
1002 3675 1304 3755 parietem
1338 3683 1544 3738 utitem
1579 3678 1888 3758 posticum
1916 3724 1935 3752 ‚
1978 3682 2076 3746 cui
2111 3683 2241 3763 ipsa

673 3770 860 3835 sedes
890 3772 1230 3842 haerebat,
1261 3771 1641 3837 damasceno
1672 3775 1874 3838 serico
1908 3780 2098 3841 rubro
2128 3781 2242 3844 cir·

672 3867 1177 3941 cumvestierant3
1199 3887 1446 3933 scamna
1481 3878 1800 3950 praeterea
1833 3874 2242 3941 consistoria-

673 3963 799 4039 lia,
828 3965 891 4026 in
922 3965 1149 4045 quibus
1192 3966 1552 4030 cardinales
1595 3968 1989 4043 assiderent,
2033 3973 2241 4055 dispo·

667 4070 925 4126 ruerant
954 4062 1096 4126 hinc
1128 4072 1191 4127 et
1216 4063 1364 4128 inde
1397 4063 1457 4124 in
1488 4075 1715 4130 rectam
1751 4066 1976 4132 lineam
2026 4091 2238 4151 porre-

660 4167 760 4220 cta
783 4199 803 4226 ,
835 4164 900 4221 et
929 4157 990 4219 in
1022 4160 1330 4239 quadrum
1364 4158 1737 4232 desinentia,
1766 4170 1982 4241 aperto
2018 4172 2234 4228 tamen

660 4252 829 4317 aditu
861 4276 897 4318 e
926 4255 1181 4337 regione
1209 4255 1389 4319 Sedis
1419 4255 1788 4321 Pontificiae
1820 4258 2079 4323 relicto:
2113 4268 2231 4324 Pro

667 4350 1065 4414 Praesulibus
1084 4372 1231 4414 vero
1254 4352 1709 4416 assistentibus
1730 4355 1808 4416 ad
1840 4354 1993 4419 Solii
2014 4356 2231 4420 dexte-

2378 650 2796 717 Cardinalium
2826 647 3049 718 sedilia
3076 651 3302 719 eodem
3330 654 3552 720 ordine
3595 654 3935 722 distribue·

2381 755 2519 811 rant
2545 747 2918 832 quamplura
2938 748 3062 814 alia
3090 772 3341 816 scamna
3371 773 3452 816 ex
3473 752 3639 818 nudo
3668 753 3941 836 alboque

2384 844 2557 928 ligno
2588 845 2723 910 sine
2752 846 3089 930 postergali
3115 891 3135 921 ‚
3180 850 3245 909 in
3277 851 3511 931 quibus
3541 859 3603 915 et
3640 859 3941 916 Protono·

2385 942 2526 1004 tarii
2560 944 2977 1009 etAuditores
2996 945 3186 1009 etiam
3220 954 3420 1013 Rotae
3447 949 3725 1013 assidere
3749 950 3943 1015 debe·

2385 1040 2572 1115 bant3
2606 1048 2674 1105 ut
2701 1040 2761 1102 in
2792 1042 2905 1106 bac
2933 1043 3379 1127 Ichnograpbia
3411 1057 3689 1130 apparet.

2502 1137 2617 1203 His
2658 1137 2985 1221 dispositis
3027 1149 3257 1208 statuta
3303 1144 3404 1208 die
3435 1145 3675 1209 elbora
3717 1167 3942 1213 conve·

2381 1254 2530 1298 nere
2559 1236 2622 1297 in
2650 1237 2996 1317 praefatam
3024 1239 3245 1302 Aulam
3277 1245 3602 1324 Purpurati
3634 1250 3849 1308 Patres
3880 1254 3945 1311 et

2379 1333 2698 1397 Praesules
2731 1355 2981 1408 omnes,
3011 1357 3272 1418 quorum
3304 1340 3587 1403 nonnulli
3615 1363 3695 1406 ex
3726 1344 3942 1408 Orien-

2382 1429 2490 1494 tali
2522 1431 2790 1514 Regione
2820 1433 2939 1498 buc
2965 1435 3209 1517 appulsi
3238 1437 3417 1520 jussu
3449 1447 3649 1522 Papae
3693 1449 3944 1523 praeter

2377 1527 2613 1592 cibaria
2644 1531 2723 1592 ab
2754 1530 2950 1612 ipsius
2970 1539 3194 1597 Promo
3223 1536 3501 1616 quotidie
3523 1539 3936 1620 suppeditata,

2376 1622 2652 1687 Rbedam
2686 1646 2973 1708 quoque,
2998 1649 3119 1708 qua
3149 1639 3579 1705 tractarentur,
3622 1654 3656 1696 a
3690 1636 3938 1699 Pontifi-

2375 1718 2456 1783 cii
2485 1720 2730 1802 Equilis
2770 1722 3094 1788 Praefecto
3122 1729 3477 1795 Marcbione
3505 1731 3738 1817 Pyrrho
3777 1740 3939 1799 vase

2372 1815 2821 1884 Pietramelara
2841 1820 3072 1885 illustri
3096 1842 3169 1888 ac
3193 1827 3394 1905 probo
3422 1828 3572 1892 Viro
3592 1830 3939 1895 Bononien-

2373 1914 2426 1978 si
2456 1916 2869 1998 accipiebant.

2500 2011 2592 2074 Ad
2620 2033 2732 2078 eos
2777 2014 2931 2079 exiit
2957 2016 3282 2092 Pontifex,
3328 2019 3591 2085 duorum
3639 2023 3935 2090 Diaconos

2371 2127 2507 2170 rum
2539 2111 2960 2174 cardinalium
2982 2157 3003 2186 ‚
3042 2117 3150 2196 qui
3184 2117 3246 2176 in
3275 2117 3496 2182 Aulam
3538 2126 3939 2187 Paramento·

2370 2223 2506 2267 rum
2539 2214 2888 2289 opportune
2920 2211 3004 2273 ob
3033 2210 3093 2274 id
3127 2210 3373 2277 fuerant
3401 2215 3579 2280 acciti
3605 2258 3625 2288 ‚
3657 2217 3938 2284 ministe-

2369 2301 2465 2365 rio
2492 2302 2619 2385 jam
2653 2304 2906 2371 indutus
2933 2309 3198 2385 Amictu‚
3229 2313 3409 2386 Alba,
3440 2314 3731 2399 Cingulo,
3761 2317 3934 2384 Stola

2365 2399 2684 2476 violacea.
2714 2403 2976 2469 Pluviali
3010 2407 3278 2490 simplici
3308 2411 3539 2476 coloris
3569 2414 3744 2477 rubri
3788 2433 3932 2481 cum

2367 2500 2681 2563 Formalio
2724 2522 2804 2566 ex
2848 2503 3218 2580 unionibus,
3263 2529 3335 2572 ac
3377 2510 3558 2574 uiua
3600 2530 3681 2575 ex
3720 2511 3931 2579 textili

2364 2613 2517 2658 auro
2544 2595 2895 2661 redimitus.
2926 2600 3128 2665 Pedes
3160 2604 3490 2671 incedebat
3517 2611 3932 2689 praecedente

2367 2697 2568 2757 Cruce
2600 2694 2680 2757 ab
2713 2697 3013 2761 Auditore
3047 2705 3234 2764 Rotae
3266 2701 3470 2766 delata
3511 2725 3656 2769 cum
3685 2711 3928 2789 Cappaz

2364 2792 2900 2856 vestimentorum
2928 2794 3067 2877 ejus
3096 2800 3444 2865 anteriores
3480 2800 3760 2869 fimbrias
3803 2806 3929 2876 duo

2362 2891 2807 2966 Protonotarii3
2825 2893 3217 2973 posteriores
3240 2918 3390 2961 vero
3411 2900 3788 2966 Cubicularii
3805 2902 3929 2984 duo

2364 2987 2754 3052 Assistentes
2775 2989 3129 3056 elevabant.
3153 2997 3305 3056 Cum
3331 3014 3399 3058 se
3426 3004 3703 3077 aptasset
3727 2999 3791 3060 in
3822 3006 3929 3064 So·

2364 3081 2449 3145 lio
2471 3125 2491 3155 ‚
2519 3083 2680 3168 jussi
2709 3094 2853 3150 sunt
2883 3086 2963 3152 de
2992 3087 3149 3152 Aula
3181 3089 3435 3173 egredi,
3479 3093 3710 3175 quibus
3747 3094 3927 3163 locus

2362 3189 2646 3261 nouerat
2666 3181 2727 3244 in
2746 3203 2824 3246 eo
2844 3188 3203 3259 Conventu3
3223 3184 3432 3268 iisque
3454 3191 3557 3270 qui
3574 3189 3737 3258 soris
3757 3190 3927 3256 clau-

2356 3295 2430 3339 so
2461 3277 2630 3344 ostio
2659 3287 3101 3354 remanerent,
3132 3282 3362 3347 vetitus
3393 3284 3457 3346 in
3491 3293 3806 3366 posterum
3835 3288 3929 3351 in·

2356 3392 2630 3454 gressus.
2663 3375 2928 3456 speciali
2958 3383 3082 3440 tam
3114 3380 3339 3441 summi
3384 3381 3702 3448 Pontificis
3731 3385 3928 3467 gratia

2353 3470 2806 3536 constituerunt
2832 3492 3025 3557 prope
3047 3474 3184 3556 ejus
3212 3477 3429 3544 sedem
3457 3478 3524 3542 in
3553 3481 3812 3546 sinistro
3833 3483 3921 3545 la·

2356 3573 2491 3631 tere
2524 3576 2593 3632 R.
2627 3575 2693 3632 P.
2726 3575 2795 3632 D.
2829 3571 3060 3653 Josepb
3104 3573 3413 3638 Livizaaui
3461 3581 3925 3647 Protonotarius

2355 3684 2542 3747 supra
2574 3684 2943 3738 numerum,
2979 3676 3193 3749 utpote
3220 3677 3719 3739 sANc‘rt‘rA‘rts
3762 3685 3920 3747 SUAE

2350 3783 2386 3827 a
2420 3760 2811 3845 supplicibus
2836 3765 3102 3831 Libellis
3123 3811 3143 3841 ‚
3173 3775 3238 3831 et
3270 3776 3334 3832 R.
3366 3776 3428 3834 P.
3464 3777 3536 3834 D.
3564 3773 3923 3841 Vincentius

2349 3859 2645 3924 Malvezzi
2669 3903 2690 3934 ,
2723 3862 2926 3927 eidem
2957 3866 3526 3946 protonotariorum
3560 3870 3927 3953 participan-

2348 3959 2503 4020 tium
2534 3958 2814 4044 collegio
2832 3961 3189 4044 adjunctus,
3224 3966 3585 4046 Apostolico
3615 3969 3921 4036 Cubiculo

2349 4056 2742 4129 Praefectus,
2774 4059 2963 4121 ambo
2993 4056 3318 4126 nobilitate
3346 4064 3619 4145 generis,
3648 4067 3921 4148 pruden-

2345 4154 2429 4217 tia
2450 4197 2470 4226 ‚
2502 4154 2803 4220 comitate
2833 4156 3114 4237 apprime
3143 4160 3582 4224 commendati.

2468 4253 2784 4319 sessionis
2815 4255 3058 4318 initium
3094 4255 3247 4320 tecit
3276 4257 3606 4325 Pontificia
3634 4258 3789 4328 baec
3818 4260 3922 4326 Al-

2343 4349 2609 4417 locutio.

658 4466 815 4522 ram3
845 4467 958 4531 pro
978 4467 1098 4513 non
1115 4449 1593 4526 Assistentibus,
1630 4450 1711 4515 ad
1740 4452 2061 4517 sinistram
2085 4463 2231 4537 post
2354 4479 2365 4484 ·

665 4651 1404 4797 VENERABILES
1456 4721 1927 4798 FRATRES.
1986 4723 2369 4798 Maximam
2422 4718 2644 4797 Nobis
2697 4718 2815 4793 hic
2866 4715 3333 4821 amplissimus
3381 4745 3751 4800 consessus
3786 4723 3909 4826 ju-

652 4832 1104 4910 cunditatem
1139 4835 1375 4927 affert,
1436 4838 1511 4910 in
1549 4866 1702 4941 quo
1737 4839 2174 4915 Pontificum
2210 4840 2857 4915 Praedecessorum
2900 4852 3319 4911 nostrorum
3359 4855 3563 4915 vetus
3596 4866 3911 4918 consue-

648 4956 832 5033 tudo
889 4972 1285 5035 renovatur
1371 4954 1781 5058 Siquidem,
1816 4982 1984 5031 cum
2021 4957 2113 5031 de
2149 4959 2569 5060 gravissimis
2620 4956 2926 5056 negotiis
2959 4952 3321 5056 agendum
3358 4980 3442 5028 ac
3477 4955 3905 5032 deliberan-

648 5073 822 5151 dum
890 5091 1050 5151 erat
1082 5135 1100 5165 ‚
1166 5076 1242 5148 in
1305 5073 1691 5149 consilium
1770 5073 2131 5151 vocabant
2203 5076 2571 5147 Primores
2631 5098 2715 5145 ex
2780 5069 3000 5143 Clero
3058 5071 3384 5144 Romano
3415 5127 3435 5162 ,
3505 5075 3910 5178 Episcopus

646 5177 1208 5268 Subur-binarios
1242 5208 1320 5267 et
1356 5210 1681 5269 caeteros
1717 5194 2131 5281 Antistites,
2179 5193 2307 5294 qui
2350 5218 2518 5265 casu
2557 5187 2803 5291 aliquo
2842 5190 3091 5261 Romoe
3131 5187 3630 5263 versabantur.
3670 5194 3908 5266 Mate-

647 5310 830 5383 riem
865 5311 1153 5411 pariter
1180 5362 1203 5400 ‚
1242 5334 1472 5411 quam
1529 5310 1757 5383 Vobis
1791 5307 2338 5383 examinandam
2391 5333 2475 5382 ac
2512 5303 3047 5406 dijudicandam
3102 5306 3582 5405 proponimus
3609 5363 3630 5395 ‚
3665 5332 3906 5383 sacrae

645 5428 986 5503 vetustati
1037 5429 1341 5502 omuino
1434 5440 1994 5503 consentaneam
2054 5423 2478 5530 judicamus.
2528 5423 2819 5500 Etenim
2872 5415 3099 5496 Causa
3158 5421 3502 5524 Martyris
3552 5417 3817 5499 Fidelis
3865 5454 3908 5500 a
