4442 6300
937 511 1043 563 loo

738 652 914 741 operi
956 652 1329 736 praesertim
1357 651 1696 717 addictum.
1731 658 1867 728 Quo
1908 651 2076 716 tacto
2106 651 2298 714 maxi-

736 772 910 816 mum
943 771 1092 815 sane
1118 750 1422 815 Fidelium
1454 750 1686 813 animis
1714 750 1794 814 ad
1818 749 2083 814 salutem
2114 750 2311 832 impe·

733 848 1019 911 trandam
1067 848 1496 931 adjumentum
1540 848 1792 919 attulit,
1825 854 2142 928 totamque
2186 847 2306 910 sibi

737 944 1034 1009 Camillus
1074 944 1353 1008 devinxit
1412 943 1801 1020 Ecclesiam3
1845 963 2007 1026 quae
2049 942 2312 1025 proinde

734 1043 878 1127 jure
912 1043 1026 1106 abs
1069 1048 1160 1105 Te
1186 1041 1383 1125 petit,
1413 1047 1872 1108 BEATISSIME
1904 1045 2155 1106 PATER
2177 1082 2199 1111 ‚
2242 1047 2312 1103 ut

737 1140 1009 1204 honores
1051 1139 1282 1203 sanctis
1322 1138 1493 1203 Viris
1522 1139 1774 1203 debitos
1819 1139 1881 1201 in
1910 1158 2058 1201 enm
2102 1136 2314 1202 conse·

738 1236 974 1301 reudos
1026 1235 1352 1300 existimes
1373 1278 1395 1308 ,
1453 1236 1722 1320 ejusque
1783 1235 2154 1300 memoriam
2210 1235 2315 1318 pie

742 1351 1000 1417 semper
1023 1341 1089 1397 et
1118 1343 1326 1401 sancte
1354 1332 1749 1398 recolendam
1778 1334 2102 1397 decemas.

746 1531 822 1591 D.
850 1528 1337 1593 Joacmutls
1368 1533 1484 1591 Tit.
1511 1531 1573 1593 S.
1626 1532 1837 1592 Crucis
1864 1531 1935 1589 in
1974 1530 2315 1593 sementem

929 1650 938 1663 ‘
1004 1629 1334 1704 Presbyter
1367 1631 1718 1690 cardinalis
1756 1629 2058 1689 Bantius.

877 1826 1137 1885 Beatum
1170 1820 1503 1883 Camillum
1534 1821 1615 1885 de
1643 1818 1835 1884 Lellis
1859 1861 1880 1892 ‚
1910 1818 2018 1900 qni
2062 1838 2129 1883 se
2174 1838 2317 1883 coe-

748 1929 1011 2000 tumque
1057 1938 1237 1982 suum
1267 1917 1559 2000 publicae
1604 1917 1792 1982 saluti
1840 1916 2134 1980 devovit:
2178 1917 2317 1979 illa·

746 2036 871 2098 que
912 2015 1160 2079 heroica
1217 2014 1563 2087 charitate,
1606 2034 1729 2097 qua
1773 2012 2072 2096 majorem
2134 2033 2319 2077 nemo

745 2112 1005 2184 habuit,
1032 2119 1103 2173 ut
1132 2110 1406 2175 animam
1438 2132 1614 2175 snam
1645 2119 1912 2194 poneret
1943 2129 2057 2190 pro
2097 2109 2324 2173 Fratri·

750 2210 872 2274 bus
898 2210 1032 2272 suis
1059 2208 1395 2273 donatumx
1430 2209 1609 2292 cnjus
1653 2190 2045 2273 sanctitatem
2094 2206 2323 2289 gravis·

753 2308 908 2372 aima
937 2306 1132 2370 sancti
1164 2305 1426 2388 Philippi
1451 2307 1620 2370 Nerii
1652 2305 1994 2370 auctoritas
2036 2323 2320 2384 compro·

751 2405 924 2468 bavit
950 2428 967 2464 ε
998 2404 1264 2468 virtutes
1292 2405 1355 2466 in
1386 2405 1581 2488 gradu
1615 2402 1869 2467 heroico
1896 2410 1960 2466 et
1991 2399 2320 2472 miracula,

751 2509 895 2584 post
921 2508 1188 2565 mortem
1222 2520 1470 2583 quoque
1494 2544 1513 2569 ,
1542 2498 1826 2581 legitime
1871 2506 2197 2563 constante
2228 2499 2322 2559 in-

755 2607 859 2662 ter
888 2604 1143 2662 sanctos
1176 2618 1321 2662 meo
1351 2618 1606 2680 quoque
1638 2595 1933 2680 suffragio
1956 2596 2102 2680 jure
2131 2614 2324 2660 annu·

752 2694 1118 2758 merandum
1176 2693 1447 2756 decerno
1475 2708 1516 2765 ,“
1551 2691 1845 2774 quodque
1902 2709 2019 2756 suo
2063 2698 2325 2755 Decreto

753 2794 1173 2855 SANCTtTAS
1212 2794 1520 2861 VESTRA
1561 2790 1678 2854 hoc
1733 2790 1939 2871 ipsum
1996 2790 2324 2854 Ecclesiae

753 2887 872 2950 toti
901 2887 1301 2971 pronuntiet,
1332 2886 1605 2951 demisse
1629 2886 2077 2970 humiliterque
2107 2907 2323 2952 exoro.

769 3081 1145 3145 GAROLUS
1186 3083 1248 3145 S.
1295 3076 1533 3143 Martae
1572 3086 1641 3144 in
1684 3086 1796 3146 Via
1840 3085 1973 3144 lata
2014 3084 2327 3146 Diaconum

1201 3183 1553 3243 cardinalis
1580 3183 1884 3243 Marinus.

882 3376 1033 3436 Cum
1064 3370 1244 3457 (Deo
1265 3371 1404 3454 ipso
1446 3373 1764 3458 testante)
1794 3373 2096 3457 majorem
2141 3393 2326 3438 nemo

758 3469 989 3534 haheat
1028 3469 1394 3534 charitatem
1415 3510 1440 3542 ,
1467 3488 1656 3550 quam
1686 3469 1793 3550 qui
1839 3489 2015 3533 snam
2058 3469 2327 3534 animam

760 3586 878 3649 pro
905 3566 1120 3632 amicis
1163 3566 1291 3631 suis
1335 3585 1568 3648 ponere
1597 3585 1724 3629 non
1752 3575 2041 3630 recusetz
2086 3570 2329 3640 Quanto

759 3663 1177 3729 excellentior
1199 3662 1309 3726 illa
1338 3662 1488 3733 erit,
1519 3682 1638 3742 qua
1671 3662 1891 3725 beatus
1921 3661 2220 3727 Camillus
2246 3661 2327 3728 de

761 3761 975 3833 Lellis,
1002 3779 1125 3823 non
1154 3780 1223 3822 se
1246 3759 1450 3842 ipsum
1484 3767 1719 3823 tantum
1751 3778 1863 3839 pro
1892 3759 2182 3823 omnibus
2209 3765 2329 3824 No-

763 3857 1185 3923 socomiorum
1230 3854 1536 3926 Infirmis,
1579 3874 1974 3937 quocumque
2006 3855 2192 3920 etiam
2235 3864 2327 3920 ta·

763 3955 918 4019 bido
947 3962 1013 4019 et
1057 3952 1350 4016 diflusivo
1382 3953 1606 4016 morbo
1650 3951 2128 4026 laborantibus,
2175 3955 2329 4019 assi·

721 4058 730 4067 ’
762 4052 889 4115 dno
917 4051 1057 4135 ejus
1085 4049 1251 4114 vitae
1270 4049 1632 4116 discrimine
1659 4050 1724 4113 in
1739 4050 2009 4116 hostiam
2040 4057 2173 4117 Deo
2200 4051 2331 4137 pla·-

762 4155 1011 4213 centem
1040 4146 1345 4214 exhibuit.

892 4243 1011 4308 Sed
1030 4242 1503 4308 meritissimum
1526 4242 1717 4309 etiam
1745 4245 2200 4331 Religiosorum
2221 4253 2332 4311 Or-

764 4340 1001 4410 dinem,
1031 4341 1109 4403 ad
1137 4339 1254 4405 hoc
1279 4339 1448 4403 idem
1478 4340 1756 4422 praecise
1781 4362 2004 4406 munus
2030 4341 2330 4417 instituit,

760 4446 836 4500 ut
889 4436 968 4500 ad
1020 4456 1449 4517 quoscumque
1491 4437 1869 4518 privatarum
1916 4458 2166 4520 quoque
2221 4440 2333 4503 do·

762 4552 977 4596 muum
1007 4540 1448 4615 aegrotantes,
1479 4534 1544 4595 in
1573 4535 1795 4598 mortis
1823 4555 2020 4619 agone
2051 4537 2333 4619 positos,

761 4627 1168 4711 adjuvandos,
1193 4628 1346 4692 etin
1378 4627 1494 4692 hoc
1522 4629 1803 4714 omniqm
1828 4632 2102 4694 maximo
2132 4642 2335 4697 aeter-

765 4728 828 4789 ni
860 4728 1012 4791 mali
1042 4727 1406 4790 discrimine
1432 4726 1496 4788 in
1529 4726 1753 4791 salutis
1779 4727 1943 4793 viam
1975 4728 2334 4813 dirigendos

765 4825 868 4888 die
897 4834 1216 4905 noctuque
1240 4843 1356 4904 per
1383 4821 1628 4906 pluvias
1647 4866 1668 4895 ,
1697 4822 1931 4907 frigora
1974 4834 2042 4889 et
2079 4835 2293 4892 aestus
2314 4874 2336 4903 ‚

765 4922 1213 5006 (quocumque
1256 4920 1615 5003 posthabito
1654 4921 1820 4986 vitae
1846 4922 2173 5009 periculo)
2215 4933 2336 4990 sta·

767 5021 881 5082 tim
914 5028 1337 5092 occurrerent,
1368 5027 1434 5082 et
1461 5038 1578 5100 per
1609 5017 1726 5082 hoc
1754 5029 2123 5103 perpetuum
2158 5022 2238 5086 de
2265 5043 2333 5087 se

770 5116 1071 5181 Proximo
1099 5114 1474 5180 sacrificium
1503 5124 1895 5179 renovarent.

900 5219 1049 5276 Cum
1097 5232 1244 5276 vero
1283 5211 1448 5277 huuc
1488 5211 1792 5275 eximium
1836 5212 2159 5279 charitatis
2199 5216 2333 5297 api-

771 5329 949 5380 cem,
979 5327 1101 5371 non
1132 5307 1317 5371 modo
1343 5306 1572 5391 insigni
1601 5307 1883 5390 prodigio
1903 5351 1925 5381 ,
1955 5310 2174 5375 Christi
2216 5318 2336 5376 Do·

772 5402 926 5469 mini
955 5403 1194 5489 effigies
1213 5448 1234 5479 ,
1266 5423 1555 5471 sermone
1584 5423 1619 5468 a
1653 5423 1724 5468 se
1754 5416 2157 5486 promanante
2197 5408 2339 5474 inu-

1919 506 2123 560 ACTA
2165 502 2824 559 canonizartoms

2416 648 2725 716 straverit:
2747 657 2974 713 Verum
2996 649 3184 712 etiam
3202 647 3488 715 inaudito
3510 667 3769 731 prorsus
3788 668 3994 713 exem-

2418 746 2525 830 plo
2552 756 2647 812 tot
2673 746 2938 818 crebris,
2970 745 3111 811 aliis
3142 745 3991 830 insignibusque·miraculis,

2418 842 2578 907 intra
2610 843 2817 908 solum
2852 844 3169 908 modicum
3204 852 3477 926 quatuor
3504 865 3811 909 annorum
3855 866 3987 929 spa·

2420 941 2574 1004 tium
2599 986 2620 1016 ‚
2651 961 2686 1005 a
2716 941 2818 1006 die
2861 941 3083 1024 privati
3128 942 3336 1007 cultus
3370 943 3450 1006 ab
3494 963 3572 1006 eo
3602 941 3844 1006 obtenti
3891 962 3995 1024 pa-

2421 1039 2641 1113 tratis;
2675 1039 2967 1122 binisque
2995 1060 3072 1104 ex
3099 1038 3228 1104 illis
3271 1040 3389 1104 rite
3421 1028 3822 1122 approbatis}
3868 1045 3995 1105 Ma-

2424 1135 2715 1201 nit’estius
2742 1137 2915 1200 idem
2949 1137 3247 1201 Dominus
3275 1154 3342 1201 se
3373 1136 3565 1200 modo
3590 1135 3759 1202 velle
3803 1136 3997 1221 expli-

2423 1235 2703 1305 caverit,
2734 1240 2803 1297 ut
2832 1235 3357 1316 quemadmodum
3402 1232 3499 1297 hic
3530 1238 3760 1298 Beatus
3801 1234 3994 1298 totius

2426 1331 2616 1396 Orbis
2672 1331 2857 1396 saluti
2915 1332 3278 1414 prospexit3
3334 1333 3419 1394 ita
3464 1330 3599 1412 ipse
3635 1332 3873 1414 pariter
3923 1332 3989 1393 in

2425 1426 2715 1493 omnibus
2745 1428 2934 1491 Orbis
2957 1427 3161 1512 plagis
3185 1427 3589 1494 solemnioris
3616 1427 3776 1493 ritus
3807 1427 3996 1513 glori-

2422 1523 2715 1588 ficatione
2741 1523 3141 1588 claresceret.
4103 1586 4112 1595 ,

2551 1628 2722 1684 Hanc
2765 1621 2924 1686 adeo
2969 1622 3360 1705 perspicuam
3409 1626 3826 1686 SANCTITAS
3864 1626 3995 1685 VE-

2426 1725 2613 1782 STnA
2658 1739 2876 1782 rocem
2921 1720 3165 1782 Domini
3221 1738 3345 1783 non
3404 1719 3686 1793 audiret,
3732 1719 3782 1783 si
3827 1736 3992 1781 nunc

2423 1815 2786 1899 hujusmodi
2820 1816 3287 1880 meritissimam
3333 1815 3506 1879 illius
3529 1816 3826 1901 triumphi
3867 1836 3997 1881 am-

2423 1912 2788 1995 pliationem
2821 1912 3059 1977 diutius
3088 1914 3342 1979 differre
3369 1913 3586 1978 vellet.

2433 2110 2935 2172 ALEXANDER
2962 2112 3022 2172 S.
3059 2113 3304 2172 Marias
3327 2117 3409 2173 ad
3429 2112 3733 2188 Martyres
3762 2113 3986 2173 Diaco-

2789 2226 2904 2268 nus
2941 2211 3290 2270 cardinalis
3322 2210 3612 2271 Albanus.

2560 2398 2779 2461 Divino
2823 2418 2972 2463 sane
3004 2400 3268 2463 consilio
3308 2399 3544 2463 factum
3587 2409 3783 2481 puto,
3827 2398 3997 2483 quod

2432 2502 2854 2560 SANCTlTAS
2882 2503 3182 2563 vEs'rnA
3216 2499 3290 2561 ad
3322 2497 3646 2561 militantis
3674 2496 3997 2564 Ecclesiae

2431 2593 2809 2675 praesidium
2842 2601 2906 2657 et
2932 2594 3373 2678 triumphantis
3415 2605 3849 2659 ornamentum
3873 2642 3891 2670 ,
3921 2602 3991 2660 B.

2434 2690 2755 2755 Camillum
2787 2697 3145 2755 Sanctorum
3178 2692 3375 2757 Fastis
3406 2692 3743 2757 meditetur
3771 2692 4002 2757 adscri-

2434 2791 2609 2854 bere.
2640 2790 2875 2853 Direxit
2906 2810 3051 2854 eum
3079 2789 3386 2872 siquidem
3418 2790 3718 2855 Dominus
3756 2790 3825 2851 in
3866 2790 4000 2855 vias

2437 2895 2675 2958 rectas,
2708 2885 2970 2969 ipsoque
3003 2893 3154 2951 lesu
3182 2886 3471 2951 hortante
3492 2930 3512 2959 ,
3545 2895 3608 2951 et
3636 2894 3695 2951 S.
3728 2886 3990 2969 Philippi

2434 2985 2601 3049 Nerii
2637 3002 2788 3049 usus
2815 2983 3082 3049 consilio
3105 3030 3125 3058 ,
3155 3005 3523 3067 aggressum
3554 2986 3681 3049 iter
3709 2983 4002 3049 alacriter

2436 3100 2827 3166 prosequens
2849 3123 2871 3155 ‚
2912 3089 2981 3144 ut
3010 3102 3232 3146 omnes
3260 3081 3505 3146 Christo
3550 3079 3947 3146 lucrifaceret
3973 3125 3996 3157 ,

2438 3181 2654 3262 egenis
2695 3198 2881 3262 opem
2909 3221 2930 3252 ,
2958 3177 3165 3242 viduis
3208 3177 3506 3242 auxilium
3531 3222 3551 3251 ,
3579 3178 3843 3242 tutelam
3887 3199 4001 3260 pu-

2438 3275 2606 3361 pillis
2631 3322 2650 3350 ,
2676 3275 3019 3360 peregrinis
3063 3275 3404 3357 hospitium
3427 3319 3446 3349 ,
3474 3274 3752 3359 aegrotis
3778 3320 3797 3349 ‚
3842 3297 4000 3358 quo·

2439 3394 2575 3438 rum
2619 3374 2942 3457 praecipua
2973 3374 3033 3436 ei
3079 3373 3199 3438 fuit
3226 3394 3415 3447 cura,
3461 3373 3779 3437 assiduum
3822 3393 4001 3455 prae-⁵

2438 3472 2590 3536 stitit
2620 3471 3058 3535 ministerium.
3087 3472 3246 3544 Quin
3266 3479 3332 3535 et
3361 3471 3632 3543 Ordinis,
3656 3469 3835 3553 cujus
3865 3469 4003 3551 ipse

2436 3577 2672 3634 Auctor
2713 3567 2871 3642 fuit,
2899 3567 3252 3651 Religiosus
3291 3566 3564 3633 asseclas
3605 3566 4002 3629 lufirmorum

2435 3665 2753 3731 Ministros
2782 3683 2922 3728 esse
2953 3662 3174 3735 voluit,
3203 3662 3309 3744 qui
3343 3670 3696 3745 promptum
3723 3661 4004 3743 corpori·

2438 3762 2556 3825 bus
2578 3763 2862 3825 levamen
2883 3770 2946 3823 et
2961 3761 3296 3825 caelestem
3317 3760 3540 3824 animis
3562 3760 3853 3823 afferrent
3878 3778 4007 3822 me·

2437 3857 2667 3923 delam.
2722 3863 2928 3932 Quare
2956 3877 3148 3922 unum
3182 3858 3297 3922 hoc
3325 3866 3645 3939 superest,
3682 3864 3753 3919 ut
3782 3875 4003 3936 nempe

2436 3956 2555 4039 piis
2584 3955 2861 4019 fidelium
2886 3956 3053 4020 votis
3075 3955 3403 4040 indulgens
3433 3959 3849 4020 SANCTlTAS
3877 3957 4019 4042 vn:

2438 4059 2670 4126 ΒΤΒΑ,
2715 4051 3027 4118 solemnes
3070 4053 3307 4137 publici
3341 4050 3543 4117 cultus
3583 4053 3855 4118 bonores
3895 4050 3995 4115 illi

2439 4151 2757 4216 decernat.

2587 4347 2898 4410 Nssflws
2927 4348 2988 4409 S.
3022 4348 3346 4408 Eustachii
3372 4347 3680 4406 niueos-ue
3711 4347 3851 4407 car-

2934 4448 3159 4507 dinalis
3196 4446 3503 4506 coninua.

2570 4642 2765 4699 Tanta
2784 4633 2903 4697 fuit
2928 4632 3224 4708 charitas,
3254 4651 3413 4716 quae
3444 4632 3621 4698 miris
3648 4632 3857 4697 modis
3885 4629 4011 4696 dif-

2446 4731 2583 4796 fusa
2627 4739 2718 4795 est
2766 4732 2827 4792 in
2860 4733 3051 4795 corde
3094 4736 3163 4793 B.
3210 4729 3457 4794 Camilli
3503 4730 3580 4792 de
3613 4728 3837 4802 Lellis,
3883 4729 4005 4812 pri·

2449 4848 2620 4891 mum
2653 4849 2798 4911 erga
2828 4834 3023 4890 Deum
3046 4871 3066 4900 ,
3098 4827 3326 4892 deinde
3357 4846 3503 4910 erga
3536 4826 3862 4890 Proximos
3886 4870 3908 4899 ,
3941 4835 4010 4892 et

2443 4926 2783 5008 praecipue
2825 4921 3158 4996 infirmos,
3187 4923 3377 4988 etiam
3421 4922 3742 5005 pestilenti
3789 4922 4011 4987 morbo

2447 5022 2805 5086 laborantes
2827 5064 2847 5093 ,
2877 5027 2946 5082 ut
2975 5040 3052 5084 ne
3083 5040 3157 5083 ea
3191 5039 3463 5101 unquam
3496 5018 3815 5081 excideret
3841 5062 3862 5093 ‚
3891 5024 4010 5081 Re·

2445 5119 2739 5202 ligionem
2773 5117 3147 5190 instituerit,
3175 5135 3337 5199 quae
3368 5123 3675 5198 perpetuo
3701 5114 3778 5179 iis
3807 5133 4010 5196 usque

2446 5216 2523 5281 ad
2552 5223 2903 5279 extremum
2931 5214 3095 5277 vitae
3123 5220 3374 5294 praesto
3405 5210 3610 5285 foret3
3641 5229 3722 5273 ex
3759 5208 3873 5274 illa
3903 5217 4010 5273 au‘-

2445 5320 2572 5377 tem
2620 5311 2939 5377 charitatis
2966 5310 3215 5382 radice,
3259 5327 3450 5391 quum
3496 5306 3776 5370 omnium
3820 5307 4009 5371 etiam

2443 5409 2738 5476 virtutum
2799 5405 3173 5494 propagines
3224 5400 3687 5477 emanaverint,
3749 5401 3897 5486 jure
3938 5422 4011 5469 ac
