4442 6300
1447 482 1793 555 Qm’NQUB
1849 477 2316 539 sanci-cuma
2367 476 2542 533 erc.

412 630 759 719 conv-qm
798 628 1193 718 proclamans
1249 651 1392 696 eum
1445 628 1779 697 Uatbathia
1834 626 1931 711 (a)
1950 651 1968 687 z

418 741 541 810 Qua·
563 742 762 798 zelum
792 739 973 795 habet
1000 737 1191 811 lepis,
1223 742 1413 796 cassat
1440 742 1584 807 post
1609 750 1700 791 me
1723 772 1742 800 ,
1772 740 1832 791 ot
1872 747 1967 790 uo-

414 838 744 915 mulatogrss
773 842 960 909 estote
993 834 1144 908 loqia
1164 874 1184 902 ‚
1214 850 1288 893 ac
1320 835 1456 890 duta
1488 833 1722 891 animas
1747 837 1976 887 vestras

417 948 526 1009 pro
558 942 912 995 testamento
945 933 1154 991 Patris
1182 932 1407 1000 vostri3
1437 933 1735 1006 quantum
1768 924 1980 1004 operi-

415 1028 534 1091 bus
556 1070 577 1100 ‚
604 1025 952 1089 virtutibus
982 1032 1046 1089 et
1074 1024 1367 1106 exemplo
1395 1012 1879 1094 adlaborarerit,
1910 1029 1979 1085 ut

415 1123 769 1209 regularem
801 1121 1197 1204 disciplinam
1230 1121 1294 1184 in
1327 1120 1665 1203 Serapbico
1697 1127 1755 1185 S.
1798 1124 1981 1180 Fran-

416 1221 565 1287 cisci
596 1220 831 1284 Ordine
862 1238 1024 1302 pene
1053 1219 1394 1303 collapsam
1424 1239 1498 1281 ac
1527 1218 1792 1280 nimium
1836 1236 1979 1281 con-

415 1319 714 1384 flictatam
749 1319 1189 1400 reintegraret,
1220 1318 1480 1398 suisque
1503 1317 1698 1401 jussis
1717 1317 1985 1398 primor-

419 1415 543 1482 diis
571 1416 934 1480 restitueret
958 1458 977 1483 .
1034 1420 1099 1478 et
1154 1422 1454 1495 quantum
1516 1413 1808 1478 mirabile
1856 1412 1983 1479 hoc

420 1535 576 1595 opus
598 1557 620 1586 ‚
648 1513 1063 1577 benedicente
1096 1514 1405 1584 Domino,
1471 1511 1744 1576 feliciter
1800 1512 1983 1575 abso·

397 1607 623 1675 'lutum
651 1611 714 1673 ei
748 1619 987 1695 gratum
1049 1620 1507 1693 arreptumque
1565 1609 1753 1674 fuerit
1777 1654 1797 1681 ‚
1855 1616 1982 1681 tam

419 1708 796 1792 populorum
831 1708 1325 1773 acclamationes
1345 1751 1365 1781 ,
1418 1729 1605 1789 quam
1667 1730 1812 1773 vere
1870 1710 1980 1773 ob·

423 1806 731 1887 stupenda
760 1805 1061 1869 miracula
1082 1848 1103 1880 ‚
1138 1806 1370 1888 quibus
1396 1806 1700 1871 illustrari
1729 1809 1985 1879 meruit,

423 1904 555 1989 jam
587 1902 773 1986 plane
804 1904 1260 1968 demonstrant.
1297 1913 1450 1969 Dum
1494 1925 1646 1989 ergo
1701 1910 1829 1982 ipso
1888 1924 1989 1969 ze·

426 2008 570 2067 lens
596 2009 795 2066 zelum
824 2007 976 2080 logis
1008 2013 1289 2080 recaptus
1317 2017 1402 2065 ost
1432 2010 1500 2065 iu
1560 2009 1804 2066 Caelum
1831 2046 1849 2075 ‚
1895 2004 1986 2064 di-

433 2099 902 2183 gnusvidetur,
935 2100 1041 2180 qui
1072 2101 1261 2164 etiam
1295 2100 1391 2164 hic
1425 2100 1487 2161 iu
1519 2101 1709 2164 terris
1739 2107 1991 2163 Sancto-

428 2216 565 2263 rum
597 2196 895 2281 catalogo
924 2216 1036 2279 per
1058 2202 1606 2264 SANcrtTA‘rEu
1628 2203 1990 2263 VESTRAM

426 2305 846 2361 monstratur.

435 2587 811 2652 JosN-Nsss
842 2588 1270 2652 ANTONIUS
1295 2590 1633 2653 Bccharum·
1654 2591 1994 2667 Episcopus

644 2710 647 2717 ·
876 2687 1179 2765 Anagniae
1211 2687 1531 2749 Auitum.

556 2976 879 3042 Virtutum
910 2977 1079 3041 beati
1105 2977 1273 3042 Petri
1308 2974 1586 3062 Regalati
1640 2998 1721 3043 ex
1775 2984 1997 3042 Paren-

434 3072 609 3141 tibus
636 3073 1108 3141 misericordiae
1138 3075 1343 3147 Viris,
1396 3096 1667 3158 quorum
1725 3077 1996 3159 pietates

435 3188 569 3236 non
593 3171 928 3237 defuerunt
955 3173 1019 3236 in
1053 3174 1296 3238 semine
1324 3194 1541 3237 eorum
1563 3218 1583 3247 ‚
1616 3175 1857 3239 fluxere
1874 3176 1995 3259 pri-

434 3270 675 3334 mordia
699 3271 763 3333 el
781 3272 1152 3354 praesertim
1175 3271 1496 3337 charitatis
1520 3299 1535 3334 ι
1558 3278 1730 3338 Haec
1761 3273 1997 3337 etenim*

398 3446 405 3454 ,
432 3361 601 3431 Petri
632 3368 901 3432 viventis
932 3388 1080 3451 erga
1108 3377 1421 3451 Pauperes
1450 3377 1515 3432 et
1544 3371 1703 3434 mire
1732 3378 1795 3434 et
1845 3390 1995 3448 vere

433 3464 654 3529 floruit
677 3509 699 3539 ‚
730 3485 959 3550 corpus
988 3467 1195 3530 effecit
1226 3468 1395 3552 agile
1418 3513 1437 3540 ‚
1467 3468 1821 3550 fluctusque
1881 3469 1996 3532 sub

436 3563 597 3644 pede
628 3564 819 3628 duros
838 3590 870 3636 ς.
886 3566 1115 3628 mortui
1149 3585 1300 3628 vero
1324 3609 1344 3635 ,
1402 3562 1799 3648 sepulchrum
1859 3565 1999 3649 ejus

444 3659 598 3724 fecit
627 3660 1009 3743 gloriosumz
1045 3668 1136 3727 Ex
1167 3683 1434 3745 quorum
1470 3665 1728 3744 probata
1789 3664 2000 3726 multi-

437 3758 756 3838 tudinetet
781 3759 1119 3824 eminentia
1144 3760 1589 3826 miraculorum
1613 3804 1634 3834 ‚
1665 3761 1785 3825 alia
1809 3764 1997 3828 etiam

440 3875 601 3938 mae
628 3855 691 3925 in
736 3857 929 3940 gradu
986 3857 1245 3923 heroico
1301 3858 1624 3933 exercuit,
1679 3859 2003 3942 signantur

439 3953 855 4029 charismata3
885 3954 1228 4038 collapsam
1268 3955 1563 4021 videlicet
1622 3954 1999 4021 restituendi

441 4052 836 4135 disciplinam
864 4053 1035 4117 inter
1060 4075 1211 4120 suos
1242 4055 1558 4119 assiduum
1590 4054 1906 4129 studiumg
1938 4065 2001 4119 et

437 4150 599 4217 vitia
617 4151 1072 4217 exterminandi
1102 4154 1279 4220 inter.
1297 4161 1547 4218 exteros
1594 4153 2007 4237 inexplebilis

441 4248 669 4314 ardorz
704 4255 937 4314 Saevus
968 4249 1090 4313 sibi
1122 4270 1498 4333 semperque
1547 4249 1833 4315 infensus
1859 4295 1879 4322 ‚
1937 4262 2004 4318 at

438 4347 687 4427 patiens
717 4356 783 4411 et
812 4347 1115 4430 benignus
1138 4344 1390 4412 infimae
1409 4348 1599 4411 sortis
1617 4347 2000 4423 bominibus,

441 4465 709 4527 quorum
741 4443 1211 4511 infirmitatibus
1238 4454 1305 4510 et
1332 4444 1619 4512 inscitiae
1647 4456 2000 4527 opportuno

444 4541 728 4624 corporis
758 4542 1074 4621 animique
1093 4539 1508 4607 medicamine
1529 4551 1589 4606 et
1614 4542 1844 4624 pabulo
1863 4563 2003 4626 pro-

441 4639 659 4704 videre
690 4640 970 4704 solemne
1002 4640 1243 4706 babuit.
1273 4647 1605 4706 Tantarum
1635 4640 1843 4726 fulgor
1883 4641 2004 4703 vir-

445 4739 650 4801 tutum
684 4739 929 4821 agnitus
958 4740 1021 4800 in
1052 4759 1159 4812 se,
1200 4738 1449 4823 agnitus
1504 4737 1870 4804 ostensioiie
1926 4739 2004 4803 si·

443 4853 704 4919 gnon-um
726 4833 1098 4918 ‚sapienter
1126 4838 1464 4901 admodum
1494 4836 1607 4902 fiet
1629 4880 1652 4911 ‚
1674 4841 2006 4902 -BEATlS-

447 4939 631 5004 sum
660 4939 913 4998 PATER
933 4977 953 5005 ,
985 4934 1037 4998 si
1070 4935 1422 4999 christianis
1455 4935 1706 5019 populis
1737 4956 1850 5018 per
1902 4955 2008 5000 so-

444 5025 814 5100 lemniorem
842 5033 1033 5095 ritum
1061 5029 1318 5114 propius
1347 5034 1774 5106 admoveatur,
1805 5043 1873 5097 ut
1903 5055 2007 5098 ea·

445 5145 584 5191 rum
615 5128 810 5194 odore
841 5128 1076 5212 perfusi
1104 5129 1403 5195 caelestia
1435 5150 1738 5214 quaerere
1757 5173 1779 5206 ‚
1808 5139 2008 5205 terre·

430 5215 525 5292 ‘ua
553 5225 845 5292 fastidire
875 5226 1124 5292 suavius
1151 5227 1495 5294 addiscant.
1541 5289 1545 5293 .

557 5426 639 5497 (ι)
667 5428 717 5479 1.
747 5425 1012 5493 mohab:
1033 5428 1089 5479 ².

773 5543 988 5583 sasso.
1029 5542 1142 5582 xiv.
1186 5543 1330 5581 rou.
1375 5531 1503 5581 vtt.

3350 466 3459 519 903

2091 621 2614 686 FRANGISGUS
2643 616 3060 683 ANTONIUS
3100 615 3341 696 spudeo
3396 617 3651 688 Episco-

2204 740 2326 799 pus
2361 722 2634 798 Aquinas
2665 729 2722 781 st
2753 720 3164 793 Fregellanum
3201 713 3518 775 Assistons.

2170 968 2179 973 -
2213 898 2673 980 ΒΕΑτιεειΜΕ
2693 916 2969 976 PATER.
2995 907 3199 971 sancti
3228 905 3528 969 Franctsct
3552 925 3654 969 ro·

2089 1011 2233 1096 gula
2267 1021 2484 1094 utpote
2513 1031 2594 1075 ex
2618 1000 2996 1092 Evangelico
3041 1005 3212 1070 fonte
3241 1004 3304 1067 in
3364 1003 3477 1066 Dei
3541 1010 3655 1066 Ec·

2091 1110 2347 1174 clesiam
2382 1109 2658 1173 derivata
2680 1149 2700 1178 ‚
2728 1113 2794 1169 et
2823 1106 2890 1165 in
2917 1102 3145 1166 Christi
3175 1101 3417 1165 Domini
3462 1102 3654 1165 vesti-

2091 1208 2208 1291 giis
2241 1204 2499 1272 fundata
2521 1247 2542 1277 ‚
2573 1215 2702 1277 tam
2737 1199 3028 1266 excelsae
3058 1199 3458 1281 perfectionis
3513 1208 3651 1270 est,

2094 1315 2163 1367 ut
2192 1312 2545 1393 sectatores
2572 1322 2725 1366 vere
2755 1321 2901 1364 suos
2959 1296 3401 1363 deficientibus
3457 1297 3651 1362 etiam

2093 1401 2416 1465 miraculis
2447 1401 2524 1463 ad
2555 1418 2870 1474 summum
2903 1396 3112 1459 elevet
3156 1395 3442 1476 apicem3
3503 1413 3644 1457 nam

2094 1490 2471 1580 quicumque
2502 1498 2658 1561 banc
2689 1494 2972 1577 regulam
3002 1492 3200 1557 secuti
3234 1492 3503 1562 fuerint,
3530 1494 3655 1575 'pax

2099 1599 2207 1661 nei
2243 1617 2430 1677 super
2456 1595 2602 1659 illos
2635 1604 2702 1657 et
2729 1590 3160 1656 misericordia
3182 1591 3535 1654 certissime
3563 1609 3660 1652 re·

2094 1696 2383 1776 quiescit.
2414 1694 2572 1766 Quid
2604 1693 2796 1776 igitur
2826 1690 3226 1754 sentiendum
3257 1689 3337 1751 de
3368 1694 3438 1751 B.
3470 1694 3655 1750 Petro

2096 1793 2395 1877 Regalato
2419 1834 2438 1863 ,
2499 1792 2608 1873 q'ui
2649 1788 2865 1854 statuit
2922 1807 3107 1869 supra
3163 1793 3407 1868 petram
3464 1784 3658 1866 pedes

2099 1911 2248 1954 suos
2272 1934 2292 1960 ‚
2325 1898 2389 1954 et
2419 1887 2655 1950 direxit
2684 1906 2935 1971 gressus
2964 1905 3135 1957 suos,
3167 1903 3289 1946 non
3323 1880 3528 1947 solum
3562 1888 3660 1943 ln-

2099 1988 2409 2052 stitutoris
2441 1985 2533 2049 sui
2567 2005 2859 2067 premens
2891 1982 3295 2045 exactissime
3326 1982 3495 2042 vias.
3527 1980 3661 2059 qui·

2101 2088 2218 2149 bu's
2251 2091 2442 2148 totam
2475 2083 2680 2164 legem
2717 2080 2992 2160 implevit
3020 2121 3040 2147 ς
3074 2079 3182 2142 sed
3217 2086 3279 2142 et
3320 2077 3659 2157 collapsam

2101 2182 2197 2245 sui
2232 2179 2482 2245 Ordinis
2512 2177 2910 2258 disciplinam
2947 2175 3279 2237 immensis
3335 2172 3664 2236 laboribus

2100 2287 2165 2342 et
2197 2276 2710 2342 solicitudinibus
2741 2292 2991 2336 summo
3019 2270 3159 2334 zelo
3189 2291 3262 2334 ac
3289 2264 3538 2332 fervore
3567 2287 3663 2330 re·

2102 2375 2436 2457 parandam
2471 2371 2789 2460 suscepit?
2819 2376 2951 2433 Non
3002 2367 3208 2433 minor
3263 2367 3546 2448 profecto
3597 2367 3665 2426 in

2100 2471 2547 2541 conservandis
2576 2477 2761 2550 atque
2782 2466 3239 2536 instaurandis,
3271 2485 3456 2546 quam
3486 2464 3548 2525 in
3568 2482 3667 2525 or·

2103 2569 2354 2636 diendis
2386 2564 2698 2633 institutis
2727 2565 3120 2629 adhibendus
3150 2572 3247 2627 est
3279 2563 3499 2631 labor,
3544 2561 3667 2640 spi-

2103 2670 2268 2732 ritus
2295 2666 2542 2734 consilii
2574 2673 2638 2728 et
2668 2662 3056 2727 fortitudinis
3078 2705 3097 2731 ..
3130 2683 3200 2725 ac
3231 2661 3457 2723 ardens
3488 2659 3664 2723 zehis

2105 2768 2331 2831 domus
2361 2766 2471 2827 Dei
2501 2770 2567 2828 et
2595 2763 2658 2823 in
2675 2762 3031 2825 Proximum
3055 2758 3578 2823 charitatis.flaec
3605 2758 3668 2818 iu

2060 2906 2064 2911 ·
2102 2862 2408 2948 Regalato
2436 2861 2596 2923 adeo
2628 2857 2934 2922 effulsere
2962 2856 3338 2920 charismata
3361 2898 3381 2927 ‚
3413 2865 3482 2916 ut
3532 2854 3669 2935 plu·

2104 2961 2281 3025 rimis
2340 2958 2644 3041 prodigiis
2698 2963 2989 3019 testatam
3049 2954 3316 3018 voluerit
3372 2954 3673 3017 Dominus

2104 3054 2389 3144 ejusdem
2422 3053 2822 3119 sanctitatem
2853 3060 2978 3115 tam
3012 3054 3074 3113 iu
3105 3052 3230 3116 vita
3285 3070 3471 3133 quam
3533 3070 3676 3130 pos-⁶

2105 3169 2207 3223 tea
2231 3199 2247 3230 ‚
2283 3155 2524 3221 cunctis
2553 3151 2987 3234 Hispaniarum
3023 3150 3246 3234 Regnis
3306 3150 3673 3230 exterisque

2104 3255 2354 3336 pariter⁸
2396 3250 2779 3334 [legionibus
2837 3246 3199 3321 celebrem;
3259 3247 3489 3327 quibus
3548 3246 3668 3306 rite

2109 3351 2394 3435 probatis
2423 3368 2692 3430 aequum
2750 3356 2888 3417 est,
2929 3352 3015 3428 7¹¹²
3070 3339 3488 3408 SANCTITAS
3545 3345 3673 3405 VE-

2110 3454 2303 3514 STRA
2333 3453 2567 3510 tantum
2600 3445 2810 3508 Virum
2842 3444 2920 3506 de
2948 3443 3075 3507 divi
3107 3443 3406 3508 Francisci
3454 3441 3674 3524 regula

2107 3546 2270 3608 adeo
2305 3543 2572 3626 benigue
2607 3541 2953 3612 meritum,
3000 3540 3193 3624 signis
3252 3559 3365 3620 per
3417 3545 3675 3603 cunctas

2106 3641 2430 3725 christiani
2462 3638 2649 3703 Orbis
2678 3636 3034 3702 Provincias
3081 3637 3471 3722 gloriosum,
3529 3642 3678 3699 San-

2109 3749 2349 3806 ctorum
2383 3738 2585 3802 Fastis
2614 3735 3093 3800 canonizatione
3135 3733 3405 3799 solemni
3465 3732 3682 3816 digne·

2105 3845 2211 3903 tur
2241 3836 2625 3902 adscribere.

2391 4033 2677 4093 Taunum
2705 4024 2924 4089 Plara’
2950 4033 3249 4090 namur
3280 4043 3398 4090 cu

2744 4126 3010 4202 Saxona
3030 4167 3054 4199 ‚

2531 4321 2758 4382 scum
2790 4321 3110 4382 {Lunum
3141 4322 3244 4380 Al·

2198 4555 2209 4568 ·
2240 4522 2530 4603 Kyaenae
2559 4533 2670 4579 caa
2693 4558 2713 4591 ‚
2752 4520 2882 4614 effe
2908 4530 3065 4575 cuur
3122 4514 3217 4578 isc
3270 4507 3481 4600 imai
3542 4507 3683 4571 Kak

2112 4627 2350 4724 imaff
2376 4617 2555 4690 sciet,
2583 4636 2687 4680 saa
2709 4617 2922 4713 ggiff
2948 4615 3480 4696 bota‚egnerae·ta
3492 4609 3676 4705 rin,

2113 4744 2150 4790 e
2180 4743 2376 4808 veyae
2401 4717 2536 4782 tek’
2560 4715 2659 4801 ay’
2680 4724 2748 4801 ty
2775 4712 2999 4797 trubey
3022 4755 3042 4783 ‚
3073 4732 3110 4777 e
3138 4719 3206 4796 ty
3235 4709 3482 4794 luteyae
3511 4727 3591 4789 po
3625 4707 3682 4769 si

2114 4843 2272 4889 cuur
2300 4817 2344 4882 t’
2369 4812 2912 4977 testatissima?
2942 4811 3104 4876 sciet
3134 4832 3170 4875 e
3202 4808 3399 4875 scium
3443 4808 3464 4867 i
3494 4805 3685 4868 diitu·

2115 4940 2233 4983 nae
2265 4913 2497 4981 Proset.
2530 4917 2662 4997 Ayo
2688 4920 2790 4974 vet
2879 4920 3120 4978 ataeula
3154 4931 3189 4973 e
3242 4907 3455 4973 scietit
3502 4911 3685 4967 Fran·

2121 5019 2261 5106 gisk
2286 5062 2306 5090 ,
2339 5012 2583 5100 egneb‚
2610 5019 2739 5114 effe
2767 5012 2943 5077 elaev
2987 5013 3110 5076 don
3165 5006 3326 5082 sod.
3367 5024 3408 5069 e
3461 5003 3679 5107 ggiff

2117 5139 2344 5185 monae
2368 5160 2388 5190 ‚
2421 5136 2489 5180 se
2519 5134 2597 5196 ay
2627 5137 2664 5180 e
2696 5133 2804 5179 caa
2857 5112 3271 5175 mbaesuanae
3297 5147 3321 5179 ‚
3367 5123 3404 5166 e
3454 5106 3683 5190 ndu-stt-

2110 5240 2319 5311 yunae
2347 5220 2531 5285 mbae
2561 5224 2730 5323 ⁰2⁸⁰
2759 5233 2936 5279 maae
2964 5219 3063 5278 tae
3118 5208 3331 5274 uitae.
3390 5201 3516 5307 {ot
3572 5204 3681 5267 u'i
