4442 6300
1519 537 1867 607 qumque
1908 536 2377 593 esserontm
2421 540 2588 594 ιτα.

420 682 771 767 effevum,
794 679 1047 747 tradere
1076 679 1351 747 valeam!
1383 682 1455 748 Ni
1484 703 1557 748 ea
1589 691 1823 748 tantum
1842 703 1983 766 pro·

417 776 611 853 ferto,
641 800 802 861 quae
833 780 911 844 ad
942 787 1219 844 nostram
1245 780 1745 845 imbecillitatem
1777 779 1986 845 suble·

417 876 703 951 vendam,
726 898 1011 959 quaeque
1042 877 1117 941 ad
1151 887 1424 942 nostram
1461 887 1592 943 tuto
1620 899 1983 963 comparan-

416 975 567 1039 dam-
588 976 955 1040 felicitatem
985 974 1164 1040 utilia
1196 976 1392 1060 magis
1418 996 1491 1041 ac
1516 978 1865 1042 necessaris
1897 978 1985 1038 vi-

417 1072 684 1138 dentur!
745 1080 1106 1137 Sanctorum
1166 1075 1332 1137 enim
1387 1075 1675 1159 exempla
1719 1085 1782 1139 et
1842 1074 1989 1139 faci·

416 1188 567 1235 nora
597 1170 877 1254 gloriosa
906 1171 1053 1237 ideo
1078 1168 1268 1237 hobis
1292 1184 1727 1257 proponuntur
1760 1174 1821 1236 in
1865 1183 1988 1236 ter·

416 1266 531 1341 ris,
560 1275 627 1330 ut
657 1287 777 1350 per
802 1286 899 1340 ea,
932 1269 1108 1352 quasi
1141 1289 1255 1353 per
1281 1271 1444 1333 viam
1477 1270 1686 1335 tritam
1718 1293 1790 1338 ac
1820 1272 1986 1337 bene

416 1371 698 1447 paratam
715 1409 738 1440 ‚
767 1386 881 1449 per
903 1366 1164 1431 arduum
1197 1367 1418 1432 salutis
1446 1368 1570 1433 iter
1594 1367 1765 1434 facili
1793 1390 1983 1454 nego·

419 1463 509 1528 tie
539 1463 970 1548 unnsquisque
998 1465 1285 1546 arripere
1309 1511 1329 1538 ‚
1374 1486 1579 1549 eoque
1623 1475 1877 1549 arrepto
1918 1469 1985 1531 in

415 1562 831 1645 perfectionis
871 1561 1074 1629 stadio
1118 1562 1415 1629 reddatur
1457 1564 1765 1640 alacrior,
1812 1576 1876 1632 et
1921 1564 1983 1630 in

416 1660 728 1724 currendo
752 1702 774 1734 ‚
803 1679 925 1723 non
955 1660 1134 1742 quasi
1166 1660 1232 1722 in
1262 1661 1533 1735 incerto,
1579 1663 1689 1726 sed
1734 1667 1988 1730 Sancto-

417 1772 559 1821 rum
588 1756 851 1842 vestigia
896 1758 1197 1824 sectando
1225 1757 1316 1823 sic
1342 1769 1554 1824 currat
1595 1770 1658 1824 ut
1703 1781 1986 1843 compre-

418 1853 703 1920 hendere
734 1855 1068 1921 animetur.
1101 1856 1336 1921 Relatis
1365 1856 1555 1942 igitur
1581 1877 1695 1942 pro
1724 1860 1982 1926 modulo

415 1966 563 2017 meo
593 1959 1048 2020 SANCTITATI
1076 1960 1394 2020 VESTRAE
1424 1957 1762 2037 gratiarum
1793 1959 1986 2024 actio-

418 2050 611 2140 nibus
631 2095 653 2124 ‚
695 2051 845 2113 dnm
895 2059 1149 2116 Petrum
1203 2050 1571 2132 Regalnnm
1620 2055 1832 2117 virum
1884 2076 1982 2120 re·

416 2155 591 2212 etum
614 2192 635 2220 ,
663 2147 967 2212 humilem
986 2193 1006 2221 ,
1035 2147 1439 2230 hospitalem,
1469 2146 1877 2231 prudentem,
1907 2151 1984 2215 li·

418 2244 721 2318 hermem,
753 2242 1034 2319 fidelem,
1064 2245 1488 2330 poenitentiae
1520 2249 1979 2332 spectaculum,

414 2332 737 2408 charitatis
768 2342 1166 2426 splendorem
1192 2388 1212 2417 ‚
1244 2345 1593 2412 sanctitatis
1621 2347 1940 2415 oraculum
1962 2393 1983 2423 ‚

416 2440 821 2522 perfeetionis
850 2441 1143 2506 vexillum
1165 2484 1188 2516 ‚
1213 2443 1518 2508 virtutum
1550 2447 1831 2510 omnium
1857 2452 1984 2512 Ma·

418 2537 711 2621 gistrum,
739 2541 1109 2605 auctoritate
1138 2560 1427 2623 suprema
1457 2542 1731 2608 dictante
1758 2564 1984 2628 propo·

415 2636 532 2709 nit,
563 2637 845 2720 totisque
875 2638 1228 2713 conatibus,
1254 2648 1328 2706 ut
1354 2661 1717 2724 sequamur,
1744 2643 1982 2705 inflam-

414 2753 593 2797 mare
623 2735 969 2799 contendit
990 2741 1149 2799 Dum
1166 2728 1371 2823 igitur
1397 2738 1563 2804 inter
1587 2739 1847 2806 caelites
1876 2739 1983 2806 ad-

413 2832 733 2905 scribitur,
758 2831 876 2897 hoc
897 2853 1087 2896 unum
1106 2854 1219 2916 pro
1242 2856 1380 2901 mea
1404 2841 1709 2904 sententia
1741 2849 1801 2905 et
1832 2848 1981 2906 voto

415 2925 824 3007 vehementer
843 2930 1031 2995 etiam
1053 2940 1239 3014 atque
1264 2932 1456 2998 etiam
1485 2954 1712 3020 rogare
1736 2958 1853 3001 non
1878 2939 1982 3007 de·

414 3022 591 3096 sino,
630 3033 705 3089 ut
743 3024 983 3092 imitari
1026 3047 1151 3093 non
1194 3029 1439 3116 pigeat,
1486 3053 1675 3115 quem
1722 3035 1980 3102 laudare

413 3120 727 3189 delectat.

415 3306 1021 3373 FRRMNANDUS
1049 3308 1312 3372 sunu
1361 3318 1432 3374 ds
1481 3318 1701 3379 Rebsis
1742 3318 1979 3381 Archis-

734 3408 1029 3482 fisenus
1082 3410 1263 3472 Tarsi
1304 3410 1641 3476 Assistsns.

538 3533 915 3647 Beatissimo
944 3590 1150 3649 Pater.
1173 3593 1344 3650 Inter
1372 3596 1464 3653 tot
1493 3597 1824 3674 tantasque
1852 3593 1978 3659 vir-

412 3683 627 3752 tutes,
667 3679 902 3760 quibus
946 3686 1012 3745 B.
1050 3687 1279 3752 roem
1305 3685 1604 3759 micuit,
1647 3689 1756 3754 ills
1800 3703 1974 3758 certe

410 3775 797 3844 eminentior
832 3776 995 3852 tuit,
1037 3779 1469 3850 misericordis
1510 3786 1574 3848 in
1618 3794 1969 3870 pauperes,

412 3891 573 3953 qnos
595 3872 824 3956 (etiam
860 3879 1187 3962 mortuus)
1201 3878 1421 3962 juvare
1444 3897 1566 3946 non
1584 3885 1847 3950 destitit.
1871 3890 1976 3953 Vi-

409 3969 598 4034 deant
625 3971 835 4052 itaque
860 3993 1173 4056 pauperes
1212 3985 1278 4040 et
1320 3978 1670 4046 laetentur.
1702 3985 1972 4053 videant

408 4068 665 4146 beatum
690 4071 905 4135 Virum
927 4114 949 4144 ‚
980 4073 1089 4154 qui
1116 4075 1432 4142 intelleu‘t
1473 4100 1661 4161 super
1696 4103 1968 4168 egenum

409 4173 475 4234 et
502 4185 850 4249 pauperum
875 4211 897 4243 ‚
940 4169 1007 4232 in
1046 4177 1412 4240 §ambrum
1456 4181 1768 4245 canonem
1815 4182 1975 4249 rela-

409 4273 575 4344 tumg
602 4271 667 4328 et
696 4286 883 4349 quem
906 4266 1037 4349 iam
1070 4277 1194 4338 tam
1225 4271 1321 4338 eis
1351 4273 1703 4342 beneficum
1730 4283 1975 4362 experti

410 4371 577 4432 sunt,
601 4364 1208 4444 praestantissimum
1236 4369 1508 4439 habeant
1533 4373 1597 4437 in
1632 4376 1838 4443 caelis
1866 4400 1972 4462 pa·

409 4466 696 4526 tronum.

403 4627 784 4696 JOANNES
828 4631 1213 4697 ANDREAS
1274 4637 1417 4698 Tria
1470 4639 1976 4723 Archispisccpus

794 4817 811 4828 „
936 4732 1081 4809 Tyn·
1122 4731 1453 4796 desistens.

531 4885 786 4954 Petrum
836 4893 1190 4976 Regalatum
1221 4895 1494 4960 animam
1512 4897 1756 4965 bonam
1789 4921 1823 4967 a
1852 4910 1972 4969 Do-

402 4985 573 5080 mino
603 4988 895 5052 sortitum
928 4988 1123 5056 fuisse
1155 4991 1330 5075 plura
1358 4993 1663 5062 babemus
1693 5000 1973 5067 testimo·

402 5082 549 5148 nia.
580 5084 697 5147 Hic
724 5085 889 5148 enim
922 5087 1254 5170 pubertate
1283 5092 1559 5156 nondum
1595 5105 1853 5170 exacta,
1897 5107 1968 5164 ut

401 5178 801 5260 perfeetionis
829 5182 954 5245 iter
980 5184 1315 5266 arriperet,
1346 5188 1405 5249 in
1435 5191 1834 5260 Franciscana
1864 5203 1970 5261 Fa·

402 5273 569 5338 uilia
600 5276 764 5343 votis
793 5278 1184 5346 solemnibus
1213 5287 1344 5348 Deo
1377 5305 1444 5348 se
1479 5289 1872 5372 mancipavit,
1903 5301 1968 5358 et

398 5373 614 5438 studio
655 5373 991 5442 renovandi
1036 5379 1360 5462 antiquum
1405 5384 1649 5448 vivendi
1678 5409 1966 5470 asperum

402 5489 644 5555 genus,
672 5475 841 5556 quod
876 5476 1005 5542 suis
1035 5477 1388 5543 patriarcha
1418 5483 1774 5550 lirant-iscus
1810 5488 1962 5553 indi-

592 5598 807 5642 nttso.
847 5605 961 5645 xiv.
1002 5606 1147 5645 ron.
1193 5596 1309 5647 vlt.
1453 5612 1462 5624 ·

3375 545 3476 595 ¹97

2091 687 2269 747 xerat
2290 725 2312 757 ,
2345 681 2640 750 facultate
2665 684 2746 748 ab
2779 684 3098 751 ordinarii
3114 684 3441 751 Prsat'ecto
3470 687 3664 770 impe·

2094 788 2299 855 trata,
2345 802 2466 845 una
2513 802 2658 847 cum
2711 782 3118 857 Vincentio,
3162 783 3317 848 Viro
3374 783 3660 867 ejusdem

2095 878 2352 945 Ordinis
2392 879 2786 953 clarissimo,
2816 881 2878 944 in
2912 880 3317 947 solitudinem
3364 883 3662 957 secessit„

2091 976 2312 1059 ibique
2358 977 2464 1044 alii
2519 987 2651 1041 tum
2703 1000 2782 1044 ex
2828 980 3137 1043 minorum
3180 979 3486 1056 Familia,
3524 988 3660 1045 tum

2096 1076 2452 1161 Presbyteri
2486 1076 2805 1141 seculares
2834 1097 2987 1142 suae
3017 1077 3263 1141 virtutis
3307 1077 3470 1143 fama
3509 1078 3665 1143 alle·

2090 1172 2228 1263 cti?
2273 1194 2399 1238 una
2445 1194 2586 1239 cum
2640 1174 2794 1259 ipsis
2836 1185 3303 1249 convenerunt,
3332 1184 3396 1241 et
3423 1177 3662 1241 Ordine

2097 1267 2472 1353 interposita
2527 1268 2732 1336 felicis
2790 1273 3242 1337 reeordationis
3293 1273 3544 1338 Martini
3585 1280 3664 1336 V.

2093 1368 2465 1434 auctoritate
2494 1370 2880 1446 instaurato,
2922 1370 3225 1453 quidquid
3272 1368 3581 1454 reliquum
3627 1392 3664 1436 a

2096 1465 2464 1531 domesticis
2491 1466 2661 1533 curis
2702 1467 3001 1551 temporis
3043 1476 3218 1541 erat,
3264 1468 3326 1532 id
3375 1489 3558 1533 omne
3601 1468 3668 1532 in

2094 1562 2536 1627 Proximos-um
2599 1563 2867 1630 salutem
2925 1563 3374 1649 impendebat,
3435 1566 3498 1628 in
3553 1586 3669 1630 eos

2092 1662 2462 1742 praesertim
2484 1704 2506 1736 ‚
2535 1662 2644 1743 qui
2672 1661 2769 1728 vel
2807 1663 2872 1725 in
2902 1664 3292 1727 Nosocomiis
3334 1662 3507 1748 gravi
3553 1663 3667 1726 ali·

2095 1776 2221 1839 quo
2249 1759 2474 1822 morbo
2515 1757 2964 1823 afflictarentur
2983 1803 3003 1832 ‚
3033 1759 3133 1824 vel
3165 1758 3228 1821 in
3255 1759 3621 1824 carceribus
3643 1802 3665 1835 ‚

2090 1853 2195 1916 vel
2230 1854 2292 1916 in
2323 1860 2664 1919 Turcarum
2695 1856 2966 1921 vinculis
3012 1857 3219 1920 inedia
3261 1866 3328 1922 et
3371 1857 3662 1938 squalere

2093 1949 2575 2028 conficerentun
2591 1960 2657 2017 et
2689 1954 3052 2019 misericors
3079 1960 3246 2017 Deus
3277 1953 3442 2017 Petri
3468 1962 3665 2039 Rega-

2090 2044 2201 2112 lati
2246 2050 2644 2115 sanctitatem
2684 2050 2977 2133 pluribus
3005 2053 3188 2116 donis
3230 2061 3296 2116 et
3343 2052 3662 2116 miraculis

2093 2147 2570 2231 comprobavitz
2605 2154 2772 2211 tnter
2798 2147 2918 2213 alia
2948 2148 3072 2212 iter
3095 2148 3369 2230 plurium
3403 2148 3658 2213 dierum

2092 2243 2281 2308 unius
2323 2244 2518 2309 horae
2563 2245 2766 2328 spatio
2808 2244 3081 2310 confecit
3109 2291 3130 2321 ,
3158 2245 3335 2328 panis
3366 2254 3427 2309 et
3455 2245 3662 2311 carinis

2096 2341 2293 2408 frusta
2326 2363 2406 2407 ex
2432 2344 2744 2407 communi
2775 2364 2985 2408 mensa
3016 2344 3319 2418 collecta,
3350 2344 3426 2409 ad
3455 2343 3662 2409 occul-

2096 2442 2348 2506 tandum
2383 2441 2701 2507 charitatis
2731 2443 3153 2507 testimonium
3183 2444 3246 2505 in
3280 2442 3472 2507 flores
3515 2461 3661 2505 con-

2092 2538 2328 2611 vertit,
2371 2559 2566 2623 aquas
2597 2540 2766 2604 sicco
2794 2542 2951 2623 pede
2978 2540 3265 2624 trajecit,
3295 2558 3375 2606 eo
3408 2549 3660 2605 mortuo

2092 2657 2318 2719 corpus
2347 2634 2626 2703 flexibile
2658 2639 3011 2713 redditum,
3042 2637 3474 2703 suavissimum
3509 2638 3660 2702 odo·

2094 2755 2223 2798 rem
2257 2735 2623 2810 redolebat,
2654 2736 2877 2819 stipem
2913 2735 3231 2821 languenti
3263 2734 3517 2818 pauperi
3548 2756 3660 2799 sua

2092 2833 2342 2916 propria
2399 2854 2620 2909 manu,
2678 2854 2716 2899 e
2761 2853 2945 2917 quam
2992 2833 3325 2917 sepulchro
3370 2833 3657 2904 exeruit,

2087 2930 2376 2996 tradidit.

2219 3033 2356 3103 Quo
2417 3028 2648 3094 factum
2720 3036 2863 3102 est,
2924 3033 2990 3091 ut
3057 3027 3321 3110 probato
3381 3023 3653 3109 plurium
3783 3021 3798 3033 “

2090 3125 2444 3191 seculorum
2478 3124 2650 3191 cultu
2674 3170 2694 3198 ,
2722 3123 3121 3190 Venerabilis
3165 3130 3389 3190 Servus
3421 3122 3530 3186 Dei
3561 3130 3656 3186 ln·

2088 3224 2414 3288 nocentius
2465 3229 2567 3286 xl.
2617 3219 2909 3287 Officium
2962 3232 3029 3287 et
3071 3222 3326 3287 Missam
3352 3221 3416 3284 in
3455 3220 3656 3303 ipsius

2086 3319 2391 3385 bonorem
2425 3319 2754 3401 quotannis
2780 3318 3088 3383 celebrari
3121 3318 3511 3402 permiserit.
3545 3323 3655 3381 Su·

2088 3428 2300 3498 petest
2329 3418 2561 3488 modo,
2603 3425 2672 3478 nt
2699 3422 3048 3481 -Decretum
3094 3436 3206 3496 per
3247 3420 3654 3482 SANcTrrA-

2089 3520 2254 3579 TEU
2277 3517 2658 3579 -vEs‘rRAu
2686 3512 2882 3577 latum
2911 3533 3031 3595 pro
3059 3512 3199 3595 ejus
3227 3512 3654 3577 canonisatio·

2087 3632 2168 3678 ne
2195 3612 2555 3678 executioni
2585 3611 3035 3685 demandetur,
3061 3617 3246 3691 prout
3288 3609 3366 3676 ad
3407 3609 3471 3672 id
3512 3615 3650 3674 tuto

2086 3710 2368 3775 deveniri
2398 3730 2582 3793 posse
2614 3709 2885 3776 demisse
2915 3728 3144 3774 censeo
3169 3754 3184 3770 .

2111 3871 2497 3935 monast,
2530 3868 2781 3930 mm
2820 3846 3163 3929 vindomina
3213 3868 3624 3942 archiopisco-

2405 3983 2526 4046 pus
2575 3968 2938 4028 Theodosias
2978 3965 3271 4026 Assistens
3293 4006 3309 4024 .

2210 4104 2576 4170 Beatissime
2603 4111 2802 4169 Pater.
2836 4109 3092 4169 Beatum
3122 4112 3373 4168 Petrum
3399 4101 3654 4187 Regala·

2087 4214 2219 4269 tum
2245 4248 2266 4278 ‚
2301 4225 2489 4287 quem
2523 4209 2889 4287 paupertate
2910 4246 2929 4274 ,
2956 4201 3250 4286 jejuniis,
3293 4199 3651 4286 vigiliisque

2084 4302 2509 4386 conspicuum,
2543 4301 2607 4364 in
2636 4307 2835 4364 Deum
2867 4320 2939 4363 ac
2966 4298 3318 4362 Proximum
3349 4298 3651 4364 charitate
3745 4349 3768 4360 -

2087 4402 2441 4468 ferventem
2461 4444 2481 4471 ‚
2511 4399 2869 4480 ceterisque
2892 4394 3494 4480 praestantissimum
3520 4397 3645 4461 vir·

2083 4501 2326 4566 tutibus
2355 4500 2688 4580 inspexere
2717 4500 2998 4559 anteacta
3026 4493 3262 4568 secula,
3292 4501 3387 4562 tot
3415 4513 3487 4558 ac
3516 4499 3648 4557 ta'n·

2084 4609 2148 4667 ta
2190 4605 2456 4681 sequuta
2502 4602 2646 4659 sunt
2688 4601 2940 4677 praeter
2982 4592 3267 4657 ordinem
3300 4592 3649 4656 sanctitatis

2084 4716 2274 4779 opera
2324 4701 2390 4760 et
2434 4691 2762 4777 prodigia,
2805 4695 2878 4752 ut
2922 4688 3137 4753 «livino
3184 4687 3393 4753 afflata
3420 4686 3649 4770 spiritu

2084 4798 2505 4860 SANCTITAS
2545 4791 2846 4852 VESTRA
2879 4786 2956 4849 de
2985 4786 3387 4849 veneratione
3414 4826 3435 4856 ,
3483 4785 3652 4848 Aris·

2084 4914 2207 4977 que
2239 4899 2413 4955 tanto
2448 4888 2592 4952 Viro
2622 4884 3005 4970 praestandis
3035 4881 3501 4965 sapientissime
3540 4903 3647 4947 ex·

2081 4987 2450 5090 cogitaverit
2472 5031 2487 5047 .

2092 5175 2103 5180 -
2165 5134 2432 5201 SIHON
2464 5130 2655 5194 Gn'ui
2687 5131 3188 5202 antiepiscopus
3235 5127 3565 5202 Tyanam

2562 5247 2566 5254 ·
2695 5228 3043 5288 Amnon.

2212 5369 2582 5438 Rectissime
2625 5373 2838 5450 pater.
2889 5362 3063 5427 Beati
3106 5360 3271 5425 Petri
3321 5358 3647 5444 Regalati,

2080 5494 2266 5568 qnam
2288 5472 2421 5556 ipse
2453 5467 2529 5534 ab
2559 5460 2961 5529 incunabulis
2987 5459 3244 5525 sortitus
3262 5464 3357 5524 est
3375 5457 3648 5526 animam

3232 5575 3306 5627 27
