4442 6300
890 486 997 539 10⁰
1870 486 2074 540 ACTA
2114 483 2403 540 CANE!
2415 484 2771 540 zA‘rtoNts

681 625 832 691 tiam
876 627 1209 702 dixerunt,
1253 630 1359 713 qui
1388 648 1604 697 omnes
1631 629 1711 695 ad
1761 650 1950 695 unum
1998 629 2259 696 disertis
2375 629 2603 704 terris,
2663 629 2771 713 qui
2804 629 2936 714 jam
2981 629 3209 695 similis
3250 629 3456 698 tactus
3497 638 3596 697 est
3618 612 3696 695 'in
3739 612 3935 717 gloria

683 724 899 791 verbis
925 726 1261 791 consilium
1295 738 1470 793 tuum
1505 727 1583 795 de
1613 733 1683 793 B.
1717 729 1917 793 Fideli
1950 751 1985 792 a
2017 728 2258 813 Sigma-

2375 734 2740 792 Sanctorum
2783 728 2846 790 in
2891 728 3116 793 caelis.
3148 735 3327 794 Justa
3369 750 3626 812 prorsus
3664 728 3936 795 retribu-

688 821 866 906 ringa
909 822 974 885 in
1015 824 1202 890 Divos
1244 824 1583 892 referendo
1638 833 1962 909 tantopere
2006 835 2070 891 et
2110 825 2257 908 jure
2371 825 2485 900 tio;
2511 826 2677 890 beati
2705 827 2872 889 enim
2904 825 3135 890 Fidelis
3162 827 3224 889 in
3255 828 3652 910 pauperrimo
3674 825 3940 892 strictio·

690 917 946 1001 quidem
963 918 1081 1004 ipsi
1100 921 1549 989 laudaverunt?
1577 924 1901 989 Assentior
1921 930 2049 1008 Ego
2080 943 2253 995 sane;

686 1024 751 1080 et
780 1035 968 1098 quem
999 1018 1198 1103 gloria
1218 1028 1284 1085 et
1312 1020 1548 1086 honore
1571 1022 1888 1086 coronavit
1918 1021 2251 1094 Dominus,

687 1112 972 1196 ejusdem
1001 1134 1117 1196 per
1145 1122 1234 1181 Te
1253 1159 1274 1189 ,
1305 1122 1556 1181 PATER
1601 1123 2062 1182 BEATISSfflE
2089 1164 2108 1192 ‚
2156 1139 2253 1182 so·

687 1209 885 1274 lemni
935 1211 1354 1298 legitimoque
1411 1215 1530 1279 ritu
1574 1216 1992 1282 coronandam
2039 1236 2255 1281 conse-

684 1308 1106 1395 crandumque
1136 1312 1514 1379 memoriam,
1531 1333 1786 1380 censeo.

685 1505 798 1568 AN
805 1506 981 1571 TON
983 1508 1022 1569 1
1027 1511 1081 1570 U
1085 1510 1126 1571 S
1159 1510 1263 1571 n
1280 1510 1475 1572 VERI
1484 1515 1535 1573 U
1541 1513 1583 1574 S
1619 1515 1735 1575 Tit.
1772 1513 1833 1574 S.
1863 1513 2160 1589 stapham·
2184 1516 2255 1573 in

866 1604 1073 1668 Uento
1113 1610 1321 1670 Caelio
1358 1612 1679 1687 Presbyter
1707 1612 2062 1675 cardinalia

1344 1705 1591 1771 Gentili.

808 1897 1173 1986 Martyrium
1201 1904 1458 1967 sanctos
1485 1909 1591 1968 aut
1620 1902 1855 1969 invenit
1873 1944 1895 1975 ,
1922 1913 2026 1968 aut
2057 1903 2207 1971 facit
2230 1929 2252 1979 ς

684 1990 1062 2079 quandoque
1102 2000 1316 2085 expiat
1356 2007 1676 2071 anteactae
1716 2002 1879 2067 vitae
1923 2002 2138 2086 culpas
2183 2011 2248 2068 et

686 2089 1092 2168 detrimenta3
1132 2097 1508 2180 quandoque
1549 2100 1917 2165 conceditur
1959 2099 2022 2161 in
2071 2119 2247 2182 prae-

684 2188 882 2254 mium
929 2192 1319 2258 meritorum.
1364 2202 1432 2259 In
1465 2196 1651 2261 beato
1695 2196 1892 2283 Fideli
1923 2219 1957 2261 a
2003 2198 2246 2281 Sigma-

680 2286 858 2372 ringa
886 2290 1181 2356 virtutum
1214 2292 1492 2357 omnium
1518 2295 1958 2376 praestantiam
1992 2315 2253 2360 corona-

681 2384 774 2450 vit
800 2387 1000 2469 palma
1031 2390 1337 2476 Martyrii.
1358 2390 1671 2456 Excelluit
1698 2391 1953 2475 quidem
1987 2394 2067 2456 ab
2097 2394 2246 2459 ado·

677 2482 983 2553 lesceutia
1026 2506 1270 2553 morum
1315 2490 1586 2553 candore
1613 2489 1908 2573 vitaeque
1954 2491 2246 2556 innocen-

668 2581 781 2656 tia,
810 2585 1216 2670 etahnegatis
1248 2586 1643 2651 secularibus
1662 2588 1990 2653 desideriis
2023 2589 2247 2652 humil·

673 2677 891 2743 limum
925 2682 1223 2745 Ordinem
1249 2685 1738 2764 capuccinorum
1760 2685 2090 2766 amplexus
2120 2695 2242 2760 est,

665 2774 992 2842 laboribus
1023 2788 1087 2843 et
1117 2778 1354 2865 vigiliis
1399 2801 1624 2864 corpus
1655 2804 1834 2846 suum
1870 2783 1931 2844 in
1978 2784 2242 2848 servitu-

674 2883 802 2938 tem
827 2875 1140 2961 redigens,
1172 2896 1249 2940 ne
1277 2885 1530 2943 terreno
1560 2877 1823 2944 rebellis
1857 2882 2059 2945 carnis
2092 2902 2247 2964 pon-

676 2971 830 3037 dere
859 2974 1109 3039 animus
1136 2975 1212 3037 ad
1248 2982 1441 3040 Deum
1472 2976 1770 3041 anhelans
1801 2980 2242 3043 retardaretur.

681 3074 902 3153 Itaque
945 3072 1159 3137 sobrie
1186 3115 1205 3144 ,
1242 3073 1415 3158 juste
1437 3117 1457 3146 ,
1487 3094 1558 3141 ac
1586 3075 1691 3158 pie
1735 3086 2075 3162 sancteque
2118 3080 2248 3145 vita

680 3177 934 3249 peracta
957 3213 978 3245 ,
1048 3172 1376 3255 Regularis
1449 3174 1809 3257 disciplinae
1849 3177 2250 3261 diligentissi-

675 3284 818 3329 mus
890 3271 1113 3336 Custos
1157 3290 1229 3334 ac
1252 3269 1597 3335 cathoticae
1639 3273 1981 3358 Religionis
2021 3278 2251 3340 acerri-

691 3386 832 3430 mus
874 3377 1340 3451 propugnator,
1370 3390 1558 3451 quam
1591 3369 1694 3432 diu
1738 3371 2247 3447 desideraverat,

2371 924 2460 985 ris
2477 925 2921 988 observantiae
2949 931 3005 987 S.
3034 923 3341 989 Francisci
3360 926 3649 989 Instituto
3669 925 3940 1009 integer·

2370 1020 2526 1084 rima
2558 1041 2795 1085 morum
2827 1022 3183 1087 innocentia
3218 1021 3618 1110 praefulgens
3641 1066 3662 1096 ,
3694 1022 3939 1107 primus

2366 1114 2530 1180 inter
2557 1138 2768 1182 sacros
2791 1118 3121 1200 operarios
3148 1120 3221 1181 ad
3250 1118 3658 1185 excolendam
3690 1122 3936 1184 vineam

2368 1215 2614 1277 Domini
2660 1236 2692 1278 a
2738 1236 2910 1279 sacra
2956 1218 3451 1301 Congregatione
3496 1217 3667 1281 Fidei
3714 1225 3937 1299 Propa-

2366 1313 2604 1393 gandae
2636 1313 2918 1379 adscitus
2950 1315 3026 1378 ad
3059 1315 3355 1378 Rhaetiae
3389 1315 3702 1394 Regiones
3747 1315 3930 1378 zuin-

2366 1408 2521 1491 glii,
2567 1421 2633 1474 et
2676 1410 2908 1475 Calvini
2956 1410 3280 1474 erroribus
3323 1411 3588 1477 infectas
3641 1411 3933 1476 orthodo-

2366 1526 2509 1569 xam
2542 1507 2933 1590 Religionem
2963 1506 3283 1572 indefesso
3303 1508 3524 1573 labore
3546 1508 3928 1593 propagavie

2364 1605 2701 1669 Ministerii
2730 1606 2821 1668 sui
2854 1627 3108 1670 cursum
3141 1604 3412 1671 feliciter
3444 1627 3700 1671 consum
3715 1605 3931 1679 mavit,

2365 1712 2552 1785 atque
2595 1705 2807 1768 Fidem
2853 1703 3226 1768 catholicam
3271 1725 3469 1786 usque
3516 1705 3596 1768 ad
3638 1704 3925 1766 ultimum

2364 1801 2533 1865 vitae
2576 1821 2837 1886 agonem
2897 1800 3156 1885 profuso
3202 1802 3503 1886 sanguine
3552 1811 3780 1866 sartam
3838 1807 3927 1866 te-

2362 1908 2654 1981 ctamque
2680 1899 2967 1965 servavit.
3003 1907 3361 1981 imponatur
3386 1900 3601 1982 itaque
3630 1900 3795 1970 Aris,
3823 1898 3930 1981 qui

2363 1996 2705 2082 profligatis
2727 1998 3056 2062 haeresum
3078 1997 3371 2062 monstris
3391 2005 3544 2062 Aras
3575 2003 3705 2061 Deo
3735 1997 3922 2062 resti·

2363 2094 2522 2170 tuit3
2566 2096 2674 2177 qui
2731 2095 3159 2159 venerandum
3202 2095 3495 2159 heroicae
3538 2096 3923 2158 constantiae

2361 2212 2433 2256 ac
2477 2191 2860 2256 fortitudinis
2890 2191 3268 2274 Apostolicis
3309 2191 3629 2275 operariis
3672 2191 3930 2274 reliquit

2361 2289 2745 2371 exemplum,
2778 2297 2848 2354 ut
2877 2309 3105 2354 novum
3139 2289 3361 2354 adesse
3389 2288 3453 2350 in
3484 2288 3688 2353 Caelis
3721 2294 3927 2353 Patro·

2360 2406 2507 2450 num
2538 2394 2834 2471 agnoscat
2863 2386 3184 2460 Ecclesia,
3218 2408 3342 2470 quo
3384 2397 3598 2452 amota
3627 2407 3924 2469 praesen·

2359 2484 2517 2548 tium
2555 2495 2914 2565 temporum
2946 2485 3291 2549 acerbitate
3335 2490 3586 2564 optatae
3615 2485 3784 2565 pacis
3828 2503 3920 2547 se·

2359 2584 2588 2647 renitas
2614 2581 2976 2654 illucescat,
3005 2603 3079 2648 ac
3106 2583 3234 2648 vita
3267 2580 3605 2667 Religionis
3632 2582 3927 2666 dogmata

2359 2681 2422 2742 in
2477 2680 2717 2745 dissitis
2773 2680 3156 2764 remotisque
3216 2679 3605 2764 Regionibus
3667 2680 3921 2744 reflore-

2359 2786 2554 2844 scant.

2411 2972 2827 3036 TROJANUS
2864 2977 2979 3033 Tit.
3015 2974 3075 3035 S.
3118 2976 3422 3035 Caecilius
3460 2975 3656 3033 Prssb.
3698 2975 3880 3034 card.
3923 2990 3927 2993 ·

2898 3077 2970 3133 de
3009 3075 3346 3151 Aquaviva.

2488 3271 2730 3329 Novum
2760 3265 2973 3347 plane,
3017 3270 3476 3329 BEATISSIME
3507 3271 3756 3327 PATER
3778 3309 3798 3335 ,
3846 3283 3918 3327 ac

2362 3382 2771 3448 permagnum
2816 3363 3069 3446 pietatis
3114 3361 3536 3446 spectaculum
3570 3364 3788 3425 beatus
3838 3362 3928 3424 Fi·

687 3464 918 3528 meruit
959 3464 1219 3550 gratiam
1261 3466 1539 3550 Martyrii
1600 3468 1909 3550 accipiens
1953 3490 2247 3534 coronam
2362 3461 2525 3525 delis
2555 3483 2588 3524 a
2617 3461 3000 3545 Sigmaringa
3043 3460 3227 3524 nobis
3259 3460 3584 3531 exhihuit,
3627 3460 3731 3542 qui
3776 3460 3921 3520 dum

680 3562 760 3626 de
778 3562 1311 3627 consummatione
1332 3561 1593 3626 virtutis.
1613 3570 1872 3644 AEquum
1897 3565 2106 3648 itaque
2128 3577 2252 3641 est,

685 3669 754 3724 ut
784 3661 1008 3726 heatus
1036 3659 1271 3723 Fidelis
1291 3703 1312 3732 ,
1344 3662 1450 3742 qui
1474 3669 1536 3724 et
1578 3669 1671 3725 tot
1700 3662 1997 3725 virtutum
2043 3664 2247 3746 splen·

687 3758 841 3823 dore
869 3768 932 3823 et
961 3757 1254 3839 triumphi
1299 3757 1626 3822 nobilitate
1653 3761 1886 3824 ceteris
1929 3773 2247 3843 praestat,
2299 3835 2304 3848 ,

2299 3857 2305 3867 ’
2360 3854 2530 3916 visus
2559 3851 2700 3927 fnit,
2723 3860 2788 3914 ut
2817 3872 2982 3916 unus
3012 3851 3290 3936 ipsorum
3325 3870 3466 3916 cum
3496 3850 3649 3913 hacc
3681 3849 3740 3910 in
3764 3848 3929 3929 ejus·

699 3857 1069 3940 primusque
1103 3853 1216 3918 tuit
1239 3898 1258 3926 ,
1290 3854 1397 3937 qui
1431 3856 1748 3921 institutae
1779 3877 1815 3922 a
1844 3866 2053 3923 sancta
2086 3863 2246 3927 Sede

689 3953 1191 4037 congregationis
1218 3954 1298 4017 de
1345 3956 1738 4039 Propaganda
1774 3956 1916 4018 Fide
1964 3959 2247 4024 mandata

688 4052 952 4136 impigre
978 4069 1049 4116 ac
1067 4049 1316 4115 fortiter
1332 4071 1653 4135 exequens
1675 4051 1972 4118 catholica
1995 4055 2249 4140 dogma·

701 4161 762 4215 ta
807 4159 1025 4216 contra
1054 4148 1409 4215 infestimos
1449 4154 1789 4216 Novatores
1816 4154 2069 4235 proprio
2113 4176 2249 4219 san·

2358 3560 2439 3622 ab
2472 3560 2676 3640 impiis
2705 3557 3246 3633 interficiebatur,
3274 3566 3448 3623 tanta
3478 3557 3688 3622 vultus
3716 3557 3929 3620 hilari-

2364 3665 2491 3721 tate
2523 3664 2773 3738 tamque
2802 3655 3023 3719 humili
3043 3654 3363 3739 patientia,
3395 3676 3468 3719 ac
3499 3674 3647 3738 erga
3670 3653 3929 3718 interte-

2359 3763 2566 3818 ctores
2605 3756 2779 3836 ipsos
2821 3774 3067 3818 summa
3122 3753 3427 3818 charitate
3481 3750 3920 3833 splendescere

2373 3950 2513 4012 dem
2559 3949 2810 4011 immani
2868 3948 3060 4012 caede
3107 3946 3411 4010 accidisse
3447 3954 3762 4016 narraret,
3804 3941 3926 4008 hoc

2358 4047 2631 4111 facinore
2664 4046 2974 4111 detestato
3000 4047 3367 4130 ejurataque
3393 4043 3674 4114 haeresi,
3707 4042 3918 4106 statim

2358 4142 2551 4210 fuerit
2582 4145 2982 4210 orthodoxam
3030 4143 3218 4207 fidem
3252 4139 3598 4223 amplexus.
3645 4146 3919 4221 Quapro-

689 4233 880 4333 ‘guine
908 4247 1341 4324 confirmavit3
1372 4248 1611 4329 primus
1638 4249 1833 4314 etiam
1865 4251 2118 4316 decreta
2146 4253 2249 4317 hio
2359 4252 2502 4326 pter
2527 4264 2667 4308 cum
2704 4250 2869 4306 Deus
2895 4243 3180 4322 Optimus
3197 4239 3498 4304 Maximus
3526 4238 3924 4302 Sanctitatem

687 4347 752 4409 in
783 4345 973 4411 terris
1001 4367 1280 4411 summae
1324 4348 1534 4413 virtuti
1564 4350 1841 4431 praemia
1870 4369 1906 4414 a
1951 4355 2249 4416 SANCTI-

698 4449 903 4510 TATE
934 4450 1232 4508 VESTRA
1262 4454 1702 4529 consequatur.

695 4646 796 4705 Fr.
826 4642 1215 4705 JOANNES
1242 4641 1667 4707 ANTONIUS
1702 4648 1814 4708 Tit.
1845 4648 1949 4709 SS.
1976 4648 2253 4710 silvestri

772 4756 828 4810 st
861 4745 1126 4808 Martini
1154 4747 1236 4804 ud
1280 4743 1524 4803 Montes
1563 4744 1862 4805 Prssbitor
1903 4748 2250 4806 cardinalis

1300 4838 1640 4916 Guadaqm'.

814 5035 1087 5121 Exigunt
1126 5032 1485 5115 praeclarae
1528 5032 1792 5099 virtutes
1822 5039 1890 5097 B.
1938 5034 2173 5100 Fidelis
2215 5054 2252 5099 a

686 5134 1073 5218 Sigmaringa
1103 5130 1419 5194 miraculis
1463 5150 1499 5193 a
1531 5137 1658 5195 Deo
1689 5133 2134 5211 comprobatae
2178 5153 2251 5199 ac

690 5240 1016 5297 Sacrorum
1080 5230 1326 5294 Rituum
1390 5229 1902 5313 congregationis
1964 5232 2250 5295 examina

687 5334 1029 5406 discussae,
1062 5337 1128 5395 ut
1160 5335 1217 5392 S.
1251 5336 1322 5391 V.
1355 5328 1606 5390 Divinae
1639 5330 1806 5390 vocis
1841 5335 2148 5410 interpres
2179 5329 2254 5391 il-

683 5433 730 5498 li
759 5436 1102 5499 decernere
1145 5429 1434 5512 dignetur
1476 5433 1838 5492 Sanctorum
1874 5426 2139 5491 honores
2186 5426 2250 5487 in

2359 4342 2532 4410 Servi
2566 4342 2659 4406 sui
2695 4349 2785 4404 tot
2818 4341 3133 4420 tantisque
3166 4336 3447 4420 probatis
3480 4333 3794 4398 miraculis
3837 4342 3927 4398 te·

2363 4450 2584 4506 statam
2617 4438 2921 4510 voluerit,
2945 4436 3089 4520 jure
3124 4435 3343 4498 merito
3373 4432 3553 4495 illum
3589 4435 3750 4496 inter
3783 4438 3926 4496 Sau-

2360 4547 2494 4603 ctos
2526 4559 2560 4602 a
2593 4545 2650 4600 S.
2684 4545 2754 4600 V.
2782 4535 3195 4617 cooptandum
3228 4553 3368 4596 esse
3398 4531 3797 4595 arbitramur.

2437 4734 2921 4799 Doulmcvs
2959 4736 3075 4792 Tit.
3105 4733 3206 4795 SS.
3235 4732 3384 4791 ΧΠ.
3422 4731 3844 4806 Apostolorum

2788 4833 2986 4893 Presb.
3018 4835 3196 4894 Cara.
3231 4834 3493 4892 Rivieru.

2490 5032 2882 5095 ARBITROR
2902 5071 2922 5100 ,
2953 5029 3448 5090 SANcrtssmss
3477 5027 3751 5094 PATER,
3786 5022 3928 5084 bea·

2368 5139 2499 5191 tum
2547 5125 2821 5191 Fidelem
2856 5144 2891 5188 a
2940 5124 3323 5206 Sigmaringa
3348 5164 3368 5193 ,
3400 5118 3506 5202 qui
3553 5138 3667 5201 per
3706 5138 3926 5181 omnes

2362 5225 2653 5289 heroicas
2685 5220 3136 5286 confessorum
3169 5221 3434 5283 virtutes
3459 5216 3808 5280 traductam
3841 5215 3931 5277 vi·

2370 5334 2494 5386 tam
2528 5341 2641 5404 pro
2663 5318 2963 5385 catholica
2997 5318 3260 5380 veritate
3289 5313 3719 5396 amplificanda
3753 5320 3815 5376 et
3839 5323 3928 5374 tu-

2366 5420 2527 5485 enda
2551 5465 2571 5492 ,
2600 5419 2862 5482 invictus
2893 5424 3243 5481 nostrorum
3277 5425 3627 5497 temporum
3676 5417 3927 5496 martyr,
