4442 6300
1497 489 1845 562 Quinque
1885 488 2353 545 smerenuu
2396 488 2565 545 tre.

418 637 502 707 eli
528 635 779 723 offla
806 634 1169 721 parentum
1194 641 1371 703 orta·
1390 657 1517 708 *ac
1545 637 1649 721 pie
1678 643 1743 704 et
1774 643 1988 702 sancte
2096 632 2181 698 tri
2210 632 2282 696 in
2305 640 2622 716 Pauper-as
2648 629 3098 699 liberalitatem
3131 636 3202 695 et
3244 630 3311 693 ln
3362 635 3565 696 Deum
3591 629 3672 694 s-

419 734 725 817 educatus
752 732 1086 815 azpueritia
1108 772 1129 805 ,
1158 754 1361 816 usque
1390 733 1469 797 ad
1497 733 1790 799 ultimam
1822 732 1991 797 vitae
2097 730 2340 801 dociam
2376 730 2592 794 testari
2621 731 2908 814 dignatus
2937 739 3036 795 est
3061 728 3388 803 Dominus,
3419 733 3666 793 verten-

423 833 713 916 spiritum
745 838 938 899 Deum
972 830 1234 896 mirifice
1257 832 1470 896 timuit
1498 832 1838 903 etamavit,
1871 830 1993 893 vir·

422 937 717 1010 tutosque
736 928 1106 992 christianas
1132 937 1199 990 et
1229 928 1555 1011 religiosas
1579 929 1643 991 in
1672 928 1863 1011 gradu
1888 946 1995 991 ex·

422 1025 876 1089 callentissimo
904 1025 1329 1091 indesinenter
1353 1025 1548 1090 coluit
1576 1033 1639 1091 et
1657 1025 1947 1090 exercuit
1968 1070 1989 1098 ,

424 1143 499 1189 sc
524 1123 691 1189 iuter
718 1120 873 1185 alias
903 1142 1060 1203 opus
1080 1134 1487 1205 summepere
1516 1122 1777 1186 arduum
1809 1130 1873 1186 et
1904 1123 1995 1183 in·

428 1220 709 1284 numeris
765 1218 1247 1289 difficultatibus
1314 1241 1388 1284 ae
1451 1218 1995 1303 persecutionibus

426 1319 724 1401 mentun,
758 1319 1256 1400 nempe.sbusus
1280 1317 1344 1379 in
1377 1318 1607 1383 Ordine
1639 1337 1753 1381 suo
1800 1318 1997 1382 intro-

427 1418 650 1483 ductos
678 1415 902 1480 tollere
925 1458 947 1488 ,
978 1415 1481 1499 Regularemque
1530 1415 1992 1480 observantiam

414 1509 763 1578 'restituere
794 1532 1129 1595 eggressus
1154 1521 1253 1576 est
1300 1511 1647 1592 impavide,
1704 1530 2000 1594 prosecu-

425 1616 533 1683 tus
558 1616 658 1674 est
683 1608 1211 1686 constantissime,
1238 1618 1427 1692 atque
1458 1608 1828 1674 felicissirne
1859 1628 1999 1692 per·

429 1704 619 1793 fecit,
626 1708 950 1773 erudiens
980 1708 1217 1772 multos
1238 1706 1525 1791 regulam
1576 1714 1641 1771 et
1690 1705 1995 1790 justitiam

2101 829 2182 893 do
2209 829 2272 891 iu
2303 830 2530 899 flores,
2560 848 2722 909 quae
2755 828 2869 893 ille
2915 828 2978 890 in
3031 827 3384 909 sacciperio
3441 825 3674 909 egenis

2100 928 2359 1010 gerebat
2381 924 2626 990 fercula
2648 967 2670 996 ,
2702 934 2769 990 et
2790 925 3077 1010 jubendo
3105 968 3128 999 ,
3156 934 3227 991 ut
3252 924 3414 989 alter
3445 930 3672 987 Petrus

2100 1044 2223 1088 non
2260 1023 2547 1087 modicae
2581 1022 2750 1088 Fidei
2782 1043 2973 1105 super
3029 1043 3227 1106 aquas
3285 1021 3664 1086 ambularet.

2105 1128 2442 1206 Egressum
2474 1140 2626 1205 ergo
2657 1120 2738 1185 de
2766 1121 3082 1187 fructibus
3113 1119 3310 1186 seculi
3343 1120 3404 1182 in
3463 1130 3670 1185 aeter*

2102 1240 2222 1285 nae
2277 1218 2496 1285 salutis
2553 1222 2807 1300 paetum
2875 1227 3183 1302 proponat
3237 1222 3671 1283 sanemus

2104 1323 2404 1381 VESTRA
2449 1318 2565 1382 toti
2618 1313 2943 1449 Ecclesiae
2996 1317 3259 1382 floribus
3316 1315 3673 1382 sanctitatis

2103 1413 2473 1479 laureatum.

2148 1611 2581 1675 FABRICIUS
2618 1613 2840 1688 Bor-qia
2883 1612 3220 1689 Episcopus
3279 1612 3635 1676 taonem

2715 1709 3058 1771 Assiststss.

428 1805 702 1875 Instituti
738 1805 833 1868 sui
864 1803 1246 1886 primaevam
1276 1812 1497 1869 exacte
1534 1804 1873 1867 observare
1932 1807 1994 1868 et
2100 1846 2107 1852 -

428 1902 706 1967 fideliter
731 1900 931 1967 tueri:
961 1901 1136 1966 Unde
1164 1902 1521 1965 mercedem
1565 1899 1999 1965 erudientibus

418 2000 672 2066 multos
698 2000 1074 2065 destinatam
1096 2043 1117 2073 ,
1148 1998 1392 2063 scilicet
1420 1999 1587 2079 quod
1633 1998 1742 2081 qui
1798 1997 1926 2062 ad
1901 2018 2000 2081 Ju-

434 2098 675 2172 etitia'm
703 2097 1071 2163 erudierunt
1101 2096 1375 2169 maltos,
1430 2094 1765 2180 fulgebunt
1821 2095 2000 2178 qnasi

433 2196 669 2271 stellae
685 2195 747 2256 in
778 2205 1113 2276 perpetuas
1144 2194 1574 2263 aeternitates,
1595 2212 1739 2257 esse
1765 2192 1827 2254 in
1851 2198 2001 2257 Cae·

436 2292 519 2358 lis
545 2301 950 2357 consecutum
984 2290 1371 2372 et.adeptnm
1424 2289 1645 2352 multis
1698 2288 2004 2357 mirabili-

312 2432 321 2439 ·
438 2389 557 2457 bus
587 2409 661 2454 ac
690 2387 1112 2472 singularibus
1135 2387 1433 2472 prodigiis
1466 2387 1735 2471 benigne
1766 2386 2004 2452 reveh-

435 2487 523 2549 rit
547 2486 758 2569 justus
780 2493 852 2550 et
880 2486 1243 2550 misericors
1276 2484 1620 2561 Dominus,
1680 2485 1764 2550 ita
1821 2492 1893 2550 ut
1947 2493 2008 2553 Is

431 2585 569 2669 jam
595 2586 676 2648 ab
706 2576 1194 2650 immemorabili
1220 2591 1551 2649 veneratus
1583 2584 1669 2648 sit
1709 2584 1799 2650 uti
1861 2590 2004 2650 San-

436 2692 574 2748 ctus
602 2683 675 2746 in
694 2681 983 2765 plurimis
1012 2681 1347 2763 Hispaniae
1377 2682 1553 2755 locis,
1585 2681 1793 2763 qualis
1822 2703 2009 2749 vene·

435 2782 598 2849 r'atio
622 2792 694 2844 ut
724 2779 1042 2843 infallibili
1068 2786 1129 2843 S.
1162 2780 1338 2844 Sedis
1363 2780 1758 2862 Apostolicae
1789 2799 2005 2845 oracu-

435 2881 502 2944 lo
528 2867 936 2946 confirmetur
954 2922 975 2951 ,
1007 2885 1069 2940 et
1095 2878 1174 2941 ad
1204 2885 1397 2941 totam
1427 2877 1769 2943 Ecclesiam
1799 2884 2012 2942 exten-

438 2978 625 3049 datur
642 2995 762 3057 per
789 2974 1138 3048 solemnem
1177 2974 1418 3039 Decreti
1451 2974 1531 3037 de
1562 2975 1701 3058 ejus
1743 2975 2007 3039 cenod-

438 3075 679 3140 2atione
708 3074 1143 3139 executionem
1174 3072 1424 3136 videtur
1450 3073 1747 3156 expedire
1770 3116 1791 3141 .
1822 3082 1891 3137 ut
1914 3074 2008 3138 sic

438 3172 759 3256 praefatus
790 3174 1019 3236 beatus.
1045 3180 1266 3235 Petrus
1296 3170 1592 3234 omnibus
1623 3169 1913 3235 fidelibus
1942 3171 2010 3233 in

438 3269 799 3354 exemplum
832 3273 1214 3351 proponetur
1242 3286 1357 3349 pro
1414 3268 1719 3331 abusibus
1777 3267 2009 3350 impre-

442 3366 673 3431 bandis
702 3374 768 3431 et
795 3364 1187 3448 corrigendis
1206 3406 1225 3436 ,
1253 3383 1369 3428 nec
1397 3384 1517 3428 non
1548 3364 1609 3427 in
1638 3366 2010 3430 intercesse-

447 3479 626 3536 rem',
652 3471 723 3526 ut
751 3462 1239 3546 qualescumque
1269 3463 1505 3526 abn'sus
1537 3462 1838 3527 tollantur
1860 3503 1882 3535 ,
1940 3482 2013 3526 ec

442 3562 837 3625 necessarius
864 3558 1024 3623 erdo
1053 3569 1119 3640 et
1148 3558 1398 3620 debitus
1428 3559 1783 3640 primaevus
1814 3565 2014 3622 status

444 3656 833 3738 urbiumque
861 3656 1306 3736 restituamus-3
1338 3663 1406 3720 et
1454 3655 1543 3718 ita
1602 3657 1720 3719 sub
1768 3655 2009 3739 judicio

448 3759 949 3834 uaeramus
976 3759 1292 3819 vesum
1320 3751 1549 3818 saeuo.

450 3949 927 4013 LUDOVICUS
957 3949 1395 4024 ANTOmUS
1426 3950 1687 4012 Valaina
1710 3952 1849 4010 olim
1874 3953 2016 4013 Cra-

533 4063 718 4112 maaa
743 4047 1088 4123 Episcopus
1124 4048 1675 4123 Homopolitanus
1690 4048 2010 4111 Asstseom.

571 4243 943 4302 Sanctorum
975 4235 1315 4301 bonoribus
1373 4235 1810 4322 dignissimum
1870 4257 2013 4303 esse

445 4355 675 4402 censeo
705 4336 956 4399 beatum
991 4340 1243 4398 Petrum
1306 4335 1625 4419 Regalati3
1683 4337 1791 4418 qui
1845 4337 2009 4399 enim

447 4439 809 4497 Sanctorum
842 4429 1483 4514 praeclarissimorum
1511 4433 1779 4499 virtutes
1825 4442 1893 4499 et
1948 4454 2014 4498 e·

446 4531 660 4620 gregia
689 4528 849 4594 facta
877 4536 975 4593 est
1002 4529 1320 4602 imitatus,
1352 4530 1549 4593 simili
1579 4551 1832 4614 quoque
1882 4531 2013 4597 eul-

446 4636 513 4692 tu
547 4630 628 4690 ab
659 4627 940 4693 Ecclesia
970 4648 1114 4692 cum
1169 4625 1299 4691 illis
1359 4637 1456 4691 est
1512 4630 2009 4712 prosequendus.

446 4731 641 4800 Quam
676 4746 711 4789 a
740 4725 991 4790 Christo
1021 4725 1282 4789 Domino
1341 4732 1592 4790 sanctus
1649 4726 2013 4792 Franciscus

448 4822 883 4911 &angelicam
943 4822 1185 4906 accepit
1238 4821 1519 4905 regulam
1581 4822 1658 4885 ad
1715 4822 1968 4888 literam
1992 4868 2014 4900 ‚

449 4927 633 5000 prout
660 4920 799 5001 ipse
818 4918 1127 4982 Dominus
1155 4919 1393 4982 servari
1418 4918 1705 4983 edixerat
1722 4962 1745 4994 ,
1796 4928 2015 4985 Petrus

442 5015 719 5090 servavit
746 5034 993 5098 semper
1018 5058 1039 5086 ,
1069 5024 1137 5078 et
1160 5013 1501 5098 collapsam
1533 5018 1910 5082 restauravit
1954 5018 2016 5080 in

449 5110 735 5193 pluribus
768 5111 1185 5194 Hispanorum
1219 5113 1556 5178 coenobiis
1582 5113 1873 5196 ejusdem
1905 5116 2016 5178 ob-

446 5209 827 5274 servantiam
848 5253 869 5282 ,
900 5209 1103 5274 factus
1133 5208 1331 5275 forma
1363 5212 1585 5295 Gregis
1622 5232 1703 5275 ex
1760 5212 1971 5294 animo

449 5305 820 5374 humilitatis
840 5352 862 5381 ‚
890 5307 1269 5389 paupertatis
1324 5315 1390 5371 et
1444 5308 1823 5390 reliquarum
1882 5329 2016 5373 om·

447 5404 621 5468 nium
644 5405 1092 5470 exercitatione
1124 5404 1450 5471 virtutum.
1484 5405 1885 5492 §iugularem
1908 5412 2015 5470 Pe-

2235 1905 2692 1965 BEATtsstuE
2723 1906 2995 1965 PATER.
3031 1899 3312 1966 Christus
3365 1906 3553 1967 Iesus
3609 1909 3680 1967 ut

2106 1997 2171 2061 in
2198 1996 2547 2062 Ecclesiam
2578 2018 2810 2061 novum
2841 1999 3157 2082 quoddam
3171 1999 3484 2065 caelestis
3511 2000 3677 2064 vitae

2109 2115 2311 2180 genus
2341 2095 2668 2165 induceret
2687 2138 2709 2168 ,
2741 2095 2955 2181 coepit
2999 2095 3208 2162 facere
3263 2098 3440 2179 prius
3494 2118 3680 2183 quam
3741 2124 3752 2134 ·

2110 2194 2388 2269 docere3
2418 2193 2589 2276 quod
2617 2213 2762 2260 cum
2791 2195 2990 2278 probe
3023 2193 3423 2281 intelligeret
3454 2202 3524 2262 B.
3569 2204 3681 2263 Pe-

2116 2300 2254 2356 trus
2290 2289 2664 2373 Regalatus,
2692 2291 3061 2358 et·sanctius
3086 2292 3244 2359 fitted
3296 2293 3685 2361 patriarchae

2112 2389 2427 2454 francisci
2456 2390 2817 2454 {nstitutum
2848 2390 3012 2455 inter
3040 2397 3286 2457 Fratres
3311 2390 3563 2458 Ordinis
3582 2393 3680 2458 sui

2117 2506 2426 2552 renovare
2454 2495 2756 2570 cuperet,
2783 2486 3131 2569 perfectam
3165 2488 3425 2553 illiusin
3454 2511 3525 2554 se
3543 2511 3685 2574 spe-

2118 2583 2280 2649 ciem
2315 2592 2383 2648 et
2413 2605 2697 2650 normam
2741 2584 2988 2668 primus
3044 2584 3376 2662 exhibuit,
3433 2598 3503 2653 ut
3535 2608 3685 2657 -una

2119 2682 2326 2765 ipsius
2349 2684 2481 2750 vita
2508 2682 2614 2750 lex
2646 2685 2809 2749 foret
2831 2728 2855 2759 ,
2885 2686 3158 2751 vividius
3197 2707 3494 2769 expressa
3551 2709 3680 2754 mo·

2116 2781 2298 2845 ribus
2319 2826 2340 2854 ,
2368 2780 2556 2864 quam
2610 2782 2808 2847 literis
2864 2783 3245 2867 consignata.
3313 2786 3472 2860 Quid
3532 2807 3686 2871 ergo

2118 2897 2400 2960 exequar
2427 2879 2903 2962 congeminatos
2927 2879 3171 2964 ieiunio
3197 2882 3339 2946 dies
3362 2927 3384 2957 ,
3414 2882 3684 2949 indefes-

2120 2993 2257 3039 sum
2289 2975 2507 3038 orandi
2539 2975 2818 3040 studium
2843 3019 2865 3047 ,
2896 2976 3274 3042 acerrimum
3305 2981 3404 3043 sui
3466 2982 3681 3045 odium

2118 3080 2314 3155 atque
2341 3080 2765 3157 contemptum
2787 3076 2820 3135 ἰ)
2849 3075 3194 3158 Imaginem
3227 3074 3290 3138 in
3323 3097 3406 3141 eo
3459 3079 3688 3143 Christi

2121 3168 2538 3250 multiplicem
2553 3172 3000 3237 adumbratam
3020 3188 3318 3238 cerneres
3337 3199 3360 3250 ς
3395 3195 3533 3239 cum
3556 3197 3687 3243 mo-

2118 3267 2203 3330 do
2236 3267 2569 3348 patientem
2605 3268 2849 3350 patiens
2878 3288 2951 3332 ac
2981 3288 3141 3351 pene
3173 3273 3499 3346 moricum
3556 3294 3690 3339 mo-

2119 3363 2200 3427 do
2232 3372 2663 3446 resurgentem
2696 3367 2979 3448 gaudens
3007 3375 3071 3429 'et
3100 3388 3264 3450 pene
3295 3369 3537 3453 gloriae
3590 3392 3687 3436 so-

2116 3461 2256 3526 cius
2283 3458 2839 3544 centemplaretur.
2872 3463 3250 3530 charitatem
3293 3485 3480 3547 porro
3537 3489 3687 3553 erga

2120 3560 2448 3624 Proximos
2481 3560 2632 3624 satis
2663 3569 2829 3625 Deus
2857 3561 2998 3644 ipse
3029 3562 3354 3643 praeclaro
3395 3564 3513 3631 illo
3571 3567 3690 3630 mi-

2120 3656 2334 3721 raculo
2364 3659 2871 3732 commendavit,
2901 3680 3044 3724 cum
3071 3660 3358 3726 ciborum
3387 3664 3689 3747 reliquias

2122 3756 2512 3835 Pauperibus
2539 3757 2885 3821 destinatas
2913 3758 2977 3819 in
2998 3777 3172 3823 rosas
3200 3770 3569 3828 convertens
3589 3784 3686 3828 ra·-

2123 3861 2256 3916 tum
2283 3850 2431 3918 fecit
2458 3895 2479 3927 ‚
2512 3856 2694 3936 quod
2715 3855 2826 3920 ille
2857 3854 3068 3920 divino
3108 3856 3358 3922 afflatus
3418 3861 3642 3942 spiritu
3663 3904 3686 3936 ,

2122 3949 2534 4035 interroganti
2563 3953 2995 4038 responderat.
3029 3954 3163 4017 Erit
3203 3955 3404 4037 igitur
3455 3976 3687 4024 novum

2120 4047 2405 4132 religiosi
2434 4050 2684 4113 Ordinis
2711 4051 2906 4114 decus
2934 4057 3002 4113 et
3055 4050 3345 4116 fidelium
3402 4058 3683 4122 omnium

2119 4144 2639 4218 incitamentum,
2666 4151 3126 4212 mansuum
3157 4154 3435 4226 PATER,
3466 4153 3520 4216 si
3548 4174 3688 4221 cae-

2116 4241 2347 4306 lestem
2380 4241 2541 4309 bunc
2570 4243 2786 4308 Virum
2813 4241 3012 4310 veluti
3068 4253 3360 4314 Sanctum
3416 4248 3687 4376 jusseris

2119 4340 2412 4406 invocari.

2150 4536 2560 4602 NICOLAUS
2591 4539 2903 4614 spineum
2952 4541 3296 4619 Episcopus
3319 4540 3661 4656 'hanseris

2742 4637 3073 4698 Actium.

2191 4823 2439 4889 Solidae
2458 4825 2954 4910 christianaeque
2973 4828 3261 4900 virtutes,
3283 4829 3520 4910 quibus
3541 4831 3687 4895 bea·

2131 4930 2264 4985 tum
2294 4930 2548 4987 Petrum
2578 4924 2936 5009 Regalatum
2976 4928 3408 4991 admirandum
3451 4929 3515 4990 in
3558 4950 3692 4993 mo-

2124 5017 2273 5084 dum
2321 5020 2664 5094 enituisse,
2707 5022 3114 5087 severissimo
3159 5024 3501 5105 pne-smisso
3545 5046 3690 5089 exa-

2125 5116 2291 5179 mine
2338 5118 2460 5181 rite
2504 5127 2798 5200 recteque
2841 5123 3170 5202 probatum
3203 5129 3336 5195 est,
3367 5130 3433 5186 et
3462 5123 3690 5188 libera-

1992 5248 2058 5286 ,-
2127 5213 2276 5278 litas
2317 5216 2382 5277 in
2429 5237 2778 5298 pauperes,
2824 5220 3058 5300 quibus
3106 5217 3510 5284 sublevandis
3552 5240 3693 5302 pro-

2125 5310 2263 5393 prio
2304 5313 2575 5393 quodam
2619 5321 2876 5378 naturae
2919 5323 2986 5378 et
3026 5314 3262 5396 gratiae
3307 5334 3568 5381 munere
3598 5315 3689 5380 la-

2125 5414 2266 5472 ctus
2289 5428 2435 5474 esse
2465 5410 2830 5484 videbatur,
2857 5410 2924 5474 id
2949 5409 3344 5495 apertissime
3373 5412 3688 5489 evincunt,
