4442 6300
1526 513 1870 582 QmNQtJt
1910 511 2373 569 unc‘roncnt
2415 513 2583 566 E'PC.

454 655 679 722 Edicto
705 655 1079 721 intimandae
1104 702 1123 730 ,
1153 656 1330 721 statis
1362 657 1491 721 suis
1536 677 1822 741 quaeque
1882 659 2008 724 die·

461 757 580 818 bns
612 755 688 819 ad
720 774 861 819 enm,
890 754 1234 819 Ecclesiam
1259 798 1281 829 ‚
1309 755 1421 818 ubi
1469 773 1655 820 mane
1703 758 1892 822 Missa
1945 757 2009 818 in

456 850 758 916 bonorem
782 851 1224 934 'Apostolorum
1254 852 1573 917 celebrata
1626 854 1814 918 tuterit
1841 897 1862 925 ,
1912 853 2013 934 pie

458 962 529 1011 ac
561 947 787 1013 devote
818 949 1175 1028 procedant.
1210 950 1487 1033 Singulis
1516 958 1724 1015 autem
1764 948 2014 1015 conna-

406 1118 417 1129 .
454 1045 662 1109 tribus
693 1045 1247 1129 processionaliter
1271 1049 1716 1112 accedentibus
1770 1055 2011 1129 septem

455 1163 650 1207 annos
680 1151 737 1205 et
773 1144 1034 1208 totidem
1065 1146 1536 1228 quadragenas,
1566 1152 1629 1209 et
1681 1145 1824 1209 aliis
1882 1165 2015 1209 om·

457 1239 642 1305 nibus
669 1241 997 1322 utriusque
1045 1262 1232 1306 sexus
1288 1241 1811 1308 Christifidelibus
1868 1260 2015 1305 vere

456 1337 922 1418 poenitentibus
949 1348 1013 1403 et
1040 1337 1352 1407 confossis
1373 1382 1394 1411 ‚
1424 1339 1529 1420 qui
1559 1341 1851 1403 eamdem
1903 1344 2017 1402 Ec-

458 1433 715 1498 clesiam
738 1478 759 1507 ‚
789 1434 896 1497 ubi
926 1434 1277 1499 sustiuerit
1300 1477 1322 1507 ‚
1365 1434 1667 1519 religiose
1726 1434 2016 1499 visitave-

457 1530 581 1594 rint
605 1573 625 1603 ‚
657 1530 739 1595 de
765 1529 1213 1613 omnipotentis
1239 1530 1352 1593 Dei
1384 1530 1814 1597 misericordia
1872 1548 2016 1594 con·

456 1624 553 1692 fisi
581 1638 828 1692 centum
862 1628 1002 1691 dies
1034 1627 1113 1690 de
1143 1626 1437 1710 injunctis
1494 1627 1630 1699 eis,
1690 1636 1798 1693 aut
1858 1625 2018 1690 alias

454 1725 927 1807 quomodolibet
962 1723 1204 1788 debitis
1230 1724 1636 1805 poenitentiis
1665 1722 2017 1788 misericor-

454 1822 616 1889 diter
642 1823 707 1884 in
739 1822 1005 1886 Domino
1031 1820 1407 1886 relaxamus.

578 1925 906 1984 Honemus
934 1925 1141 1983 autem
1169 1918 1232 1980 in
1251 1918 1520 1982 Domino
1543 1961 1565 1991 ‚
1595 1920 1656 1982 et
1686 1915 2021 1980 instantius

456 2036 748 2099 rogamus
772 2060 791 2086 ,
822 2036 1041 2081 omnes
1070 2013 1534 2081 Cbristilideles
1563 2016 1624 2078 in
1656 2015 1770 2081 bac
1825 2013 2015 2080 Alma

455 2115 617 2179 t-lrbe
647 2122 826 2176 natos
852 2121 917 2179 et
947 2120 1443 2180 commorantes.
1471 2121 1541 2176 ut
1575 2112 1679 2194 pia
1706 2113 2017 2196 majorum

457 2210 745 2291 exempla
774 2210 835 2271 in
870 2209 1269 2273 veneratione
1302 2228 1449 2291 erga
1482 2208 1704 2273 beatos
1760 2216 2020 2291 Aposto-

455 2305 553 2370 los
578 2302 881 2369 landabili
911 2304 1113 2369 studio
1141 2302 1532 2368 aemulantes
1591 2304 1656 2366 iu
1719 2305 2020 2371 Ecclesiis

459 2417 495 2466 a
522 2397 720 2467 Nobis
749 2399 1111 2465 constitutis
1152 2399 1380 2464 devota
1440 2400 1813 2466 celebritate
1871 2420 2015 2465 con-

456 2501 704 2563 veniaut
725 2541 746 2569 ,
777 2504 841 2562 et
870 2495 1463 2581 spirituali-laetitia
1493 2497 1851 2563 exultantes
1890 2497 2021 2563 lan-

458 2596 801 2677 dantesque
834 2601 1032 2656 Deum
1055 2637 1076 2668 ‚
1109 2594 1215 2676 qui
1245 2594 1629 2678 glorificatur
1656 2594 1719 2657 in
1776 2597 2018 2661 Sanctis

460 2691 624 2763 suis,
655 2696 896 2755 tantam
926 2689 1166 2755 Natalis
1193 2689 1324 2755 diei
1354 2689 1801 2771 Apostolorum
1861 2690 2023 2756 cele·

467 2790 656 2857 breut
684 2787 1170 2853 solemnitatem.
1202 2788 1529 2871 Siquidem
1561 2787 1647 2853 de
1697 2790 2022 2873 praesidio

455 2887 762 2951 Divinitus
793 2886 986 2950 Nobis
1018 2887 1093 2950 ad
1126 2884 1486 2966 exemplum
1542 2888 1882 2969 patientiae
1905 2930 1926 2961 ,
1958 2899 2059 2962 et„

461 2983 1001 3050 confirmationem
1038 2980 1183 3044 fidei
1232 2989 1615 3065 praeparato
1673 2983 1736 3045 in
1796 2982 2016 3050 borum

461 3080 839 3147 excellentia
885 3084 1138 3142 Petrum
1202 3079 1429 3145 merito
1487 3086 1588 3146 est
1641 3078 2024 3147 exultantius

464 3180 855 3265 gloriandum
878 3221 899 3249 ,
933 3196 1093 3258 quos
1117 3169 1322 3260 gratia
1353 3178 1463 3244 Dei
1496 3178 1558 3241 in
1600 3185 1832 3244 tantam
1888 3178 2023 3243 alti-

461 3279 733 3342 tudinem
767 3274 1100 3355 provexit,
1133 3280 1199 3339 ut
1228 3273 1448 3339 borum
1509 3274 1693 3340 alteri
1730 3296 2020 3360 maguum

459 3385 523 3443 et
554 3372 841 3439 mirabile
870 3370 1254 3438 consortium
1276 3371 1591 3452 potentiae
1615 3393 1764 3437 suae
1788 3374 2027 3440 tribue-

461 3474 537 3539 rit
565 3472 782 3537 Divina
812 3467 1140 3553 digestim
1169 3467 1332 3532 alter
1346 3489 1495 3535 vero
1512 3477 1637 3535 Vas
1663 3469 2022 3548 electionis,

457 3566 845 3653 et‘specialis
877 3570 1107 3630 Doctor
1135 3563 1425 3629 Gentium
1456 3584 1729 3646 superno
1760 3568 2020 3635 oraculo

461 3679 525 3733 et
551 3662 810 3732 caelesti
837 3662 1143 3728 sententia
1172 3659 1366 3726 fuerit
1398 3660 1785 3744 designatus.
1837 3670 2016 3731 Prae-

462 3777 631 3831 terea
663 3759 1065 3826 meminerint
1092 3777 1279 3839 saepe
1309 3757 1467 3823 banc
1496 3760 1727 3824 Urbem
1782 3762 2020 3843 potenti

462 3860 902 3946 Apostolorum
935 3856 1327 3939 protectione
1356 3876 1393 3921 a
1451 3857 1873 3923 Barbas-orum
1934 3861 2024 3923 in·

462 3960 745 4025 cursibus
768 4001 789 4032 ‚
816 3977 851 4021 a
880 3954 1079 4021 caede
1102 3996 1125 4028 ‚
1152 3973 1189 4018 a
1219 3951 1708 4036 depopulatione
1732 3998 1754 4029 ‚
1787 3956 1870 4021 ab
1924 3958 2017 4021 in-

463 4057 697 4122 cendiis
715 4098 736 4128 ‚
761 4075 796 4119 a
828 4051 1317 4118 terraemotibus
1345 4049 1614 4135 aliisque
1673 4052 2022 4122 innumeris

460 4152 755 4240 periculis
782 4157 846 4215 et
872 4148 1336 4216 calamitatibus
1362 4148 1716 4213 liberatam.
1750 4158 1816 4214 lu
1847 4173 2019 4216 meu-

464 4264 589 4321 tem
621 4255 912 4316 revocent
940 4247 1267 4311 innumera
1299 4244 1409 4310 illa
1437 4244 1716 4331 prodigia
1745 4255 1813 4311 et
1873 4269 2011 4333 gr.-

461 4352 606 4425 tias,
629 4346 881 4432 quas-ad
906 4344 1171 4429 gloriam
1195 4348 1527 4407 Servorum
1548 4363 1806 4409 suorum
1828 4351 2020 4411 Bran.

463 4449 719 4514 deorum
742 4488 762 4518 ‚
793 4444 892 4509 vel
929 4448 1300 4508 catenarum
1333 4447 1618 4506 contactu
1643 4484 1665 4516 ‚
1725 4441 1824 4507 vel
1882 4444 2020 4509 sola

465 4548 790 4618 oratione,
821 4551 929 4608 aut
959 4539 1233 4605 nominis
1279 4539 1673 4605 invocatione
1734 4542 2023 4625 antiquo-

462 4651 599 4709 rum
634 4641 937 4707 Fidelium
972 4639 1171 4722 pietas
1203 4656 1276 4702 ac
1304 4637 1560 4702 devotio
1613 4640 1692 4702 ab
1741 4641 2021 4725 omnipo-

460 4743 615 4807 tenti
652 4747 781 4804 Deo
809 4738 1110 4803 obtinuit.
1143 4741 1406 4799 nemum
1438 4735 1501 4796 iu
1555 4736 1859 4801 memoria
1916 4738 2024 4802 ba-

470 4843 657 4905 beant
715 4838 910 4901 verba
940 4833 1050 4898 illa
1107 4839 1177 4897 B.
1235 4832 1458 4898 Leonis
1515 4834 2023 4901 Praedecessoris

467 4937 674 5004 Nostri
709 4935 785 4999 ad
817 4941 1159 4996 Romanum
1188 4929 1498 5013 Populum
1533 4951 1614 4995 ex
1643 4931 1811 4993 beati
1853 4932 2019 4996 Petri

465 5032 767 5098 Cathedra
792 5025 1123 5094 clamantis
1154 5035 1219 5090 et
1247 5025 1546 5090 dicentisz
1576 5017 1671 5111 (a)
1699 5031 1869 5091 Licet
1902 5046 2025 5091 om-

461 5119 603 5194 nem*
630 5131 966 5192 Ecclesiam
991 5169 1011 5199 ,
1040 5143 1192 5204 quac
1221 5129 1291 5185 in
1320 5134 1446 5190 tuto
1479 5137 1567 5186 cst
1598 5125 1761 5191 Orbe
1797 5130 2006 5190 Ten-a.

470 5249 603 5294 rum
627 5272 648 5302 ‚
677 5231 911 5290 cunctis
945 5233 1220 5301 oporteat
1245 5227 1453 5300 llorere
1496 5225 1822 5285 virtutibus
1847 5246 1872 5297 ,-
1915 5244 2020 5287 vos

648 5424 731 5494 (a)
767 5424 819 5476 S.
853 5423 964 5474 leo
995 5421 1163 5472 Serm.
1195 5418 1276 5468 11.
1309 5417 1365 5469 in
1394 5416 1485 5469 die
1510 5381 1790 5488 Assumpe.

2134 669 2338 722 tamen
2357 661 2688 735 praecipuo
2717 661 2884 721 inter
2909 666 3137 723 ceteros
3192 663 3460 736 populos
3517 660 3686 717 decet

2122 760 2351 818 moritis
2373 759 2637 831 pistoris
2664 760 3001 830 excellcre,
3025 762 3177 835 quos
3238 760 3304 816 tn
3334 759 3475 832 ipsa
3530 754 3682 826 Apo-

2122 855 2375 915 stolicao
2401 864 2613 929 petras
2645 870 2783 913 arcs
2806 855 3089 930 fundatos
3111 894 3131 924 ‚
3164 863 3223 914 ct
3249 854 3538 914 Dominus
3558 850 3685 909 No·

2128 961 2256 1011 ster
2279 951 2463 1010 Issus
2500 953 2543 1008 C
2555 952 2785 1010 hristus
2812 967 2944 1010 cum
2973 954 3252 1012 omnibus
3306 953 3592 1017 redemit,
3625 955 3684 1004 ct

2124 1050 2334 1110 Mutus
2371 1046 2703 1123 Apostolus
2740 1049 2950 1110 Pennas
2974 1064 3125 1124 pras
3158 1051 3444 1109 omnibus
3492 1046 3685 1105 crudi·

2123 1149 2236 1205 vit.

2148 1286 2163 1303 .
2254 1243 2530 1303 caveant
2560 1238 2745 1321 igitur
2767 1282 2788 1310 ,
2822 1258 2898 1301 ne
2919 1239 3153 1304 sanctis
3184 1256 3443 1302 suorum
3474 1237 3683 1298 Pasto-

2130 1356 2266 1400 rum
2304 1336 2558 1399 monitis
2585 1333 3078 1419 inobsequentes
3101 1379 3121 1409 ,
3154 1355 3231 1400 ne
3272 1335 3686 1396 immemores

2131 1431 2586 1496 beneficiorum
2621 1432 2773 1508 Dei,
2804 1452 2884 1497 ne
2917 1431 3253 1516 irreligiosi
3284 1450 3430 1513 erga
3459 1435 3686 1491 Servos

2130 1529 2266 1613 ejus
2300 1535 2415 1593 BB.
2451 1529 2830 1612 Apostolos,
2874 1539 2940 1594 et
2994 1528 3324 1594 absimiles
3381 1526 3688 1610 Heiorum

2126 1628 2342 1711 pietati
2378 1627 2784 1691 inveniantur.
2813 1632 3106 1711 Magnum
3139 1627 3306 1691 enim
3342 1620 3687 1706 periculum

2129 1731 2226 1790 est
2253 1767 2275 1799 ‚
2303 1746 2447 1790 esse
2477 1725 2761 1789 homines
2792 1745 2905 1808 per
2936 1723 3318 1788 oblivionem
3350 1717 3687 1785 beneflcio·

2134 1843 2271 1889 rum
2301 1822 2577 1908 ingratos
2605 1828 2737 1886 Deo
2758 1865 2778 1896 ‚
2808 1830 2873 1885 et
2895 1821 3102 1885 Servis
3130 1820 3269 1905 ejus
3295 1865 3315 1893 ,
3344 1839 3458 1882 uec
3487 1836 3691 1881 corre·

2131 1920 2345 2001 ptione
2364 1918 2619 2003 corrigi,
2655 1937 2770 1982 nec
2798 1919 2880 1981 de
2898 1917 3114 2001 gratiis
3129 1915 3465 1980 recordari.
3487 1913 3692 1978 Sciant

2133 2016 2406 2099 denique
2427 2059 2451 2089 ‚
2480 2015 2647 2099 quod
2682 2016 2905 2079 beatos
2932 2013 3268 2097 Apostolos
3289 2054 3311 2087 ‚
3362 2011 3470 2095 qui
3528 2008 3689 2092 apud

2132 2121 2329 2179 Deum
2357 2113 2807 2178 intercessores
2835 2112 2955 2175 sibi
2989 2132 3132 2177 esse
3154 2130 3278 2177 uon
3305 2116 3526 2182 curat,
3556 2127 3697 2173 sua·

2135 2231 2271 2275 rum
2303 2209 2624 2293 culparum
2658 2228 2911 2275 severos
2943 2209 3201 2275 ludices
3259 2202 3572 2280 babebit,
3629 2211 3696 2270 et

2134 2328 2297 2391 quos
2324 2307 2766 2375 conciliatores
2792 2324 3099 2390 supernae
3133 2304 3560 2370 miserationis
3587 2303 3696 2377 ha·

2131 2407 2288 2470 bere
2315 2404 2664 2470 coutemnit
2685 2447 2707 2479 ‚
2738 2404 3014 2470 offensae
3063 2402 3411 2488 majestatis
3464 2400 3698 2467 sentiet

2130 2501 2391 2567 ultores.
3215 2500 3222 2509 ‘

2256 2598 2430 2663 Nulli
2455 2618 2609 2683 ergo
2638 2597 2894 2663 omniuo
2921 2597 3249 2662 bominum
3283 2597 3482 2662 liceat
3535 2597 3695 2661 banc

2133 2696 2420 2781 paginam
2445 2703 2697 2759 nostrae
2727 2694 3211 2759 constitutionis
3235 2738 3256 2769 ‚
3286 2694 3550 2764 decreti,
3580 2701 3698 2756 sta-

2096 2840 2103 2845 .
2132 2794 2296 2867 tuti,
2325 2791 2713 2857 definitionis
2737 2835 2758 2865 ‚
2788 2791 3153 2855 monitionis
3175 2834 3197 2864 ‚
3229 2798 3293 2856 et
3351 2789 3697 2854 voluntatis

2135 2888 2477 2973 infringere
2497 2928 2518 2958 ‚
2546 2886 2649 2951 vel
2681 2886 2741 2950 ei
2774 2902 2932 2950 ausu
2963 2887 3303 2951 temerario
3332 2885 3694 2950 contrairez

2133 2988 2193 3052 Si
2222 2988 2367 3069 quis
2392 2993 2603 3051 autem
2644 2984 2761 3048 boc
2816 2990 3126 3048 attentare
3159 2982 3710 3066 praesumpserit,-

2133 3084 2623 3169 indiguatienem
2652 3080 3099 3165 omnipotentis
3128 3080 3237 3144 Dei
3267 3123 3289 3154 ‚
3321 3076 3412 3145 'ac
3468 3072 3682 3145 beato-

2133 3200 2270 3244 rum
2301 3181 2469 3245 Petri
2493 3223 2515 3253 ‚
2537 3188 2604 3245 et
2627 3177 2799 3243 Pauli
2829 3176 3281 3259 Apostolorum
3312 3177 3454 3260 ejus
3485 3198 3556 3241 se
3584 3198 3695 3243 no·

2133 3277 2299 3342 verit
2324 3276 2739 3342 incursurum.
2777 3280 3000 3340 Datum
3030 3283 3271 3340 Romae
3301 3272 3463 3356 apud
3493 3267 3700 3339 §.Ma-

2135 3375 2291 3444 riam
2320 3373 2621 3458 Maiorem
2653 3389 2818 3436 anno
2844 3372 3294 3437 lucamationis
3336 3372 3697 3437 Dominieae

2139 3471 2483 3537 millesimo
2499 3468 3054 3552 septingentesimo
3069 3469 3554 3552 quadragesimo
3577 3477 3703 3533 ter-

2133 3572 2233 3637 tio
2263 3567 2551 3635 Calendis
2576 3566 2811 3650 Apri-lis
2840 3565 3242 3633 Pontificatus
3271 3567 3482 3632 Nostri
3537 3585 3699 3632 anno

2134 3666 2342 3733 tertio.
2948 3687 2954 3695 ·

2136 3868 2203 3927 Ρ.
2233 3858 2419 3926 card.
2444 3857 2862 3924 Prodatarius.
2981 3863 3053 3922 D.
3085 3857 3265 3924 card.
3295 3856 3694 3924 Passioueus.

2261 4058 2437 4118 vtsA
2467 4057 2570 4115 DE
2597 4053 2846 4115 cmm.

2256 4155 2330 4216 N.
2361 4147 2748 4215 Antonellus.

3042 4349 3099 4407 1.
3133 4347 3201 4408 Β.
3227 4345 3567 4430 Bugenlus.

2333 4545 2686 4620 mummia
2714 4544 2783 4603 in
2814 4541 3161 4604 διανταία
3192 4541 3501 4602 &ovium-

2262 4736 2432 4799 Asno
2461 4753 2502 4799 a
2526 4735 2867 4799 Nativitau
2906 4737 2980 4796 D.
3008 4735 3086 4796 Ν.
3125 4735 3330 4797 JESU
3355 4737 3703 4799 CHRISTI

2134 4837 2454 4898 mitissimo
2484 4836 3008 4910 septmsnustmo
3037 4836 3495 4910 quadragesimo
3523 4841 3714 4898 tertio·

2138 4933 2478 4995 Indictionc
2510 4935 2726 5008 quinta
2756 4933 2850 4990 dic
2877 4944 3019 4991 vcro
3058 4930 3154 4991 13.
3186 4927 3452 5004 Aprilis,
3486 4933 3699 4992 Ponti·

2136 5032 2573 5107 mansuetans
2607 5028 2997 5088 sanctissimi
3019 5029 3089 5087 in
3141 5028 3383 5088 Christo
3450 5028 3697 5102 Panis,

2135 5135 2197 5189 st
2226 5130 2298 5187 D.
2331 5128 2412 5187 N.
2445 5127 2514 5186 Ι).
2544 5126 2964 5187 BENBDtCTI
3031 5126 3264 5184 Divina
3314 5125 3704 5188 Providentia

2141 5226 2263 5285 ΡΡ.
2296 5225 2390 5286 11
2399 5227 2460 5286 V.
2492 5223 2660 5285 Anno
2704 5224 2897 5283 Tertio
2917 5264 2939 5294 ,
2967 5237 3112 5297 supr
3125 5224 3337 5284 edicta
3395 5225 3702 5286 Constitu-
