4442 6300
1539 586 1886 673 opisque
1928 583 2409 667 fflnm‘roinm¹
2440 582 2609 638 ss‘rc.
3435 581 3510 637 υ

474 736 831 810 Sanctum
884 732 940 807 F
945 733 1342 815 ranciseum
1404 736 1797 809 Pax-entem
1850 758 2069 807 suum
2124 730 2340 836 plane
2393 733 2705 805 imitatus
2755 745 2890 804 est.
2943 731 3237 803 Etenim
3289 732 3343 804 si
3398 745 3726 809 sanctm.

473 856 895 928 Franciseus
932 855 1259 955 martyrii
1296 850 1695 955 cupiditate
1732 851 2217 925 inflammatus
2269 849 2795 950 navigationem
2849 849 2926 919 in
2986 847 3269 950 Syriam
3324 849 3640 951 suscepit
3667 902 3689 935 ‚

472 976 691 1045 etiam
753 971 1007 1044 beatus
1057 972 1102 1042 J
1106 971 1332 1073 oseph
1385 971 1485 1044 ob
1538 968 1842 1045 eandem
1896 994 2177 1042 causam
2230 963 2935 1069 Constantinopolim
3002 989 3078 1038 se
3134 962 3450 1041 contulit
3479 1021 3499 1057 ‚
3535 963 3691 1041 ’ubi

473 1085 1083 1183 Christifidelihus
1132 1086 1626 1190 opitularetur
1652 1142 1673 1178 ‚
1724 1089 1871 1189 qui*
1900 1089 2152 1159 misera
2203 1086 2554 1160 servitute
2609 1084 3060 1160 tenebantur
3128 1086 3693 1187 gravissimoque

474 1202 809 1306 periculo
840 1259 860 1295 ‚
898 1230 992 1277 ne
1029 1205 1128 1278 ob
1166 1205 1619 1280 incommoda
1658 1222 1734 1280 et
1778 1229 2157 1279 aerumnas
2191 1231 2229 1275 a
2268 1202 2670 1277 Christiana
2706 1199 3080 1303 Religione
3140 1199 3575 1275 deficerent.
3627 1205 3691 1274 A

472 1321 795 1396 Soldano
830 1324 1029 1425 Rege
1076 1325 1374 1425 AEgypti
1419 1341 1706 1396 sanctus
1754 1323 2173 1397 Franciscus
2221 1322 2495 1422 magnis
2559 1320 2804 1392 officiis
2853 1335 2928 1392 et
2983 1318 3429 1393 humanitate
3483 1324 3698 1392 exce-

472 1455 642 1541 ptus
667 1496 688 1529 ,
724 1465 1013 1512 omnem
1055 1443 1415 1543 martyrio
1448 1438 1921 1513 interclusum
1959 1438 2235 1513 aditum
2272 1462 2439 1508 cum
2484 1434 2775 1510 vidisset
2800 1489 2821 1525 ‚
2858 1436 2935 1508 in
2969 1433 3250 1508 Italiam
3299 1437 3649 1511 remeavit
3680 1490 3699 1523 ,

469 1573 690 1657 atque
731 1558 824 1627 ita
863 1553 1198 1629 desiderii
1229 1560 1659 1659 martyiium
1699 1555 2034 1628 obtinuit.
2074 1556 2340 1629 Beatus
2374 1554 2648 1657 Joseph
2699 1552 2956 1627 eodem
3007 1552 3274 1625 ardore
3320 1576 3699 1626 succensus

468 1675 820 1746 interiora
873 1670 1207 1746 cubicula
1264 1690 1343 1749 et
1402 1671 1798 1777 penetralia
1851 1675 2319 1776 Imperatoris
2370 1671 2784 1744 Tur-carum
2836 1669 3037 1744 adire
3089 1695 3242 1743 non
3294 1669 3699 1773 dubitavit,

468 1808 673 1875 ratus
701 1845 721 1879 ‚
757 1816 881 1864 eos
918 1789 1231 1893 populos
1262 1793 1639 1867 universos
1681 1788 1863 1865 facili
1896 1792 2191 1893 negotio
2224 1787 2319 1862 ad
2372 1784 2620 1862 Fidem
2660 1789 3141 1867 Christianam
3178 1762 3702 1880 traducendOS‚

467 1910 527 1981 si
566 1910 890 2009 ipsorum
915 1908 1332 2008 Imperator
1368 1907 1674 1999 eandem
1710 1905 2159 2010 Religionem
2200 1908 2478 2010 primus
2513 1908 2926 2008 susciperet.
2967 1905 3109 1979 Sed
3150 1923 3404 2009 captus
3451 1932 3534 1979 ac
3570 1903 3706 1980 (le-

470 2041 716 2099 trusus
754 2027 829 2097 in
870 2023 1342 2119 tenebrosum
1376 2051 1744 2099 carcerem
1782 2052 1873 2099 eo
1905 2027 2318 2128 gravissimo
2353 2022 2712 2127 supplicio
2750 2023 3137 2097 mulctatus
3188 2023 3333 2097 fuit
3361 2079 3382 2114 ,
3435 2040 3521 2095 ut
3568 2050 3703 2126 pe-

466 2139 636 2214 dem
664 2139 1049 2215 dexterum
1086 2156 1161 2213 et
1198 2158 1487 2214 manum
1526 2144 1804 2245 pariter
1838 2142 2207 2219 dexteram
2247 2140 2339 2214 ad
2375 2140 2658 2215 ferrum
2720 2167 2992 2215 uncum
3032 2167 3418 2244 suspensus
3443 2196 3464 2231 ,
3507 2142 3712 2243 capi-

471 2275 545 2332 te
577 2275 882 2360 totaque
922 2260 1256 2360 corporis
1290 2258 1479 2333 mole
1511 2258 1601 2333 ad
1643 2277 1913 2337 terram
1950 2258 2348 2362 penderet,
2410 2256 2648 2333 donec
2685 2257 2874 2332 fame
2910 2285 2993 2331 ac
3031 2257 3289 2333 dolore
3354 2274 3709 2332 extenua-

469 2391 587 2448 tus
623 2376 839 2450 vitam
867 2373 1387 2508 profunderet
1414 2376 1832 2450 Generosus
1855 2374 2152 2451 Athleta
2186 2377 2454 2451 Christi
2493 2374 3064 2451 crudelissimum
3106 2378 3452 2449 tormenti
3478 2401 3706 2479 genus

468 2494 731 2573 invicta
768 2494 981 2565 animi
1019 2495 1416 2566 constantia
1455 2491 1777 2596 pertulit.
1802 2495 1903 2567 At
1939 2497 2284 2596 quoniam
2322 2496 2368 2568 J
2372 2494 2598 2597 oseph
2631 2496 2767 2568 Dei
2801 2474 3117 2569 Benefici
3105 2520 3171 2568 ·o
3209 2496 3422 2569 vitam
3464 2493 3707 2567 adhuc

471 2609 863 2699 trahebat,
915 2624 1134 2710 atque
1209 2613 1403 2685 inter
1448 2611 2013 2685 acerbissimum.
2030 2616 2434 2686 cruciatum
2471 2614 2902 2705 annuntiare
2936 2611 3188 2686 Fidem
3225 2613 3700 2687 Christianam

469 2726 667 2803 haud
701 2723 1133 2816 omittebat,
1154 2726 1339 2801 ideo
1378 2725 1738 2802 Satellites
1766 2727 2153 2803 consilium
2179 2731 2506 2802 iniciunt
2539 2728 2674 2801 sub
2713 2726 2892 2803 illo
2875 2756 3107 2832 ignem
3163 2727 3565 2818 excitandi,
3613 2744 3704 2807 ut

469 2844 715 2918 fumus
750 2845 1111 2917 obstrictis
1146 2844 1476 2919 faucibus
1508 2848 1839 2951 spiritum
1882 2844 1981 2920 illi
2015 2845 2583 2951 praecluderet,
2633 2863 2764 2922 aut
2823 2846 3070 2923 saltem
3123 2877 3166 2922 a
3217 2845 3705 2952 praedicanda

460 2962 727 3035 Sancta
762 2960 1136 3064 Religioue
1167 2962 1478 3065 impedit·
1480 2979 1577 3038 et.

627 3080 812 3154 Tres
841 3083 1232 3154 continuos
1270 3078 1477 3155 dies
1457 3108 1533 3154 m
1570 3107 1661 3155 eo
1696 3084 2029 3166 cruciatu
2063 3082 2362 3159 fortiter
2402 3087 2791 3187 permansit
2822 3138 2842 3175 ,
2881 3110 2990 3182 ,ex
3053 3108 3206 3187 quo
3264 3082 3514 3159 divino
3555 3109 3698 3188 po-

472 3199 613 3271 tius
671 3224 889 3300 quam
952 3200 1274 3271 humano
1339 3197 1697 3301 praesidio
1767 3198 2117 3275 liberatus
2180 3200 2374 3292 fuit,
2436 3205 2532 3276 ita
2604 3221 2688 3274 ut
2748 3204 2975 3276 Causa
3037 3205 3253 3306 ipsius
3319 3200 3702 3276 Beatifica·

470 3316 685 3388 tionis
734 3331 809 3388 et
861 3315 1434 3389 canonizationis
1467 3314 1496 3418 (
1524 3319 1654 3390 nisi
1689 3316 1788 3389 ob
1814 3319 2259 3419 gravissimas
2295 3343 2535 3393 causas
2570 3318 2940 3423 disciplina
2994 3321 3364 3393 immutata
3407 3320 3701 3422 fuisset)

470 3433 606 3506 sub
692 3430 947 3505 titulo¹
986 3434 1382 3535 Martyris,
1459 3460 1611 3506 non
1685 3445 1945 3507 autem'
2004 3435 2465 3509 *Confessoris
2567 3438 2887 3539 proponi
2977 3462 3184 3540 posse
3269 3435 3652 3515 videretur
3681 3489 3701 3509 .

472 3549 700 3625 Nemo
757 3552 950 3623 enim
981 3606 1003 3640 ,
1061 3554 1189 3652 qui
1238 3554 1315 3623 in
1376 3552 1484 3625 his
1541 3550 1795 3625 studiis
1844 3549 2228 3655 paululum
2266 3570 2585 3627 versatus
2619 3556 2752 3644 sit,
2793 3557 3114 3657 ignorat,
3153 3556 3456 3658 pristina
3506 3572 3700 3629 tem-

474 3689 739 3771 porum
809 3667 1337 3742 consuetudine
1408 3666 1759 3772 appellari
1823 3673 2274 3746 consuevisse
2338 3672 2699 3774 Martyres
2772 3674 2986 3745 etiam
3051 3670 3209 3746 illos
3241 3730 3259 3759 ‚
3331 3675 3460 3775 qui
3525 3691 3694 3777 post

477 3785 735 3858 acerba
772 3801 1191 3875 tormenta,
1233 3805 1554 3886 quorum
1596 3787 1663 3862 vi
1728 3801 2036 3859 mortem
2089 3788 2334 3862 subire
2394 3786 2595 3890 juxta
2659 3805 2963 3862 naturae
3016 3789 3507 3863 conditionem
3560 3788 3700 3863 de-

465 3902 830 3991 buerant,
890 3899 1384 3975 admirabilem
1439 3904 1513 3974 in
1569 3901 1866 3975 modum
1927 3907 2352 4004 superstites
2412 3922 2836 3980 evaserant:
2899 3908 3238 3980 Attamen
3301 3907 3442 3980 hoc
3507 3924 3730 3982 tem-‘

478 4046 661 4124 pore
712 4016 1381 4120 (quemadmodum
1421 4003 2221 4121 unicuiquecogn-itum
2277 4040 2898 4126 perspectumque
2944 4024 3107 4127 est)
3156 4025 3450 4128 Martyr
3501 4025 3696 4101 haud

478 4154 998 4240 nuncupatur,
1055 4133 1188 4248 nisi
1229 4140 1358 4240 qui
1410 4138 1485 4210 in
1538 4136 1860 4211 ferendis
1904 4137 2347 4218 cruciatibus
2397 4156 2527 4213 aut
2562 4141 2631 4217 vi
2665 4155 3209 4215 tormentorum
3267 4143 3483 4219 vitam
3520 4144 3703 4216 ami-

478 4258 681 4329 serit.
722 4287 727 4290 Ἴ

635 4371 909 4474 Joseph
960 4397 1105 4471 ope
1141 4371 1384 4448 divina
1424 4373 1823 4448 vindicatus
1857 4373 1949 4448 ab
1984 4400 2075 4448 eo
2111 4375 2520 4449 discrimine
2549 4431 2570 4467 ‚
2605 4359 2807 4478 quod
2846 4378 3179 4480 superius
3215 4381 3699 4481 exposuimus,

480 4492 557 4564 in
620 4487 895 4562 Italiam
955 4487 1220 4579 rediit,
1270 4508 1348 4563 et
1405 4490 1771 4593 reliquum
1827 4493 2012 4567 vitae
2064 4496 2374 4595 spatium
2437 4495 2509 4565 in
2574 4491 2748 4567 locis
2797 4495 3087 4567 Patriae
3149 4520 3317 4566 suae
3351 4493 3700 4568 -finitimis

483 4606 853 4696 traduxit,
889 4607 1427 4698 ubissRuricolas
1485 4626 1561 4682 et
1622 4613 1906 4712 Egenos
1955 4614 2168 4684 sacris
2218 4611 2702 4685 concionibus
2731 4612 3106 4702 imbuens,
3159 4614 3423 4684 mirum
3485 4611 3692 4685 dictu

487 4741 590 4797 est
616 4779 637 4814 ,
684 4749 914 4825 quam
967 4726 1294 4858 copiosos
1346 4726 1633 4810 fructus
1663 4724 2037 4830 collegerit
2064 4786 2080 4802 .
2116 4730 2458 4829 Mysteria
2511 4728 2714 4802 Fidei
2776 4754 2859 4803 ac
2922 4726 3311 4831 Religionis
3375 4727 3508 4803 illis
3561 4754 3697 4803 ex-

487 4839 848 4943 plicabat,
899 4855 974 4912 et
1010 4844 1282 4914 vineam
1318 4844 1608 4916 Domini
1645 4842 2004 4918 indefesso
2038 4844 2282 4918 studio
2317 4847 2413 4917 ita
2466 4844 2890 4936 excolebat,
2943 4863 3030 4918 ut
3090 4844 3331 4920 nullos
3367 4843 3652 4922 labores
3679 4904 3700 4939 ,

489 4954 684 5029 nulla
745 4939 1068 5058 pericula
1103 5011 1125 5047 ‚
1202 4956 1401 5031 nulla
1462 4959 1915 5034 incommoda
1992 4960 2282 5037 vitanda
2348 4977 2696 5063 unquam·
2727 4960 3204 5064 judicaverit.
3257 4962 3697 5066 Evangelica

489 5071 776 5147 consilia
813 5072 1033 5174 juxta
1049 5077 1156 5146 sui
1194 5075 1488 5149 Ordinis
1524 5096 1915 5181 praecepta
1967 5097 2188 5191 atque
2227 5080 2550 5153 instituta
2588 5078 3119 5184 diligentissime
3155 5082 3513 5169 servavit3
3551 5109 3698 5183 qua

490 5194 566 5263 in
606 5216 723 5263 re
741 5215 825 5294 ς.
848 5187 1197 5264 defuisset
1254 5188 1578 5293 aliquid,
1629 5193 1855 5268 Causa
1907 5193 2099 5271 beati
2153 5198 2452 5300 Josephi
2507 5201 2582 5271 in
2635 5199 2879 5282 melio
2937 5207 3159 5271 cursu
3218 5201 3693 5277 constitisset.

490 5309 778 5380 Etenim
833 5324 1111 5380 certum
1147 5324 1650 5412 statutumque
1686 5327 1825 5402 est,
1864 5330 1948 5386 ut
1984 5316 2058 5388 in
2110 5316 2364 5389 causis
2387 5314 2799 5392 Servorum
2838 5317 3007 5406 Dei,
3058 5316 3188 5419 qui
3223 5314 3692 5418 Regularium

494 5422 892 5497 Oulinihus
936 5424 1277 5528 adscripti
1328 5424 1681 5516 fuerunt,
1714 5445 2015 5534 praeter
2064 5448 2308 5506 cetera
2365 5430 2550 5506 illud
2584 5435 3025 5534 potissimum
3064 5433 3557 5523 examinetur,
3603 5465 3697 5509 an

496 5542 605 5613 sui
639 5538 929 5616 Ordinis
959 5544 1432 5647 praescriptas
1479 5541 1674 5650 leges
1706 5565 2042 5627 accurate
2076 5541 2668 5630 observaverint.
2703 5552 3080 5626 Postremo
3118 5548 3375 5626 beatus
3411 5551 3696 5656 'Joseph
