4442 6300
977 469 1082 520 ΗΟ
2001 469 2204 523 ACTA
2248 470 2903 526 cntoxrzmwoms

799 612 985 683 dum,
1016 630 1233 674 eorum
1267 610 1622 695 singulares
1649 632 1949 697 personas
1988 614 2206 680 barum
2267 637 2364 681 se·
2414 646 2420 655 ·
2473 618 2553 679 ad
2586 616 2859 699 reliquas
2886 615 3175 687 scholas,
3207 626 3340 682 tum
3373 618 3449 681 ad
3503 620 3869 685 ‘tribunalia
3930 621 4025 684 di-

794 709 890 773 rie
914 708 1319 774 absolventes
1351 720 1416 773 et
1447 711 1773 777 absolutas
1801 711 1942 777 fors
1984 723 2319 779 censentes
2345 760 2365 790 ‚
2476 720 2767 778 manasse
2789 756 2809 784 ‚
2842 713 3122 777 omnium
3152 735 3465 781 consensu
3516 716 3904 799 perhibetur.
3968 727 4042 781 Α·

792 811 963 870 Motu
993 806 1254 887 proprio
1277 849 1295 880 ‚
1330 827 1452 872 non
1479 809 1558 872 ad
1578 807 1892 893 collegii,
1920 816 1981 877 et
2013 811 2360 877 Advocato·
2476 810 2601 874 lius
2624 831 2780 874 vero
2806 810 2986 875 locus
3014 811 3376 894 hujusmodi
3409 835 3445 878 a
3478 812 3588 877 fel.
3619 818 3863 880 record.
3921 818 4028 881 Pio

793 923 933 966 rum
965 906 1456 986 praedictorum,
1489 906 1584 970 vel
1620 905 1889 972 aliorum
1923 928 2034 991 pro
2063 908 2221 991 ipsis
2252 931 2361 973 no·
2412 888 2419 929 ⁵
2473 914 2630 987 Papa
2655 911 2755 972 IV.
2786 910 3302 989 perApostolicas
3323 910 3545 977 literas
3564 912 3743 977 datas
3761 933 3924 978 anno
3949 922 4042 977 tn·

797 1002 895 1064 bis
921 1022 1115 1084 snper
1140 1002 1257 1068 boc
1286 1004 1538 1068 oblatae
1570 1005 1889 1086 petitionis
1951 1006 2310 1072 instantiam
2339 1051 2360 1080 ‚
2411 996 2417 1021 '
2468 1005 2838 1069 carnationis
2858 1007 3213 1074 Dominicae
3238 1008 3579 1081 millesimo
3599 1011 4027 1097 quingentesi-

793 1097 907 1162 sed
937 1099 1018 1162 de
1052 1111 1267 1164 nostra
1295 1120 1469 1165 mera
1496 1101 1879 1167 liberalitate
1903 1144 1924 1179 ‚
1955 1111 2020 1167 et
2078 1124 2157 1167 ex
2188 1112 2360 1168 certa
2408 1104 2417 1205 J
2470 1122 2596 1173 mo,
2622 1105 3034 1186 sexagesimo,
3059 1114 3281 1169 octavo
3313 1107 3455 1169 tdus
3487 1106 3635 1170 Ju‘lii
3664 1151 3683 1180 ‚
3720 1118 4029 1192 perpetuo

792 1196 1054 1262 scientia
1078 1240 1098 1269 ‚
1129 1198 1337 1280 deque
1372 1200 1768 1282 Apostolicae
1803 1203 2131 1282 potestatis
2161 1204 2361 1284 pleni·
2409 1212 2416 1268 i
2467 1196 2818 1279 assignatus
2848 1202 3156 1280 reperitur
3172 1202 3274 1263 uni
3302 1222 3377 1265 ex
3395 1201 3675 1287 collegio
3693 1210 4025 1269 Doctorum

792 1293 1045 1369 tudine,
1075 1296 1287 1359 omnia
1315 1295 1714 1381 infrascripta
1744 1298 2072 1383 privilegia
2093 1345 2113 1373 ‚
2154 1300 2357 1365 indut-
2408 1269 2416 1344 l
2469 1297 2744 1361 Civitatis
2759 1298 3406 1379 Mediolanen.,quem
3426 1308 3735 1365 Romanus
3749 1303 4035 1369 Pontifex

789 1401 876 1464 ta,
899 1391 1066 1476 jura,
1094 1394 1451 1468 facultates,
1471 1394 1747 1460 bonores
1770 1438 1791 1469 ‚
1827 1414 2110 1469 munera,
2137 1420 2356 1481 praee·
2468 1411 2580 1472 pro
2612 1401 2899 1476 tempore
2931 1395 3182 1459 duxerit
3212 1395 3566 1479 eligendum
3591 1419 3675 1461 ex
3708 1400 3932 1469 tribus,
3954 1403 4032 1463 ab

792 1491 1128 1556 minentias
1155 1500 1213 1556 et
1246 1492 1713 1576 praerogativas
1764 1493 1886 1576 ipsi
1914 1494 2199 1581 collegio
2257 1519 2359 1563 ea·
2404 1550 2414 1598 5
2471 1487 2608 1570 ipso
2637 1489 3200 1556 uediotanensium
3234 1498 3569 1557 Doctorum
3604 1494 3916 1578 Collegio,
3944 1495 4030 1559 ei·

791 1590 1050 1654 rundem
1083 1598 1304 1655 tenore
1333 1593 1756 1673 praesentium
1779 1592 2235 1677 inperpetuum
2260 1617 2357 1662 ης.
2466 1586 2608 1650 dem
2643 1595 2917 1652 Romano
2949 1589 3232 1654 Pontifici
3262 1588 3678 1671 praesentatis
3698 1635 3720 1664 ,
3755 1614 3864 1657 sen
3928 1614 4034 1654 no·

790 1688 1101 1762 serimus,
1130 1691 1552 1772 approbamus
1572 1731 1596 1761 ,
1619 1688 2064 1757 confirmamus
2085 1703 2147 1758 οι
2179 1693 2358 1761 inno.
2467 1684 2738 1749 minatis.
2772 1692 2927 1750 [lem
2960 1706 3088 1751 rec.
3121 1707 3307 1752 mem.
3343 1689 3634 1754 Clemens
3664 1698 3821 1772 Papa
3867 1699 4026 1756 Vlll.

787 1806 1040 1856 vamus,
1073 1807 1275 1869 eaque
1307 1807 1472 1853 novo
1501 1788 1901 1869 Apostolicae
1930 1800 2186 1856 nostrae
2249 1813 2357 1858 au·
2464 1790 2529 1844 ‘l
2562 1778 2788 1848 P⁸t³¹⁰⁸
2818 1790 2978 1864 Pap&
3008 1791 3078 1845 V·
3111 1783 3299 1849 ”lium
3333 1783 3538 1849 '⁰⁶⁰⁶'
3573 1789 3636 1849 5¹¹
3693 1788 4017 1868 Pt'affllit'lo

788 1883 1101 1947 ctoritstis
1141 1885 1371 1949 robore
1418 1885 1924 1959 communimus,
1986 1887 2352 1972 simulque,
2462 1878 2749 1964 Collegio
2775 1882 2881 1945 uni
2913 1881 3041 1946 Civi
3074 1884 3456 1949 Ferrariensi
3486 1886 3707 1950 saltem
3760 1908 3840 1950 ex
3903 1889 4028 1970 pri-

783 1989 850 2043 nt
885 1978 1043 2045 infra
1073 1981 1472 2047 decernimus
1494 2027 1514 2056 ‚
1543 1983 1923 2058 statuimus,
1956 1985 2352 2053 declaramus
2464 1976 2700 2061 Vilessio
2728 1979 2955 2044 effoeto
2982 2022 3004 2054 s
3036 1998 3147 2045 ⁵0⁸¹
3179 1990 3397 2044 creato
3435 1981 3659 2046 itidem
3714 1991 4024 2065 perpetuo

784 2085 974 2159 atque
1010 2077 1341 2142 sancimus.
2461 2075 2898 2159 assignarunt,
2926 2097 3001 2141 ac
3029 2096 3141 2159 pro
3173 2085 3460 2160 tempore
3492 2080 3751 2146 concedi
3806 2079 4027 2146 voluc-

912 2183 1116 2259 Atqne
1162 2176 1227 2238 in
1285 2177 1504 2259 primis
1554 2176 2011 2243 duodenarium
2070 2180 2350 2263 ipsorum
2400 2196 2407 2229 2
2460 2181 2645 2247 runt3
2700 2194 2886 2257 quam
2944 2195 3095 2240 sane
3152 2178 3626 2242 concessionem
3684 2181 4026 2246 cumulavit

783 2275 1238 2338 Advocatorum
1274 2294 1602 2339 numerum
1633 2298 1669 2342 a
1711 2275 2211 2342 Praedecessore
2243 2296 2353 2343 no·
2398 2234 2407 2327 l
2462 2271 2606 2353 piae
2628 2275 3126 2338 mem-Urbanus
3148 2276 3307 2356 Papa
3335 2282 3495 2339 vm.
3522 2296 3637 2358 per
3662 2298 3806 2343 was
3833 2281 4024 2345 etiam

783 2381 917 2434 stro
943 2370 1114 2434 Sixto
1139 2378 1296 2452 Papa
1330 2378 1426 2433 tv.
1457 2372 1522 2434 in
1544 2373 1677 2436 suis
1705 2371 1819 2438 bac
1841 2372 1921 2437 de
1952 2394 2018 2438 re
2042 2376 2350 2456 posterio-
2458 2371 2519 2431 in
2553 2370 2758 2435 forma
2791 2372 3006 2435 Brevis
3032 2373 3364 2454 expeditas
3405 2373 3630 2440 literas
3687 2376 3867 2441 datas
3923 2379 4026 2440 die

779 2488 848 2533 re
880 2469 1018 2532 loco
1048 2470 1361 2550 expeditis
1391 2467 1592 2534 literis
1621 2469 2022 2552 praefinitum
2049 2514 2071 2544 ‚
2115 2470 2197 2536 iis
2226 2493 2352 2538 mo-
2398 2532 2402 2547 ,
2460 2469 2702 2533 decima
2748 2469 3014 2550 septima
3074 2472 3441 2536 Decembris
3496 2474 3640 2538 anni
3701 2464 4027 2540 millesimi

782 2566 867 2629 do
896 2574 961 2629 et
993 2565 1228 2638 forma,
1261 2569 1492 2651 quibus
1520 2570 1596 2632 ad
1627 2568 1781 2634 baec
1811 2591 2013 2652 nsque
2064 2579 2345 2654 tempora
2396 2560 2402 2618 i
2458 2567 2898 2631 sexcentesimi
2930 2568 3224 2652 vigesimi
3268 2569 3513 2651 quinti,
3571 2572 3721 2637 dnm
3780 2574 4025 2637 civitati

781 2673 1089 2729 servatum
1124 2665 1246 2728 tuit
1268 2709 1289 2738 ‚
1317 2664 1568 2737 firmum
1603 2676 1912 2750 perpetuo
1944 2678 2008 2733 et
2049 2670 2344 2736 stabilem
2396 2674 2401 2685 “
2458 2674 2710 2729 nostrae
2740 2672 2890 2729 tunc
2918 2685 3068 2728 suae
3098 2667 3476 2732 Ferrariensi
3513 2688 3627 2751 per
3652 2669 3907 2733 easdem
3947 2670 4017 2732 li-

779 2782 921 2826 esse
955 2762 1286 2839 volumus;
1317 2763 1405 2827 ita
1434 2764 1674 2829 scilicet
1695 2810 1717 2839 ‚
1746 2774 1812 2828 ut
1845 2774 2090 2849 septem
2121 2788 2201 2833 ex
2232 2768 2337 2843 iis,
2392 2744 2403 2859 Ῑ
2456 2768 2626 2825 teras
2654 2761 2912 2826 indulsit
2944 2808 2955 2829 .
2985 2772 3055 2828 nt
3111 2761 3477 2848 hujusmodi
3538 2765 3716 2831 locas
3771 2769 4018 2832 nonnisi

777 2861 886 2944 qui
912 2860 1090 2944 juxta
1122 2862 1532 2927 admissionis
1583 2862 1871 2929 ordinem
1936 2863 1999 2926 in
2061 2864 2345 2951 collegio
2392 2874 2400 3015 Ι
2454 2860 2707 2925 Civibus
2738 2862 3243 2927 Ferrariensibns
3272 2884 3420 2927 vere
3454 2864 3834 2948 originariis,
3864 2888 4019 2947 quo-

776 2959 1165 3042 antiquiores
1196 2968 1417 3033 erunt,
1447 2960 1778 3026 seniorum
1840 2968 2033 3044 atque
2087 2965 2348 3028 Pau-tici-
2392 3020 2399 3058 Ι
2455 2977 2592 3019 rum
2626 2958 2974 3022 nominatio
2990 2959 3065 3020 ad
3091 2960 3515 3043 magistratum
3542 2962 3857 3026 Ferrariae
3878 2967 4018 3045 spe·

775 3058 1050 3138 pantiurn
1078 3058 1334 3123 nomine
1365 3067 1428 3121 et
1454 3059 1701 3142 juribus
1734 3056 2060 3134 fruanturg
2110 3063 2340 3145 reliqui
2392 3060 2398 3079 '
2455 3063 2701 3125 clarel,
2729 3073 2846 3135 pro
2877 3062 3161 3137 tempore
3194 3057 3451 3119 concedi
3487 3069 3548 3120 et
3581 3058 3879 3142 assignari
3913 3061 4021 3124 de-

777 3174 928 3218 vero
959 3155 1271 3237 quinque,
1328 3157 1625 3221 Juniores
1685 3164 1750 3221 et
1807 3164 2339 3240 Supranumernm
2454 3151 2654 3217 beret·
2684 3153 3021 3234 Aliamque
3049 3153 3289 3234 pariter
3317 3153 3521 3220 locum
3563 3155 3626 3217 in
3687 3158 4013 3237 praedicto

777 3252 1118 3335 nuncupari
1149 3262 1213 3318 et
1241 3252 1462 3317 baberi
1499 3263 1780 3338 pergant.
1815 3256 1878 3319 si
1911 3257 2019 3338 qui
2078 3277 2230 3320 vero
2259 3277 2339 3322 οι
2453 3250 2739 3335 Collegio
2765 3270 2845 3314 ex
2875 3250 3238 3333 Apostolica
3278 3254 3690 3318 concessione
3748 3254 3861 3319 fel.
3920 3275 4017 3319 re·

775 3348 1096 3413 Pontificia
1128 3350 1593 3433 dispensatione
1615 3395 1637 3423 ‚
1677 3352 1868 3434 justis
1927 3353 2341 3420 suadentibus
2448 3349 2622 3413 cord·
2655 3349 3001 3413 Innocentii
3029 3355 3235 3430 Papae
3260 3356 3394 3414 XII·
3427 3351 3610 3416 Cives
3652 3351 4018 3436 Neapolita·

777 3448 1023 3521 causis,
1053 3446 1239 3513 alicui
1270 3467 1350 3511 ex
1404 3448 1736 3513 duodecim
1798 3449 2134 3516 advocatis
2189 3459 2341 3519 Coa·
2448 3447 2512 3509 ni
2549 3445 2843 3510 obtinere
2872 3447 3364 3530 dignottwssttth
3391 3449 3623 3530 quibus
3653 3452 4011 3531 praedictus

773 3543 1060 3626 djutores
1115 3566 1259 3610 cum
1322 3546 1539 3610 futura
1597 3548 2000 3612 successione
2060 3550 2336 3631 deputati
2445 3545 2845 3609 Innocentius
2875 3564 2996 3628 per
3021 3565 3166 3608 snas
3195 3543 3415 3609 literas
3444 3545 3505 3607 in
3557 3547 3744 3610 simili
3800 3548 4012 3615 forma

775 3639 1012 3706 inerint
1031 3685 1052 3716 ‚
1081 3642 1145 3704 hi
1175 3644 1434 3724 quidem
1454 3686 1475 3717 ‚
1505 3651 1688 3726 prout
1719 3663 1883 3708 nuuc
1913 3647 1976 3708 in
2008 3667 2182 3712 more
2235 3648 2340 3714 ha·
2446 3642 2665 3707 Brevis
2693 3643 2810 3706 sub
2840 3643 3050 3707 datum
3083 3642 3190 3712 die
3218 3643 3688 3726 decimaquarta
3744 3652 4013 3711 Novem·

777 3738 993 3811 betur,
1029 3741 1236 3804 omnia
1263 3760 1563 3805 exercere
1590 3741 1840 3807 valeant
1866 3786 1887 3817 ‚
1918 3763 2081 3828 qnae
2109 3746 2337 3829 reliqui
2384 3803 2393 3844 Ι
2448 3739 2585 3804 bris
2608 3740 2759 3802 anni
2794 3738 3115 3805 millesimi
3146 3741 3595 3807 sexcentesimi
3624 3745 4018 3829 nonagesimi

779 3837 856 3898 de
892 3855 1150 3900 numero
1182 3847 1481 3920 possunt3
1514 3840 1625 3904 sed
1653 3839 1916 3907 durante
1939 3845 2340 3929 coadjutoris
2450 3836 2703 3920 septimi
2736 3836 3013 3921 desuper
3038 3838 3370 3920 expeditas
3430 3839 3693 3905 indulsit
3715 3884 3736 3913 2
3790 3849 3864 3905 ut
3914 3863 4019 3906 00·

774 3953 1075 4007 munere,
1106 3941 1169 3997 et
1198 3955 1528 4020 quousque
1571 3940 1956 4005 successioni
2013 3941 2191 4008 locus
2248 3942 2338 4006 fa·
2387 3963 2391 3967 ·
2446 3943 2734 4001 currente
2762 3956 2874 4018 pro
2906 3947 3190 4020 tempore
3223 3936 3523 4019 praedicti
3554 3937 3682 4002 loci
3708 3983 3727 4011 ‚
3784 3940 3876 4004 sic
3907 3940 4003 4005 eis

774 4045 916 4100 ctus
945 4053 1068 4099 non
1103 4037 1328 4114 fuerit,
1360 4046 1485 4101 tam
1515 4055 1666 4102 voce
1689 4081 1711 4113 ,
1740 4057 1930 4122 quam
1952 4039 2340 4105 emolumen-
2385 4053 2391 4066 ·
2450 4041 2517 4097 ut
2547 4033 2935 4116 praefertur,
2966 4035 3249 4098 concessi
3278 4036 3600 4100 vacatione
3619 4079 3639 4105 ‚
3668 4038 3749 4099 ab
3772 4036 4013 4104 Electis

775 4134 857 4198 tis
885 4134 948 4197 in
978 4134 1261 4220 collegio
1290 4137 1566 4201 cal-eant.
1917 4164 1922 4172 ·
2383 4114 2391 4232 Ι
2450 4131 2624 4195 illius
2655 4131 2938 4195 Civitatis
2971 4139 3099 4196 tres
3155 4133 3334 4196 Cives
3362 4132 3776 4213 Neapolitani
3834 4136 4011 4201 Jnris

899 4239 1092 4297 Porro
1116 4235 1178 4295 in
1209 4233 1568 4318 hujusmodi
1600 4230 1992 4300 duodenario
2050 4235 2331 4300 Advoca-
2444 4231 2780 4312 utriusque
2839 4235 3143 4293 Doctores
3201 4236 3483 4294 Romano
3539 4230 3821 4295 Pontifici
3896 4253 4011 4315 pro
4062 4315 4072 4322 .

773 4336 975 4391 tonum
1007 4330 1550 4395 consistet-istium
1580 4349 1842 4394 numero
1866 4331 2095 4396 Civitas
2125 4341 2337 4398 nostra
2449 4335 2732 4408 tempore
2764 4326 3058 4389 existenti
3091 4326 3608 4396 nominarentur,
3641 4349 3721 4392 ex
3779 4331 4014 4411 quibus

777 4428 1225 4502 Bononiensis,
1261 4427 1778 4493 immemorabilis
1801 4430 2226 4509 possessionis
2238 4431 2336 4515 ju·
2445 4426 2611 4490 idem
2647 4433 2959 4488 Romanus
2987 4422 3277 4490 Pontifex
3316 4443 3507 4487 unum
3559 4425 3637 4489 ed
3692 4425 4015 4510 hujusmo-

781 4545 848 4589 re
879 4526 1153 4590 obtinuit
1180 4534 1245 4590 et
1274 4526 1543 4610 gaudet,
1575 4532 1642 4588 ut
1672 4523 1780 4589 uni
1813 4545 2065 4606 semper
2110 4547 2185 4591 ex
2244 4529 2338 4611 ip·
2384 4500 2392 4622 ξ
2449 4524 2511 4586 di
2545 4523 2837 4588 Advocati
2866 4521 3332 4587 consistorialis
3390 4542 3615 4587 munus
3670 4525 4013 4609 praeelige-

776 4626 909 4689 sius
935 4625 1187 4689 Civibus
1216 4624 1395 4689 locus
1425 4625 1549 4698 sit,
1577 4631 1834 4707 propter
1858 4623 2158 4689 eximiam
2203 4625 2333 4691 for·
2383 4647 2391 4664 ·
2446 4631 2542 4686 ret
2569 4630 2634 4686 et
2665 4629 3017 4685 assumeret
3040 4663 3059 4692 ‚
3091 4630 3276 4700 prout
3323 4621 3387 4683 in
3414 4643 3421 4650 ³
3444 4621 3703 4706 singulis
3758 4641 4010 4688 eorum·

770 4729 940 4788 tasse
976 4722 1411 4787 celebritatem
1445 4722 1647 4805 ipsius
1674 4722 2014 4786 Bononien.
2058 4723 2337 4790 Civitatis
2448 4721 2591 4784 dem
2624 4719 2714 4783 Pii
2736 4763 2759 4788 ,
2790 4717 3058 4787 Urbani,
3089 4718 3525 4782 et'lnnocentii
3584 4727 4007 4784 Romanorum

773 4833 836 4887 et
867 4822 1345 4895 Universitatis,
1395 4822 1459 4883 in
1509 4842 1638 4904 qua
1673 4823 1865 4886 bonas
1923 4829 2093 4885 artes
2145 4829 2335 4905 atque
2447 4817 2813 4882 Pontificum
2847 4816 3406 4880 praedecessorum
3457 4821 3817 4880 nostrornm
3877 4838 4008 4881 m-

2382 4903 2390 4941 *
2444 4916 2704 4981 moratis
2731 4913 2941 4979 literis
2971 4913 3162 4977 latius
3189 4920 3254 4977 et
3279 4914 3544 4978 uberius
3568 4915 3942 4979 continetur.

2571 5019 2740 5086 Quae
2761 5011 3015 5094 quidem
3045 5009 3247 5073 omnia
3270 5008 3607 5092 praedictis
3623 5009 4012 5083 Civitatibus,

2442 5110 2739 5194 collegiis
2761 5154 2783 5183 ‚
2813 5130 2924 5173 seu
2959 5108 3477 5174 universitatibus
3501 5152 3523 5181 ‚
3552 5108 3649 5172 vel
3683 5128 3716 5171 a
3747 5110 4010 5173 Praede·

769 5213 1051 5277 dentinm
1086 5224 1437 5296 temporum
1486 5209 1774 5273 barbarie
1835 5211 2066 5274 misere
2126 5211 2333 5291 iacue-
2443 5209 2807 5274 cessoribus
2850 5208 3125 5278 nostris,
3168 5216 3244 5270 ut
3271 5204 3664 5288 praefertur,
3708 5226 4011 5288 expresse

766 5324 902 5385 rat,
931 5314 994 5376 in
1025 5312 1233 5375 lucem
1285 5310 1535 5374 tandem
1592 5295 1867 5373 feliciter
1926 5317 2278 5373 revocatam
2302 5352 2323 5381 ‚
2378 5363 2384 5394 ÷
2441 5327 2740 5372 concessa
2764 5348 2784 5378 ‚
2840 5304 2939 5370 vel
2999 5305 3291 5386 antiquae
3348 5304 3815 5369 consuetudinis
3866 5306 4007 5389 jure

764 5412 1047 5497 proprias
1076 5409 1266 5474 veluti
1297 5407 1510 5473 fixisse
1546 5407 1731 5471 sedes
1761 5453 1779 5484 ,
1846 5408 2121 5491 indeque
2180 5429 2322 5472 cum
2378 5479 2388 5490 .
2439 5407 2767 5489 acquisita,
2797 5402 3036 5468 indulta
3067 5413 3131 5467 et
3161 5402 3488 5486 privilegia
3512 5445 3531 5474 ‚
3563 5411 3629 5466 ut
3656 5401 3899 5466 scilicet
3927 5422 4007 5465 ex

770 4920 1063 4985 scientias
1111 4939 1331 4983 omnes
1354 4964 1373 4993 ,
1429 4938 1501 4981 ac
1536 4920 1872 5001 genuinam
1933 4920 2331 5002 potissimum

771 5019 1166 5100 solidamque
1188 5018 1348 5101 juris
1375 5016 1771 5099 prudentiam
1795 5057 1815 5088 ‚
1848 5015 2065 5080 seculo
2097 5017 2335 5082 duode-

768 5119 930 5182 cimo
957 5138 1037 5181 ex
1066 5117 1355 5179 diuturna
1377 5113 1760 5179 obscuritate
1786 5156 1804 5184 ‚
1838 5114 1899 5175 in
1931 5135 2049 5196 qna
2079 5135 2334 5196 praece·
