4442 6300
886 517 954 563 vl

672 669 852 742 Nam
893 676 1177 744 Auctor
1214 695 1466 742 rerum
1503 669 1825 744 omnium
1856 721 1878 757 ,
1912 691 2102 769 quae
2139 668 2217 739 in
2263 691 2356 741 eo
2416 666 2934 743 describuntur
2992 668 3573 772 (describuntur
3635 693 3881 752 autem

662 826 1022 905 perquam
1062 803 1407 874 maximae
1443 800 1471 902 )
1505 802 1573 874 Is
1608 815 1714 873 est
1742 854 1764 890 ,
1800 801 1929 901 qui
1964 799 2311 901 sapientia
2343 856 2363 887 ,
2399 804 2673 903 pietate
2702 855 2722 889 ,
2759 798 3112 904 religione
3141 859 3163 895 ,
3197 809 3605 909 ceterisque
3648 810 3887 884 virtu-

675 934 871 1009 tibus
891 937 989 1007 ita
1014 932 1666 1011 Praedecessorum
1704 957 2004 1006 suorum
2039 932 2540 1004 Romanorum
2564 929 3002 1008 Pontificum
3032 953 3394 1010 assecutus
3420 955 3528 1037 est
3565 937 3884 1030 laudem,

670 1083 761 1139 ut
795 1092 1053 1140 eorum
1110 1068 1384 1138 nemini
1417 1064 1631 1139 cedat
1653 1120 1675 1156 ,
1709 1062 1918 1165 cujus
1954 1061 2265 1166 plurima
2296 1088 2617 1167 semper,
2652 1087 2736 1136 ac
2768 1088 3045 1138 summa
3086 1083 3163 1139 et
3196 1071 3275 1140 in
3308 1067 3419 1142 Te
3455 1070 3689 1172 ipsum
3720 1125 3741 1161 ,
3802 1088 3882 1144 et

668 1204 743 1273 in
781 1202 1199 1301 universum
1231 1224 1460 1300 genus
1495 1214 1827 1272 nostrum
1866 1197 2262 1298 promerita
2301 1197 2815 1284 constiterunt;
2844 1199 2966 1269 cui
2995 1196 3121 1270 Tu
3156 1225 3309 1273 non
3341 1198 3574 1274 solum
3610 1204 3879 1277 eximio

667 1333 745 1404 in
780 1357 948 1405 eum
987 1357 1234 1404 amore
1263 1385 1284 1421 ,
1318 1356 1576 1405 verum
1613 1331 1830 1402 etiam
1866 1328 2139 1401 mutuis
2173 1352 2345 1429 erga
2378 1330 2613 1430 ipsum
2650 1329 2896 1402 officiis
2930 1355 3310 1433 nunquam
3358 1358 3512 1406 non
3573 1358 3889 1438 respon-

662 1462 826 1537 disti
858 1490 877 1552 ;
915 1489 1139 1565 quem
1201 1478 1546 1564 tanquam
1605 1457 2205 1535 absolutissimum
2263 1457 2634 1561 quoddam
2695 1461 2964 1535 veteris
3029 1460 3446 1566 disciplinae
3509 1464 3888 1570 exemplar

665 1611 1153 1669 consecutura
1189 1592 1647 1668 saeculorum
1679 1595 2004 1667 omnium
2044 1591 2435 1665 aeternitas
2468 1591 2926 1683 intuebitur;
2964 1595 3041 1667 iu
3078 1622 3232 1700 quo
3269 1596 3592 1700 denique
3628 1597 3888 1673 colen-

664 1728 764 1804 do
801 1731 1108 1832 patriam
1146 1728 1319 1802 Tibi
1354 1729 1808 1801 sanctitatem
1844 1725 2315 1800 constitutam
2365 1747 2512 1797 esse
2554 1721 2873 1800 voluisti.
2912 1727 3138 1801 Liber
3166 1755 3346 1805 vero
3399 1755 3485 1803 ea
3543 1733 3877 1805 continet

664 1879 823 1936 acta
872 1862 1262 1966 sapientiae
1300 1856 1920 1961 erudictionisque
1959 1854 2398 1960 plenissima,
2434 1880 2623 1958 quae
2657 1857 2735 1928 in
2786 1860 3120 1963 quinque
3160 1861 3398 1935 Beatis
3432 1860 3875 1938 Sanctorum

667 2021 978 2069 numero
1014 1982 1502 2068 adscribendis
1536 1991 1783 2066 habita
1820 2006 2039 2079 sunt;
2076 2014 2167 2063 ex
2200 1986 2470 2092 quibus
2504 2012 2827 2090 pronum
2854 1991 2999 2064 erit
3020 1993 3415 2095 sapientiae
3445 1993 3655 2068 Tuae
3684 1996 3883 2069 omni

664 2126 1002 2202 doctrina
1043 2143 1187 2200 tam
1224 2150 1421 2199 sacra
1457 2151 1679 2227 quam
1718 2121 2031 2227 profana
2066 2123 2336 2195 mirum
2376 2122 2455 2195 in
2506 2120 2808 2196 modum
2868 2122 3196 2200 excultae
3253 2124 3597 2229 colligere
3624 2183 3649 2217 ,
3704 2125 3886 2230 quid

668 2258 843 2332 mihi
879 2255 1242 2362 agendum
1278 2259 1367 2330 sit
1402 2259 1478 2331 in
1512 2259 1593 2330 iis
1623 2257 1951 2333 virorum
1983 2253 2505 2328 sanctimoniae
2542 2250 2733 2327 fama
2771 2260 3296 2356 praestantium
3357 2261 3583 2333 causis
3612 2314 3634 2349 ,
3699 2285 3889 2361 quas

664 2391 743 2464 in
782 2388 916 2462 hac
951 2387 1141 2462 urbe
1179 2384 1587 2459 tractandas
1623 2411 1823 2459 meae
1861 2382 2030 2458 fidei
2067 2382 2518 2458 concredere
2554 2382 2891 2488 dignatus
2926 2411 3020 2460 es.

820 2520 1115 2612 Quanta
1148 2532 1393 2591 autem
1429 2531 1557 2588 tua
1594 2518 1684 2590 sit
1719 2513 1977 2618 religio
2014 2541 2186 2589 cum
2221 2540 2395 2620 erga
2432 2542 2683 2591 omnes
2716 2516 3020 2593 Sanctos
3045 2574 3066 2610 ,
3124 2546 3448 2623 quorum
3495 2521 3671 2595 Tibi
3728 2523 3883 2596 Re-

661 2675 959 2755 gnoque
1000 2651 1171 2724 Tuo
1206 2664 1556 2752 patronos
1590 2673 1737 2722 esse
1774 2645 2063 2725 voluisti
2092 2703 2113 2737 ,
2149 2662 2311 2720 tum
2353 2673 2525 2750 erga
2561 2646 2720 2722 illos
2742 2706 2762 2737 ,
2813 2650 2944 2753 qui
3000 2650 3196 2725 inter
3255 2651 3561 2727 Sanctos
3594 2677 3888 2725 connu-

661 2783 922 2857 merati
959 2806 1204 2884 nuper
1239 2797 1411 2854 sunt
1439 2834 1461 2872 ,
1501 2777 1619 2857 vel
1652 2805 1741 2853 ex
1776 2804 1868 2852 eo
1903 2776 2337 2881 intelligitur
2364 2831 2386 2865 ‚
2421 2776 2628 2880 quod
2667 2779 2990 2855 honores
3047 2780 3316 2857 eisdem
3379 2781 3677 2888 publice
3743 2779 3886 2856 de-

662 2931 903 2995 cretos
937 2930 1136 2989 tanta
1171 2915 1317 2991 tuis
1345 2912 1752 3019 sumptibus
1804 2910 2338 3016 magnificentia
2393 2911 2826 3019 Ulyssipone
2886 2913 3364 2991 celebrandos
3417 2920 3738 3005 curasti,
3796 2928 3885 2987 ut

663 3052 795 3154 qui
829 3049 1095 3127 exteris
1127 3074 1216 3125 ex
1255 3046 1671 3122 nationibus
1699 3074 1785 3122 ea
1819 3048 1895 3120 in
1929 3044 2136 3120 Urbe
2174 3063 2560 3123 versantur
2596 3046 3039 3150 (versantur
3091 3062 3337 3120 autem
3393 3072 3585 3149 pene
3648 3049 3881 3118 innu-

661 3183 902 3285 meri)
937 3184 985 3256 ii
1019 3204 1269 3256 omnes
1305 3204 1458 3254 uno
1493 3176 1904 3278 eodemque
1957 3202 2088 3249 ore
2148 3173 2574 3266 fateantur,
2620 3173 2806 3250 nihil
2854 3192 2982 3249 aut.
3040 3176 3133 3251 ad
3195 3174 3646 3280 Religionem
3711 3173 3887 3251 illu-

662 3314 905 3402 strius,
941 3327 1072 3386 aut
1103 3310 1197 3385 ad
1234 3312 1588 3414 pietatem
1624 3302 2261 3396 accommodatius,
2297 3320 2425 3379 aut
2459 3305 2550 3386 ad
2586 3303 3195 3409 Magnificentiam
3232 3306 3682 3413 splendidius
3717 3308 3879 3385 fieri

594 3446 615 3458 “
662 3446 1007 3549 potuisse.
1042 3442 1326 3519 Novum
1356 3436 1429 3513 id
1456 3434 1755 3541 quidem
1793 3433 1964 3508 mihi
2002 3436 2080 3507 in
2112 3440 2482 3511 communi
2523 3440 2847 3512 omnium
2885 3435 3364 3514 admiratione
3393 3467 3546 3515 non
3577 3440 3882 3530 accidit,

663 3590 926 3679 utpote
962 3576 1143 3678 qui,
1173 3569 1623 3675 Ulyssipone‘
1645 3593 1814 3641 cum
1850 3590 2070 3640 essem
2099 3621 2124 3655 ,
2159 3565 2415 3643 eadem
2440 3568 2656 3673 plane
2693 3574 3194 3675 perspexerim
3246 3575 3534 3676 pietatis
3584 3598 3668 3647 ac
3703 3598 3871 3647 mu-

665 3706 1075 3784 nificentiae
1110 3720 1283 3776 tuae
1338 3714 1810 3776 monumenta
1840 3754 1861 3786 ,
1916 3697 2184 3800 quibus
2245 3696 2688 3776 laetissimam
2744 3702 2792 3776 J
2796 3705 3046 3777 oannis
3094 3705 3456 3778 Francisci
3492 3706 3704 3808 Regis
3729 3760 3751 3795 ,
3800 3721 3882 3777 et

666 3839 1030 3914 vincentii
1064 3835 1158 3912 de
1194 3833 1423 3909 Paulo
1460 3835 1653 3907 inter
1705 3830 2010 3904 Sanctos
2044 3835 2581 3934 cooptationem
2616 3833 2795 3908 festa
2833 3862 2970 3940 per
3008 3852 3180 3911 octo
3215 3836 3367 3911 dles
3396 3834 3827 3910 celebritate
3859 3889 3883 3924 ,

669 3973 934 4075 piaque
968 3969 1233 4070 Regiae
1267 3962 1658 4066 Majestatis
1693 3963 2102 4065 praesentia
2138 3987 2213 4035 es
2255 3981 2707 4068 prosecutus.

824 4103 1187 4196 Quocirca
1223 4124 1392 4172 cum
1424 4100 1541 4173 Tu
1575 4122 1697 4171 res
1732 4113 1887 4169 toto
1920 4102 2131 4168 vitae
2168 4113 2350 4171 mae
2388 4123 2615 4173 cursu
2648 4098 2761 4175 ad
2791 4099 3234 4177 Catholicae
3269 4102 3688 4201 Religionis
3712 4104 3893 4201 glo-

670 4246 866 4314 riam
893 4290 918 4324 ,
952 4252 1181 4336 atque
1218 4231 1329 4305 ad
1351 4246 1669 4326 sanotae
1723 4225 1945 4300 Sedis
1979 4225 2425 4325 dignitatem
2482 4236 2725 4328 magis
2759 4227 3378 4338 amplficanalqm
3419 4232 3888 4330 praeclaris-

668 4380 899 4449 simas
958 4371 1312 4467 gesseris,
1372 4372 1940 4433 consentaneum
2006 4380 2308 4459 prorsus
2358 4353 2501 4429 fuit
2551 4373 2629 4431 et
2679 4382 2870 4462 pene
2923 4361 3405 4432 necessarium
3435 4412 3458 4448 ‚
3508 4373 3596 4431 ut
3658 4384 3882 4461 quem

670 4496 1078 4573 Lusitaniae
1113 4494 1383 4595 Regem
1411 4544 1432 4580 ,
1483 4489 1768 4561 cunctis
1809 4485 2204 4562 virtutibus
2228 4540 2250 4578 ,
2284 4513 2367 4563 ac
2404 4492 2798 4593 praecipue
2850 4515 3022 4591 erga
3079 4490 3315 4563 Deum
3349 4543 3369 4579 ,
3427 4487 3885 4592 Caelitesque

669 4634 990 4735 pietate,
1026 4653 1199 4729 erga
1236 4625 1566 4701 Divinam
1606 4619 1840 4724 legem
1877 4616 2232 4721 religione
2258 4674 2283 4708 ,
2318 4647 2487 4725 erga
2520 4647 2752 4696 sacras
2792 4623 3152 4695 missiones
3174 4619 3689 4712 beneficentia,
3715 4645 3890 4723 erga

674 4758 1014 4836 mortales
1051 4759 1423 4834 universos
1468 4752 1903 4826 liberalitate
1960 4751 2573 4828 BENEDICTUS
2624 4753 2820 4829 XIV.
2886 4755 3328 4827 instructum
3392 4768 3890 4854 ornatumque

678 4917 827 4967 esse
859 4892 1074 4965 sciret
1103 4942 1124 4978 ,
1160 4884 1500 4961 eumdem
1538 4886 1688 4989 ipse
1724 4881 2148 4988 Apostolico
2183 4881 2461 4958 Senatu
2489 4883 3022 4987 comprobante
3055 4939 3076 4975 ,
3112 4885 3603 4986 universaque
3659 4884 3892 4956 Roma

681 5021 1077 5130 plaudente
1115 5016 1833 5094 honorificentissima
1865 5013 2457 5090 FIDELISSIMI
2491 5014 2777 5088 REGIS
2815 5013 3303 5119 appellatione
3344 5014 3438 5089 ad
3465 5029 3632 5087 tuos
3658 5015 3880 5087 etiam

681 5157 1142 5231 Successores
1176 5166 1546 5255 perpetuo
1582 5146 2134 5223 transmittenda
2178 5164 2439 5250 sponte
2475 5172 2599 5221 sua
2638 5147 3037 5248 insigniret.
3087 5147 3162 5220 Si
3211 5149 3417 5221 -enim
3444 5202 3466 5237 ,
3523 5142 3888 5249 quemad-

688 5284 988 5362 modum
1042 5281 1214 5359 olim
1268 5278 1687 5356 Sebastiano
1740 5281 1920 5383 Regi
1979 5278 2054 5352 S.
2116 5280 2288 5352 Pius
2331 5278 2417 5349 V.
2454 5274 2839 5351 honorifici
2903 5274 3202 5380 alicujus
3267 5275 3459 5351 tituli
3519 5277 3894 5380 optionem

687 5417 936 5509 dedit,
971 5419 1071 5493 sic
1107 5437 1357 5522 parem
1398 5413 1531 5490 tibi
1566 5408 2178 5489 BENEDICTUS
2215 5408 2415 5483 XIV.
2453 5403 2873 5484 facultatem
2912 5404 3233 5501 fecisset,
3268 5406 3597 5484 eamdem
3634 5422 3724 5480 tu
3752 5459 3774 5497 ,
3808 5430 3893 5479 ac
