4442 6300
957 490 1066 550 us

1965 496 2173 552 ACTA
2214 495 2868 559 cmontzutottts

775 656 974 704 annos
989 638 1070 703 ad
1091 640 1246 705 banc
1267 647 1552 707 sanctam
1572 640 1802 706 sedem
1824 639 2017 707 delati
2038 640 2335 719 tuimet,
2449 662 2649 727 eaque
2677 643 2757 713 ds
2802 662 2871 708 re
2900 644 2977 708 ad
2998 643 3206 729 ipsias
3244 645 3414 712 Petri
3436 647 3832 732 sepolchrum
3862 669 4010 718 eea-

774 722 841 798 et
888 756 1000 819 pro
1038 737 1326 820 legitimo
1370 737 1544 804 cultu
1594 738 1800 803 eidem
1844 744 2034 803 Servo
2083 740 2196 805 Dei
2237 761 2333 806 as·

774 833 1043 896 serendo
1071 834 1468 916 Apostolicae
1501 834 1878 901 definitionis
1919 835 2164 901 oracula
2186 881 2207 908 ,
2236 838 2328 900 in·

772 929 1083 994 stantibus
1113 932 1295 995 etiam
1326 932 1661 998 Catholicis
1689 932 2126 1014 Hispaniarum
2158 935 2335 1018 liegi-

771 1027 892 1092 bus
919 1028 1338 1110 universoque
1368 1030 1599 1093 Ordine
1629 1036 1908 1093 Fratrum
1925 1030 2238 1095 uiuorum
2270 1038 2330 1095 S.

770 1125 1071 1190 Francisci
1120 1125 1531 1192 vehementer
1571 1135 2020 1208 expeterentur
2048 1153 2070 1201 t
2118 1126 2327 1193 visum

769 1230 870 1288 est
886 1221 995 1287 fel.
1020 1225 1261 1288 record.
1287 1226 1534 1290 Urbano
1554 1233 1753 1307 Papae
1777 1231 1934 1288 Vin.
1955 1225 2333 1291 Praedeces-

770 1321 898 1388 sori
926 1329 1164 1393 nostro,
1191 1322 1429 1405 signata
1451 1321 1875 1403 Chirograpbo
1895 1340 2010 1385 suo
2030 1321 2332 1387 Commis-

767 1420 981 1491 sione,
1011 1419 1089 1484 ad
1118 1419 1574 1484 discutiendam
1608 1419 1673 1480 in
1699 1418 1911 1501 specie
1936 1418 2138 1507 ipsius
2179 1423 2333 1485 Bea-

767 1516 1130 1585 tiflcationis
1155 1524 1219 1581 et
1238 1516 1732 1583 canonizationis
1745 1520 2006 1581 &usam
2029 1534 2329 1582 novorum

767 1623 1179 1682 Processnum
1208 1612 1732 1680 constructionem
1764 1613 2161 1679 demandare.
2181 1613 2328 1689 Qni-

768 1714 892 1779 bus
919 1711 1143 1776 deinde
1187 1711 1263 1774 ad
1300 1712 1528 1775 Urbem
1561 1709 1771 1774 allatis
1793 1753 1814 1783 ,
1854 1718 1920 1773 et
1951 1708 2141 1773 trium
2174 1713 2332 1775 anti·

765 1808 1056 1891 quionim
1086 1816 1228 1870 tunc
1245 1805 1548 1887 temporis
1573 1811 1912 1871 causarum
1936 1804 2152 1872 Palatii
2171 1811 2331 1889 Apo-

767 1905 976 1973 stolici
1000 1905 1370 1969 Auditorum
1391 1904 1657 1969 examini
1694 1902 2020 1986 subiectis,
2045 1924 2238 1987 quum
2268 1904 2333 1969 bi

764 2023 881 2087 pro
909 2023 1018 2069 sua
1060 2000 1419 2084 integritate
1458 2009 1522 2065 et
1552 2000 1883 2084 prudentia
1925 2021 2144 2067 eorum
2172 2000 2328 2064 vali-

766 2101 1019 2165 ditatem
1052 2107 1116 2164 et
1157 2098 1557 2164 revelantiam
1585 2096 1948 2178 plenissime
1987 2099 2333 2179 approban-

765 2206 865 2262 tes
884 2243 906 2272 ,
961 2197 1022 2259 in
1074 2195 1390 2260 luculenta
1445 2192 1770 2258 Relatione
1817 2193 2028 2258 eidem
2077 2195 2330 2260 Urbano

763 2294 1240 2361 Praedecessori
1268 2291 1573 2366 exhibita,
1610 2299 1738 2355 tam
1766 2291 2124 2373 praeclaras
2152 2292 2327 2357 Servi

763 2393 876 2457 Dei
907 2394 1172 2457 virtutes
1203 2394 1264 2453 in
1292 2390 1482 2475 gradu
1514 2389 1804 2463 heroico,
1834 2410 2022 2470 quam
2057 2387 2326 2455 illustria

764 2491 828 2553 in
856 2490 979 2554 vita
1009 2499 1074 2553 et
1106 2497 1244 2570 post
1275 2494 1541 2553 mortem
1574 2487 1713 2570 ejus
1741 2487 2196 2553 intercessione
2227 2507 2329 2569 pa·

765 2594 926 2653 trata
945 2586 1243 2652 miracula
1264 2587 1419 2652 satis
1446 2587 1870 2650 demonstrata
1891 2605 2034 2649 esse
2053 2586 2325 2651 censuis-

766 2697 940 2760 sent,
968 2685 1135 2748 idem
1161 2685 1447 2750 Urbamis
1470 2681 1927 2748 Praedecessor
1951 2681 2145 2764 ipsius
2174 2687 2327 2747 cau·

765 2804 871 2853 sae
895 2782 1197 2868 judicium
1229 2781 1469 2845 remisit
1496 2778 1969 2861 congregationi
2001 2785 2328 2845 Sacrorum

762 2881 1058 2947 Rittium:
1101 2883 1273 2952 Quae
1324 2887 1465 2959 post
1509 2878 1915 2958 approbatam
1959 2877 2330 2940 eorumdem

763 2985 1176 3045 Procesauum
1202 2975 1586 3041 validitatem
1616 2983 1678 3038 et
1703 2973 2009 3038 examinis
2035 2971 2332 3047 formam,

772 3095 964 3159 quum
1015 3073 1399 3139 decrevisset
1440 3091 1560 3136 una
1601 3090 1742 3137 cum
1788 3070 1980 3134 dubio
2021 3070 2101 3135 de
2145 3077 2336 3155 Rega-

762 3170 876 3240 lati
923 3172 1302 3237 virtutibus.
1347 3170 1612 3236 alterum
1660 3188 1910 3252 quoque
1952 3168 2032 3233 de
2074 3169 2337 3234 miracu·

765 3269 851 3335 lis
888 3269 1084 3351 ipsius
1134 3267 1584 3332 intercessione
1640 3266 1929 3347 sequutis
1966 3265 2226 3348 proponi
2276 3273 2343 3330 et

766 3366 1076 3449 expendi3
1140 3375 1413 3448 quatuor
1461 3363 1857 3445 infrascripta
1904 3362 2204 3448 miracula
2253 3363 2330 3427 ad

762 3466 1064 3529 trutinam
1121 3462 1403 3527 vocavit.
1466 3461 1735 3526 Primum
1755 3504 1779 3536 ,
1839 3460 2007 3543 quod
2069 3461 2223 3525 olim
2278 3461 2340 3523 in

760 3562 1117 3628 visitatione
1155 3565 1579 3625 conventuum
1623 3558 1979 3640 Aquileriae
2017 3566 2081 3623 et
2123 3558 2343 3621 Tribu-

766 3659 813 3722 li
836 3703 856 3733 ,
909 3680 1094 3744 quam
1149 3658 1259 3721 Dei
1305 3665 1538 3723 Servus
1579 3656 1773 3737 pedes
1813 3654 2193 3736 peragebat,
2249 3654 2341 3715 in-

769 3757 1148 3822 termedium
1172 3755 1436 3837 spatium
1467 3753 1873 3836 quadraginta
1904 3751 2171 3816 millium
2201 3771 2341 3833 pas·

770 3875 954 3920 suum
997 3853 1182 3919 nnius
1209 3852 1398 3915 borae
1433 3848 1771 3914 intervallo
1800 3848 2199 3914 confecisset.
2235 3847 2338 3912 ΑΙ-

771 3961 1005 4023 terum,
1037 3948 1202 4032 quod
1222 3968 1413 4030 quum
1435 3946 1735 4012 collectas
1752 3967 1789 4011 e
1819 3946 2136 4012 communi
2164 3965 2338 4010 men·

773 4069 842 4114 sa
870 4045 1174 4130 reliquias
1198 4045 1532 4127 aliquando
1561 4043 1842 4111 deferret
1870 4044 1947 4108 ad
1977 4063 2290 4126 pauperes
2308 4085 2332 4118 ,

774 4146 860 4212 ob
901 4146 1095 4228 idque
1123 4165 1157 4207 a
1188 4145 1436 4209 vicario
1479 4144 1597 4209 sibi
1628 4151 1999 4208 occurrente
2042 4141 2333 4225 objurga·

769 4250 968 4315 retur,
1002 4243 1169 4326 quod
1199 4262 1385 4324 supra
1407 4241 1662 4305 modum
1696 4242 1758 4303 in
1788 4250 2042 4305 exteros
2071 4259 2139 4303 se
2170 4238 2332 4302 libe·

771 4336 971 4403 ralem
1002 4341 1370 4422 praeberet,
1399 4358 1720 4420 quumque
1746 4337 1802 4401 is
1831 4336 1915 4398 nil
1948 4334 2119 4400 aliud
2142 4354 2330 4419 quam

770 4435 961 4499 fiores
1002 4433 1253 4499 deferre
1280 4455 1348 4497 se
1389 4442 1853 4504 asseverasset,
1897 4432 2086 4496 flores
2113 4448 2334 4495 revera

771 4531 837 4594 in
868 4531 1115 4598 sacculo
1143 4531 1371 4613 reperti
1393 4540 1562 4605 sunt,
1588 4551 1749 4612 quos
1778 4548 1984 4612 neque
2014 4528 2155 4592 anni
2179 4533 2339 4592 tem·

773 4649 934 4714 pus,
964 4649 1164 4710 neque
1199 4628 1493 4713 Regionis
1529 4635 1743 4693 natura
1789 4626 2195 4708 suppeditare
2228 4644 2335 4704 po-

773 4734 1042 4792 tuerant.
1070 4726 1373 4798 Tertium,
1401 4725 1568 4807 quod
1590 4724 1764 4788 Durii
1796 4723 2090 4787 Fluminis
2117 4742 2336 4804 aquas,

775 4825 1019 4907 quoties
1047 4823 1537 4891 increbuissent,
1569 4829 1635 4886 et
1663 4821 1945 4886 navicula
1976 4822 2233 4886 deesset
2260 4817 2337 4883 ad

774 4920 1326 4990 transfretandum,
1355 4928 1608 4984 extento
1640 4939 1824 5000 super
1845 4939 1953 4983 eas
1980 4917 2193 4999 pallio,
2217 4933 2338 4979 non

777 5014 971 5084 semel
1021 5016 1186 5081 sicco
1236 5015 1396 5098 pede
1441 5014 1775 5080 transierit.
1820 5020 2120 5088 Quartum
2168 5009 2342 5076 deni·

778 5135 904 5198 que
925 5160 946 5188 ,
975 5114 1141 5196 quod
1170 5112 1427 5197 pauperi
1460 5119 1601 5194 post
1628 5110 1829 5193 ipsius
1859 5110 2106 5173 obitum
2129 5125 2342 5171 assue-

777 5218 840 5277 ta
861 5210 1265 5292 eleemosyna
1291 5230 1407 5293 pro
1433 5206 1735 5273 coenobii
1752 5205 2000 5271 foribus
2032 5202 2341 5277 fraudato,

886 5409 938 5461 A
986 5406 1262 5461 Vir-meum
1292 5416 1347 5460 σε
1371 5404 1772 5459 miraculorum
1812 5404 2159 5478 approbatio.

2447 740 2762 822 querenti,
2792 749 3013 806 exerto
3039 762 3078 808 e
3109 741 3446 824 sepulchro
3475 746 3757 822 brachio,
3778 769 4004 830 panem

2446 837 2812 919 porrexerit.
2847 838 3086 922 Bisque
3113 840 3591 909 admirabilibus
3622 864 3770 908 sane
3797 847 4009 927 prodi-

2446 933 2600 1017 giis,
2646 955 2807 1018 quae
2836 937 3024 1001 etiam
3056 958 3091 1004 a
3123 939 3572 1005 vetustissimis
3611 943 4010 1023 temporibus

2447 1051 2802 1097 marmoreo
2823 1035 2997 1099 Servi
3013 1035 3126 1100 Dei
3149 1037 3532 1122 sarcophago
3553 1038 3860 1120 insculpta
3882 1061 4016 1106 cer-

2446 1130 2776 1204 nebantur,
2804 1141 3047 1197 mature
3076 1133 3376 1198 discussis
3396 1145 3463 1200 et
3489 1137 3873 1220 approbatis,
3904 1158 4013 1222 pe-

2445 1235 2617 1291 racto
2647 1247 2898 1310 quoque
2928 1228 3226 1293 ¹virtutum
3256 1232 3567 1304 examine,
3599 1234 3821 1317 eadem
3853 1240 4009 1299 con·

2444 1323 2726 1407 gregati«)
2748 1330 3078 1391 Decretum
3109 1327 3300 1392 edidit
3326 1328 3426 1392 die
3448 1335 3604 1393 le.
3638 1332 4008 1397 Novembris

2444 1420 2588 1485 anni
2631 1426 3022 1496 BDGXXX„
3116 1445 3200 1488 uo
3244 1435 3369 1491 tam
3413 1426 3679 1492 virtutes
3720 1427 4008 1511 ejusdem

2445 1519 2615 1583 Servi
2643 1519 2775 1590 Dei,
2801 1540 2994 1601 quam
3019 1520 3152 1604 ipsa
3177 1523 3494 1604 praedicta
3513 1522 3813 1590 miracula
3834 1546 4008 1592 com·

2441 1614 2698 1696 probata
2727 1613 3002 1682 i'uerunt.

2564 1717 2765 1786 anra
2803 1732 2957 1781 vero
2983 1712 3175 1796 paulo
3203 1724 3384 1797 post,
3425 1736 3619 1799 snper
3644 1717 4003 1803 hujusmodi

2434 1807 2814 1893 judiciorum
2858 1809 3080 1877 ordine
3106 1820 3176 1876 et
3203 1811 3497 1878 methodo
3519 1857 3541 1885 ,
3584 1832 3740 1880 nova
3767 1824 3835 1881 et
3860 1835 4008 1881 con-

2440 1903 2782 1971 sultissima
2802 1905 3087 1988 ejusdem
3120 1908 3349 1972 Urbani
3373 1915 3574 1990 Papae
3604 1916 3762 1975 vill.
3784 1917 4013 1978 Decre-

2441 2009 2503 2067 ta
2531 2001 2933 2085 prodiissent,
2965 2004 3352 2088 proindeque
3382 2005 3634 2072 inducta
3654 2005 3879 2074 fnisset
3903 2027 4013 2076 ne-

2440 2099 2705 2165 cessitas
2731 2098 3105 2168 ostendendi
3125 2144 3146 2174 ,
3189 2101 3360 2184 qnod
3389 2101 3467 2167 iis
3498 2101 3765 2185 paritum
3794 2114 3966 2171 esset
3986 2132 4012 2184 ς

2440 2207 2771 2281 antequam
2804 2197 2884 2261 ad
2915 2196 3213 2262 ulteriora
3244 2197 3309 2261 io
3337 2197 3453 2264 bac
3481 2204 3679 2267 cansa
3714 2204 4011 2285 procede·

2439 2303 2635 2367 retur,
2656 2313 2816 2376 opus
2842 2291 2959 2357 tuit
2987 2293 3241 2378 planum
3271 2293 3503 2369 facere,
3531 2299 3700 2380 qnod
3731 2319 3842 2382 per
3862 2321 4010 2365 cen·

2442 2399 2571 2456 tum
2599 2393 3056 2463 annosfimmo
3080 2393 3293 2459 verius
3319 2413 3435 2476 per
3470 2395 3598 2459 duo
3628 2392 3765 2461 fere
3796 2396 4010 2463 secula

2439 2500 2584 2555 ante
2614 2491 2959 2555 eorundem
2991 2495 3398 2555 Deci-storum
3430 2491 3779 2558 editionem
3809 2494 4013 2575 publi·

2438 2606 2552 2653 cns
2592 2585 2801 2653 eunus
2826 2585 2945 2670 ipsi
2988 2585 3099 2650 Dei
3142 2593 3335 2652 Servo
3375 2588 3714 2669 praestitus
3758 2588 4006 2656 fuerat.

2438 2688 2641 2758 Quare
2682 2689 2822 2766 post
2850 2681 3091 2765 aliquot
3132 2702 3435 2749 annorum
3465 2684 3781 2750 silentium
3807 2730 3828 2760 ,
3869 2707 4014 2770 per-

2439 2778 2988 2847 crebrescentibus
3018 2777 3329 2862 religiosis
3355 2779 3805 2847 catbolicorum
3834 2785 4008 2847 Prin·

2440 2875 2647 2958 cipum
2666 2885 2733 2941 et
2757 2873 3133 2957 Populos-um
3157 2876 3337 2950 rotis,
3360 2877 3737 2943 instantibus
3753 2899 4019 2962 quoque>

2444 2971 2917 3054 quamplurimis
2945 2971 3272 3055 Episcopis
3312 2973 3726 3057 universoque
3767 2977 4010 3057 praedi·

2446 3075 2549 3133 cto
2576 3068 2807 3133 Ordine
2838 3075 3121 3133 Fratrum
3162 3069 3470 3134 Minorum
3500 3071 3696 3137 sancti
3735 3073 4012 3139 Francis-

2446 3166 2543 3240 ci,
2584 3174 2759 3232 Anno
2788 3167 3029 3231 Domini
3058 3173 3451 3232 unctxxv.
3481 3191 3518 3232 a
3549 3169 3660 3233 fel.
3703 3171 4007 3238 recordat.

2447 3263 2941 3330 Praederessore
2982 3263 3219 3347 pariter
3244 3273 3461 3332 nostro
3501 3268 3825 3342 Clemente
3853 3278 4011 3352 Papa

2452 3366 2529 3424 Χ.
2575 3360 2655 3426 de
2697 3362 2960 3426 consilio
2995 3359 3312 3444 praefatae
3355 3366 3868 3448 congregationis
3909 3373 4011 3432 Sa·

2451 3478 2699 3524 erorum
2744 3459 2993 3522 Rituum
3041 3459 3282 3542 signata
3323 3459 3443 3524 fuit
3483 3464 3859 3528 commissio
3898 3483 4017 3547 pro

2453 3555 2951 3636 reassumptione
2996 3559 3231 3619 Causae
3275 3556 3340 3618 in
3381 3565 3547 3621 statu
3589 3569 3655 3623 et
3682 3559 4013 3631 terminis,

2449 3672 2590 3719 oum
2630 3650 2927 3718 facultate
2957 3651 3019 3714 in
3064 3651 3285 3733 primis
3315 3661 3387 3717 et
3407 3663 3552 3718 ante
3595 3656 3798 3720 omnia
3826 3654 4017 3721 confl-

2445 3749 2645 3816 ciendi
2681 3755 3054 3814 processum
3083 3748 3524 3831 particularem
3547 3772 3734 3833 super
3760 3753 4014 3836 paritio³

2447 3864 2528 3911 ne
2553 3846 2837 3912 Decretis
2866 3846 3095 3911 Urbani
3138 3851 3340 3930 Papae
3372 3854 3531 3912 vm.
3562 3848 3640 3912 de
3672 3868 3794 3914 non
3837 3849 4008 3916 cultu

2446 3944 2666 4015 editis,
2696 3965 2807 4008 seu
2839 3964 3033 4026 super
3059 3963 3204 4008 casu
3233 3946 3314 4008 ab
3344 3946 3586 4009 eisdem
3619 3958 3914 4032 excepto,
3945 3957 4011 4013 et

2444 4047 2901 4124 consequenter
2937 4041 3018 4102 ab
3060 4040 3371 4123 Episcopo
3413 4044 3749 4108 oxomensi
3792 4045 4006 4129 vigore

2444 4138 2785 4202 Literarum
2816 4157 2852 4201 a
2878 4135 3195 4218 praedicta
3224 4137 3719 4223 congregatione
3749 4140 3870 4222 ipsi
3917 4141 4009 4204 di·

2443 4244 2753 4300 rectarum
2774 4231 3099 4299 coniectus
3124 4232 3247 4296 fuit
3266 4234 3624 4318 hujusmodi
3648 4244 4005 4312 Processus,

2443 4352 2516 4396 ac
2559 4332 2869 4398 sententia
2912 4329 3029 4395 rite
3073 4330 3313 4411 prolata
3346 4351 3536 4413 super
3574 4332 3749 4398 cultu
3793 4333 4003 4400 eidem

2445 4432 2629 4496 beato
2659 4429 2808 4493 viro
2835 4448 2871 4492 a
2902 4427 3260 4493 centenario
3290 4436 3580 4511 tempore
3608 4440 3673 4494 et
3704 4429 3865 4493 ultra
3898 4452 4005 4512 pu-

2449 4527 2613 4594 blice
2641 4525 2921 4590 exhibito
2946 4569 2966 4597 ,
3008 4544 3081 4588 ac
3112 4524 3368 4606 proinde
3398 4526 3479 4589 de
3508 4547 3652 4590 casu
3698 4546 3732 4589 a
3762 4527 4002 4610 praeia-

2447 4626 2531 4689 tis
2556 4621 2789 4689 Urbani
2822 4627 2977 4686 vlu.
3006 4620 3289 4686 Decretis
3316 4629 3601 4703 exceptoz
3632 4627 3828 4696 Quam
3864 4644 4004 4707 por-

2453 4743 2523 4787 ro
2554 4719 2926 4786 sententiam
2957 4718 3019 4779 in
3046 4718 3356 4801 praedicta
3385 4720 3875 4803 congregatione
3907 4728 4009 4785 Sa·

2450 4838 2695 4884 crorum
2744 4816 2988 4879 Rituum
3035 4814 3299 4878 revisam
3328 4819 3392 4878 et
3425 4814 3827 4896 approbatam
3872 4836 4000 4882 san.

2453 4935 2636 4980 mem.
2654 4912 3105 4977 praedecessor
3128 4911 3356 4992 pariter
3376 4920 3590 4974 noster
3610 4912 4010 4975 Innocentius

2453 5020 2611 5094 Papa
2638 5016 2738 5073 xl.
2763 5004 3114 5102 Apostolica
3142 5005 3511 5070 auctoritate
3530 5006 3918 5072 confirmavit
3944 5016 4010 5073 et

2452 5106 2809 5178 roboravit,
2854 5110 3114 5167 Decreto
3156 5103 3332 5167 edito
3366 5101 3471 5167 die
3513 5109 3695 5168 let.
3740 5105 4009 5190 Augusti

2453 5206 2611 5275 Auni
2638 5205 3130 5271 unccxxxm.

2556 5407 2601 5460 B
2643 5395 2990 5476 Approbeee‘o
3028 5396 3224 5451 culeus·
