4442 6300
995 487 1106 541 ιιι
2015 474 2238 543 scu
2268 473 2928 601 emotum-rioms

942 628 1622 697 nicolaus‘Franciscus
1652 628 1730 696 ds
1760 629 2085 771 Boubome
2125 630 2379 717 Episco-

1022 750 1142 813 pus
1173 730 1549 812 Carpasieu.

936 824 1288 891 Ludovicus
1316 826 1618 891 Antonius
1634 825 1920 897 Valdina,
1950 824 2105 890 oiim
2124 829 2377 892 cremo-
2492 870 2498 877 -

1022 943 1099 990 ua
1127 924 1465 1007 Episcopus
1491 922 2081 1004 Hermopolitauus·

851 1026 859 1033 ‘
938 1021 1262 1085 Fabricius
1290 1021 1514 1105 Borgia
1550 1023 1890 1105 Episcopus
1920 1019 2291 1086 Ferentium
2312 1067 2330 1083 .

934 1117 1313 1203 Hippolytus
1356 1138 1393 1182 e
1434 1119 1677 1183 Rubeis
1719 1125 1779 1182 S·
1800 1117 2091 1189 Secundi
2124 1118 2376 1201 Episco-

1016 1236 1137 1298 pus
1162 1211 1581 1299 senogallien.

925 1320 1000 1376 1).
1046 1313 1271 1378 Paulus
1320 1312 1594 1377 Thomas
1640 1310 1894 1378 namn
1922 1311 2372 1396 EpiscopusA-

1014 1409 1355 1474 sculanus.

930 1514 1025 1572 Fr.
1072 1508 1373 1573 silvester
1424 1505 1662 1573 Ueraui
1707 1506 2048 1625 Episcopus
2094 1505 2369 1592 Porphy-

1008 1604 1273 1669 riensis.

924 1701 1215 1767 Nicolaus
1243 1700 1635 1767 Manciuforti
1664 1702 2009 1786 Episcopus
2037 1700 2370 1766 Anconita-

1008 1819 1125 1864 nus
1151 1844 1166 1859 .

925 1898 1231 1959 Antonius
1260 1894 1519 1959 cantoni
1548 1893 1893 1975 Episcopus
1919 1892 2324 1958 Faventinus.

922 1993 1149 2059 Paulus
1183 1992 1480 2056 Donavisa
1513 1992 1864 2075 Episcopus
1890 1990 2284 2072 Spoletinus.

826 2110 847 2117 ’
924 2099 1155 2159 caesar
1183 2089 1468 2173 Bousiuti
1500 2088 1845 2171 Episcopus
1869 2088 2125 2153 Pharon.

925 2192 1155 2258 uarius
1185 2186 1391 2253 Maffei
1421 2187 1765 2269 Episcopus
1795 2184 2249 2269 Fulgimtensis
2269 2228 2287 2247 .

927 2289 1128 2356 Guido
1157 2282 1439 2351 Ursellus
1467 2284 1819 2369 Episcopus
1844 2283 2318 2349 Caesenateusis
2343 2328 2361 2345 .

921 2383 1307 2472 Hyacinthus
1334 2383 1412 2447 de
1443 2382 1762 2446 Silvestris
1791 2380 2134 2464 Episcopus
2158 2387 2364 2463 Nepe-

1004 2483 1178 2546 sinus
1205 2488 1268 2544 et
1298 2479 1623 2543 sutrinus·

917 2587 1045 2645 Leo
1074 2586 1267 2644 Lucas
1296 2577 1433 2641 vita
1463 2575 1817 2658 Episcopus
1840 2573 2149 2657 Oppiden.

920 2677 1199 2759 AEgidius
1230 2674 1536 2739 Antonius
1578 2672 1833 2738 Isabelli
1876 2671 2220 2795 Episcopus
2257 2669 2362 2735 Al·

870 2798 881 2805 *
1008 2773 1334 2854 lipbanus·

920 2875 1193 2933 loannes
1248 2866 1553 2933 Antonius
1616 2863 1962 2931 Bachetoui
2006 2865 2359 2948 Episcopus

1003 2966 1403 3049 Anagniuus.

918 3065 1279 3130 Francisous
1310 3061 1617 3126 Antonius
1642 3060 1887 3144 Spadea
1907 3058 2251 3144 Episcopus
2279 3064 2359 3122 A·

1005 3164 1229 3247 quinas
1259 3168 1323 3227 et
1352 3159 1819 3244 Fregellarum.

923 3259 1158 3343 loseph
1205 3258 1413 3324 Schiro
1467 3255 2007 3370 Arcbiepiscopus
2012 3253 2359 3319 Diri-hachi-

1001 3379 1117 3423 nus
1138 3403 1164 3433 ,
1213 3356 1320 3439 qui
1364 3354 1570 3438 patrio
1619 3355 1792 3437 prius
1811 3396 1832 3425 ‚
1881 3352 2115 3418 deiude
2162 3351 2358 3418 latino

956 3479 961 3486 ·
1002 3456 1300 3519 idiomate
1330 3451 1476 3516 tulit
1502 3449 1872 3533 suffragium
1897 3491 1914 3509 .

916 3553 1169 3638 Sergius
1197 3548 1529 3615 Alexandri
1566 3554 1876 3611 Armeuus
1924 3544 2357 3628 Archiepisco—

1001 3671 1117 3733 pus
1153 3642 1982 3727 caesareaecappadociae,
2013 3644 2121 3724 qui
2150 3643 2356 3726 patrio

1003 3746 1220 3831 prius,
1251 3744 1480 3809 deiude
1507 3742 1703 3807 latino
1729 3740 2038 3807 idiomate
2056 3737 2200 3807 tulit
2228 3740 2357 3806 suf·

997 3842 1289 3926 fragium.

917 3939 1262 4023 Stephanus
1291 3944 1677 4003 Assemanus
1715 3933 2238 4018 Arcbiepiscopus
2266 3941 2349 4044 A·

996 4054 1274 4119 pameae.

914 4132 1342 4201 Beruardinus
1366 4128 1513 4194 Vari
1540 4128 1882 4212 Episcopus
1928 4125 2234 4194 Civitatis
2256 4132 2367 4195 ca·

1004 4231 1310 4296 atellanae
1340 4237 1404 4293 et
1431 4233 1669 4291 Eortae
1687 4274 1703 4290 .
2210 4263 2219 4268 -

914 4335 1192 4394 loannes
1232 4323 1632 4389 Innocentius
1685 4322 2038 4407 Episcopus
2096 4327 2351 4407 Fagara-

1000 4424 1223 4491 sieusls
1249 4466 1271 4496 ,
1327 4421 1534 4505 patrio
1585 4420 1764 4502 prins
1784 4461 1805 4493 ,
1869 4420 2094 4485 deiude
2116 4445 2125 4450 ·
2149 4419 2352 4487 latino

996 4522 1294 4585 idiomate
1322 4517 1689 4600 suffragium
1718 4515 1954 4580 emisit.

910 4618 1253 4703 Pompeius
1285 4615 1706 4698 compaguoui
1754 4613 2102 4698 Episcopus
2160 4614 2355 4679 Auxi-

996 4735 1217 4780 mauus
1247 4723 1313 4776 et
1344 4711 1664 4796 cingulan.

913 4814 1188 4879 lacobus
1218 4808 1532 4923 Philippus
1561 4807 1815 4873 consoli
1867 4807 2219 4891 Episcopus
2270 4813 2350 4873 A·

993 4911 1295 4975 merinus.

913 5008 1223 5089 losephus
1253 5002 1523 5087 cuppola
1554 5004 1897 5085 Episcopus
1940 5003 2306 5085 Aquilanus.

914 5103 1150 5186 loseph
1183 5102 1260 5166 de
1288 5101 1527 5176 Rubeis
1555 5101 1906 5184 Episcopus
1938 5100 2347 5167 venafranus.

911 5201 1342 5285 Hieronymus·
1366 5196 1620 5261 Lorenzi
1652 5196 1998 5279 Episcopus
2040 5204 2346 5263 Acernen.

914 5301 1187 5362 Ioannes
1238 5293 1599 5358 Franciscus
1656 5287 1949 5357 cavalliui
2013 5295 2353 5380 Episcopus

997 5393 1334 5458 Alatrinus.

2615 631 2909 700 utcotms
2923 630 3119 697 ctum
3152 631 3497 716 Episcopus
3519 634 3852 699 Coranus?

2620 737 2895 795 loannes
2922 729 3227 796 Antonius
3255 729 3536 795 castelli
3563 729 3913 859 Episcopus
3942 731 4054 794 ca-

2694 826 3024 892 thareusis.

2610 924 2906 990 Nicotaus
2933 925 3131 989 Uaria
3159 922 3513 1010 calcagnini
3543 925 3895 1009 Episcopus
3942 921 4047 987 ci·

2523 1034 2532 1037 ·
2694 1021 2903 1087 vitatis
2929 1021 3201 1087 Ducalis.

2606 1121 3008 1184 Innocentius
3039 1118 3390 1228 Gorgonius
3414 1120 3764 1205 Episcopus
3791 1118 4048 1185 Pinnen-

2690 1225 2759 1280 οἳ
2784 1216 3079 1281 uadi-ten.

2608 1314 2725 1388 Qui
2758 1333 2982 1378 omues
3000 1313 3396 1379 concorditer
3415 1332 3554 1377 nen
3561 1311 3764 1379 solum
3791 1313 4050 1383 beatum

2478 1410 2820 1494 losephum
2866 1432 2904 1477 a
2954 1411 3243 1476 Leonissa
3293 1411 3456 1474 iuter
3509 1416 3766 1475 sanctos
3811 1410 4047 1491 merito

2479 1507 2892 1597 cooptandum
2924 1506 3231 1591 (sapienti
3261 1506 3823 1594 unusquisquemo
3843 1505 4051 1589 prola·

2479 1610 2546 1669 to
2588 1604 2882 1689 judicio)
2928 1605 3405 1679 existimarunt3
3455 1624 3674 1669 verum
3734 1603 3929 1669 etiam
3981 1609 4046 1668 et

2478 1702 2642 1782 apud
2706 1703 3104 1767 sanctitatem
3153 1709 3337 1766 Suam
3386 1704 3752 1767 reverenter
3804 1700 4049 1766 instite-

2479 1807 2645 1870 runt,
2667 1806 2734 1861 ut
2758 1798 2965 1863 eidem
2990 1801 3101 1863 nei
3125 1805 3318 1864 Servo
3347 1798 3656 1883 supremis
3679 1803 4046 1863 Sanctorum

2478 1895 2827 1962 honoribus
2877 1894 3143 1970 delatis,
3192 1916 3426 1962 novum
3471 1895 3538 1958 in
3581 1914 3662 1960 eo
3707 1902 4051 1979 augeretur

2481 1992 2826 2059 Ecclesiae.
2858 1993 3234 2077 praesidium
3290 2002 3356 2058 et
3404 2000 3839 2058 oruamentum
3865 2033 3887 2063 ,
3933 2010 4049 2059 no-

2379 2138 2388 2143 ,
2479 2106 2754 2172 rumque
2783 2089 3152 2156 admirabile
3177 2097 3244 2155 et
3271 2108 3525 2171 prorsus
3553 2087 3900 2152 inauditum
3927 2108 4049 2170 pro

2475 2186 2825 2251 animarem
2881 2186 3084 2251 salute
3142 2185 3458 2253 charitatis
3498 2194 3567 2250 et
3605 2184 4046 2269 propagandae

2477 2281 2816 2366 Religionis
2842 2282 3087 2348 ardoris
3117 2292 3182 2347 et
3215 2280 3601 2347 tortitudinis
3623 2283 3693 2344 in
3717 2280 3906 2347 *vinea
3927 2286 4049 2347 Do·

2473 2378 2623 2441 mini
2652 2379 3087 2444 laborantibus
3114 2378 3517 2444 exhiberetur
3543 2378 3904 2460 exemplum
3925 2420 3943 2438 .

2530 2552 2539 2560 ⁵
2605 2482 2899 2543 summus
2928 2475 3215 2543 Pontifex
3255 2475 3571 2560 suffragiis
3610 2475 3903 2540 omuibus
3932 2474 4046 2539 ab·

2473 2573 2724 2648 solutis,
2741 2596 2886 2641 cum
2913 2575 3138 2639 libenti
3164 2573 3463 2656 laetoque
3491 2573 3695 2637 auimo
3724 2571 4045 2655 percepis-

2471 2680 2570 2737 set
2598 2671 3072 2737 veuerahilium
3091 2678 3382 2737 Fratrum
3408 2671 3756 2736 sententias
3792 2677 3859 2734 et
3904 2691 4043 2752 pre·

2476 2789 2586 2835 ces
2609 2813 2631 2844 ,
2663 2771 2834 2836 idem
2867 2791 2901 2834 a
2937 2770 3008 2836 se
3035 2772 3426 2853 exposcere,
3452 2768 3619 2851 qued
3647 2779 3709 2834 et
3741 2768 3878 2850 ipse
3901 2769 4036 2851 iam

2475 2868 2579 2932 diu
2625 2867 3033 2933 vehementer
3074 2875 3437 2951 optaverat,
3480 2866 3740 2931 eosdem
3772 2872 4042 2933 Venera-

2469 2965 2637 3032 biles
2687 2971 2931 3031 Fratres
2977 2965 3212 3031 iterum
3259 2962 3572 3029 allocutus·
3607 2962 4041 3031 moestuosos
4106 2995 4111 3000 ·

2466 3085 2612 3130 esse
2641 3061 2842 3129 voluit
2859 3063 2933 3125 in
2962 3061 3250 3146 sequenti
3293 3069 3362 3127 et
3400 3060 3627 3125 ultimo
3651 3059 4038 3129 consistorio

2469 3162 2538 3225 iu
2580 3165 2844 3226 cauum
2891 3158 4036 3236 canonizationis-beataecathariuae

2468 3260 2550 3324 de
2584 3259 2812 3324 Ricciis
2839 3257 3129 3323 hahendo
3157 3258 3531 3321 indictorum
3565 3273 3635 3321 se
3661 3256 3834 3322 dictu
3856 3301 3879 3333 ,
3907 3275 4034 3339 qua

2470 3354 2781 3422 celebrari
2837 3354 3150 3419 deberent
3192 3353 3493 3418 solemnia
3533 3352 4033 3420 canonizationis

2464 3458 2600 3515 tum
2633 3451 2930 3537 praedicti
2958 3451 3128 3516 beati
3161 3450 3420 3534 Josephi
3445 3470 3481 3514 a
3503 3450 3819 3525 Leonissa,
3841 3463 4031 3533 qnam

2468 3549 2733 3614 aliorum
2766 3550 3093 3612 beatorum
3129 3539 3359 3613 Fidelis
3386 3563 3615 3628 nempe
3637 3566 3672 3611 a
3693 3547 4032 3631 Sigmariu·

2425 3641 2430 3644 ’
2463 3664 2583 3731 ga,
2614 3646 2854 3710 Camilli
2882 3645 2961 3712 de
2992 3645 3184 3710 Lellis
3213 3653 3278 3710 et
3306 3644 3472 3709 Petri
3501 3644 3825 3729 Regalati,
3869 3664 4032 3727 quos

2435 3789 2442 3798 ι
2465 3745 2601 3829 ipse
2620 3742 2977 3828 nuperrime
2999 3763 3062 3806 m
3073 3742 3434 3826 praeteritis
3463 3741 3866 3807 condatoriis
3883 3748 4034 3808 ssu-

2463 3851 2716 3908 ctorum
2754 3841 3010 3907 nomine
3038 3850 3104 3906 et
3131 3840 3304 3905 cultu
3353 3840 3674 3906 &nendos
3697 3838 3839 3906 Aris
3867 3839 4034 3906 desi·

2506 3945 2797 4005 navent.

2464 3959 2503 4026 Β
2591 4034 3028 4101 sanctissimus
3051 4032 3355 4100 Dominus
3373 4030 3543 4099 facto
3560 4031 3859 4116 loquendi
3878 4032 4031 4108 fine,

2460 4131 2674 4199 finem
2702 4154 2953 4217 quoque
3000 4121 3465 4197 consistorialis
3507 4129 3659 4196 fecit
3704 4132 4027 4209 Aetioniss

2463 4233 2573 4298 sed
2606 4232 2967 4315 priusquam
2991 4228 3296 4296 Sanctitas
3315 4236 3435 4294 sua
3454 4236 3522 4295 et
3539 4228 4027 4308 Eminentissimi

2466 4334 2683 4393 Patres
2711 4331 3157 4411 consurgerent
3175 4368 3198 4400 ,
3228 4331 3295 4391 et
3323 4345 3358 4387 e
3387 4328 3703 4390 conventu
3745 4325 4027 4391 discede-

2461 4433 2645 4500 rent,
2688 4430 3061 4490 Procurator
3099 4421 3424 4488 Generalis
3473 4423 3876 4487 Reverendae
3919 4427 4028 4489 ca·

2462 4542 2676 4590 merae
2718 4517 3112 4604 Apostolicae
3137 4520 3384 4604 rogavit
3403 4522 3530 4583 Nos
3554 4519 4024 4587 protonotarios

2463 4619 2847 4685 Consistorio
2890 4625 3299 4701 praesentes,
3341 4624 3424 4679 nt·
3452 4616 3533 4680 de
3576 4616 3956 4699 praehabitis
3986 4637 4025 4684 a

2465 4716 2868 4781 sanctissimo
2911 4715 3177 4779 Domino
3220 4713 3767 4788 Allocutionibus,
3811 4716 4022 4799 deque

2460 4812 2756 4886 consilio,
2787 4810 3135 4883 sententiis,
3162 4810 3573 4893 unanimique
3595 4819 3846 4877 Patrem
3879 4833 4026 4879 con-

2467 4930 2656 4976 sensu
2702 4930 2817 4992 pro
2858 4909 3124 4974 soiemui
3156 4909 3324 4973 beati
3357 4908 3612 4990 Iosephi
3654 4930 3694 4974 a
3726 4911 4023 4978 leonissa

2464 5007 2940 5070 Canonizatione
2985 5004 3065 5070 ad
3110 5012 3473 5096 perpetuam
3517 5006 3608 5069 rei
3653 5007 4022 5074 memoriam

2467 5123 2662 5167 uuum
2691 5102 2793 5167 vei
2821 5101 2999 5187 plura
3017 5131 3040 5174 ς
3068 5100 3395 5183 publicum
3441 5117 3568 5165 seu‘
3593 5101 3846 5183 publica
3871 5147 3894 5178 ‚
3925 5110 4025 5168 In-

2464 5207 2874 5265 strumentum
2899 5197 3012 5263 vei
3032 5205 3450 5263 Instrumenta
3477 5197 3927 5267 conficeremus
3948 5248 3966 5266 .

2592 5297 2682 5360 Ad
2714 5296 3077 5381 hujusmodi
3097 5294 3361 5378 praefati
3383 5298 3808 5377 procuratoris
3823 5304 4022 5364 (hue-

2458 5392 2610 5458 ralis
2637 5402 2709 5458 R.
2741 5398 2804 5457 c.
2841 5399 2911 5456 Α.
2939 5393 3295 5459 instantiam
3307 5389 3662 5460 :confestim
3687 5399 3820 5480 Ego
3841 5401 4024 5464 Fran-
