4442 6300
1417 446 1763 514 ormont
1832 445 2301 500 ammonem
2368 448 2534 500 erc.
3339 458 3411 509 93

359 594 477 657 bns
503 592 565 655 in
598 610 714 657 sno
739 594 1005 654 Decreto
1046 587 1345 672 loquutus
1373 589 1577 653 fuerat
1600 633 1621 658 .
1666 568 1926 654 minime*
2030 589 2156 655 lem
2203 590 2447 672 spirans
2470 633 2489 659 ,
2516 590 2726 672 eoepit
2768 591 2997 655 eximia
3026 591 3275 661 futurae
3306 603 3593 666 sanctita-

354 688 800 770 comprehendi
841 688 1239 769 amplissime
1291 686 1633 752 declaravit
1673 688 1779 753 die
1823 708 1918 751 se·

355 788 551 854 cunda
582 787 843 868 Augusti
878 784 1162 868 ejusdem
1193 786 1359 849 anni.
1415 816 1436 838 ·

481 913 505 939 ο
558 890 708 947 Cum
763 884 974 964 itaque
1027 883 1268 945 duobus
1316 880 1616 962 praefatis
1660 880 1914 943 miracu·

348 981 427 1046 lis
469 979 867 1062 Apostolicae
907 978 1401 1043 confirmationis
1445 973 1672 1041 fuisset
1716 979 1918 1040 robur

350 1079 739 1164 adjunctum,
783 1085 847 1139 et
881 1078 941 1138 in
973 1075 1245 1161 generali
1279 1077 1524 1140 Rituutn
1572 1081 1915 1156 Congrege-

351 1178 514 1242 tione
547 1175 756 1238 habita
788 1195 1000 1239 coram
1033 1174 1371 1238 Sanctitate
1416 1178 1533 1236 Sua
1563 1173 1669 1234 die
1699 1171 1920 1252 vigesi-

350 1295 450 1338 ma
495 1273 769 1337 secunda
828 1270 1214 1351 Septembris
1258 1271 1398 1331 anui
1448 1267 1766 1337 millesimi
1821 1289 1915 1330 se·

347 1369 809 1455 ptingentesimi
854 1368 1315 1450 quadragesimi
1363 1369 1564 1448 quarti
1596 1367 1675 1430 ab
1719 1366 1916 1429 omni·

352 1473 467 1534 bus
493 1469 780 1533 Patribus
810 1466 1086 1531 unanimi
1121 1486 1305 1530 sensu
1338 1466 1742 1537 affirmatum,
1777 1472 1910 1529 tuto

345 1588 528 1652 posse
571 1568 824 1630 beatum
853 1571 1102 1628 Petrum
1151 1564 1515 1644 lte-galatum
1552 1564 1613 1625 in
1658 1569 1911 1628 Sat-cto-

345 1685 479 1729 rum
512 1683 780 1728 numero
807 1662 1143 1725 recensetis
1178 1668 1320 1739 post
1347 1663 1581 1726 effusas
1603 1663 1678 1723 ad
1712 1667 1905 1722 Deum

343 1762 637 1844 plurimas
680 1778 944 1841 preces,
998 1767 1057 1823 et
1105 1760 1501 1841 imploratam
1551 1760 1614 1820 in
1659 1778 1728 1822 re
1779 1766 1906 1820 tam

343 1861 542 1944 gravis
571 1858 873 1921 momenti
914 1857 1207 1922 caelestis
1250 1858 1509 1923 luminis
1538 1878 1719 1939 opem
1744 1900 1766 1929 ‚
1810 1856 1911 1919 die

340 1958 592 2020 tandem
625 1960 800 2018 sexta
833 1955 1124 2017 Octobris
1153 1955 1438 2038 ejusdem
1482 1954 1625 2016 anni
1655 1958 1905 2017 beatum

343 2054 634 2119 eumdem
666 2058 918 2114 Petrum
939 2052 1308 2134 Regalatum
1338 2060 1695 2116 Sanctorum
1729 2050 1910 2114 fastis

344 2150 616 2216 adscribi
646 2169 833 2231 posse
865 2148 1115 2231 pinblice
1149 2150 1509 2214 declaravit.
1544 2156 1672 2214 Hoc
1701 2159 1905 2210 autem

341 2260 407 2313 ut
430 2248 581 2321 fiat,
610 2246 961 2310 Catholicae
992 2249 1430 2328 Hispaniarum
1468 2247 1759 2311 Familiae
1793 2254 1909 2310 Re-

340 2369 483 2431 ges.
528 2356 595 2411 et
635 2344 962 2408 universus
1002 2344 1310 2409 minorum
1357 2346 1554 2410 sancti
1601 2344 1903 2409 Francisci

341 2445 504 2509 Ordo
523 2461 750 2525 preces
771 2442 850 2505 ah
869 2440 1050 2506 initio
1066 2462 1291 2507 causae
1314 2449 1573 2507 Sanctae
1597 2443 1737 2507 Sedi
1764 2462 1906 2524 por·

339 2550 539 2609 rectas
568 2549 635 2605 et
662 2537 1068 2612 confirmant,
1095 2549 1161 2604 et
1188 2548 1438 2622 au'gent.
1492 2569 1515 2595 ·

863 2736 1372 2837 comet-{mnu

341 2931 558 2999 vitae,
602 2927 945 2996 virtutum,
1004 2934 1070 2991 et
1115 2927 1600 2999 uinculorum,
1657 2947 1900 2992 necnon

419 3035 714 3091 Actorum
765 3022 829 3083 in
878 3027 1076 3087 Causa
1123 3025 1617 3090 canonizationis
1667 3031 1900 3089 ΒΕΑΊΊ

418 3128 734 3190 Jossst’ffl
790 3142 825 3183 a
871 3122 1163 3188 Leonissa
1214 3125 1572 3190 Sacerdotis
1630 3122 1898 3188 professi

416 3223 668 3290 Ordinis
694 3223 1005 3287 Hinorum
1044 3222 1239 3288 sancti
1273 3222 1574 3287 Francisci
1607 3223 1898 3305 capucci-

417 3341 661 3408 norum.

383 3521 487 3581 Ex
518 3518 921 3580 monumentis
965 3516 1188 3574 Sacrae
1228 3513 1474 3576 Rittium
1520 3518 1857 3592 Congrege-

1007 3615 1234 3672 tionis..

469 3842 492 3865 ·
540 3811 826 3874 losum
855 3804 921 3866 in
953 3805 1330 3887 Baptismate
1353 3817 1746 3888 nuncupatus
1775 3812 1896 3870 Eu-

341 3909 656 3994 phanias.
677 3903 1004 3968 Leonissae
1028 3902 1267 3984 Aprutii
1299 3904 1544 3984 Oppido
1576 3924 1696 3968 non
1725 3906 1894 3988 igno-

331 4006 443 4070 bili
475 4013 662 4068 natus
697 4021 857 4064 anno
885 4000 1133 4063 Domini
1164 4000 1499 4064 millesimo
1528 4003 1896 4084 quingente-

336 4107 499 4170 simo
529 4098 1049 4184 quinquagesimo
1079 4106 1298 4167 sexto.
1331 4097 1531 4179 pridie
1565 4118 1753 4160 nonas
1796 4104 1893 4161 la-

329 4201 572 4272 nuarii‚
616 4202 853 4261 Ioanne
880 4194 959 4258 de
990 4194 1325 4258 desideriis
1358 4202 1422 4258 et
1453 4196 1774 4256 Francisca
1812 4196 1892 4258 de

330 4297 599 4363 Paulinis
663 4290 953 4372 ingenuis
1009 4288 1415 4372 honestisque
1482 4283 1846 4372 parentibus
1868 4334 1889 4362 ,

329 4414 515 4480 quam
550 4388 905 4456 sublimiter
921 4384 1161 4450 electus
1184 4386 1406 4449 fuisset
1434 4387 1497 4447 in
1519 4397 1751 4466 sortem
1775 4393 1892 4451 Do·

328 4491 474 4556 mini
500 4535 521 4561 ,
566 4486 866 4569 singulari
898 4483 1107 4546 eidem
1152 4481 1461 4547 collocato
1488 4485 1567 4546 ab
1598 4483 1757 4566 ipsis
1799 4484 1892 4545 in-

328 4588 662 4659 cunabulis
706 4582 1053 4654 beneficio,
1094 4581 1391 4646 divinitus
1430 4580 1888 4646 manitestatum

326 4689 465 4754 fuit.
496 4692 651 4749 Cum
685 4683 850 4747 enim
882 4699 1095 4763 pamm
1128 4679 1479 4751 abfuisset,
1510 4680 1658 4761 quin
1686 4679 1889 4745 adhuc

321 4789 563 4854 lactens
594 4805 631 4847 a
670 4790 872 4845 matre
901 4778 1250 4841 dormiente
1282 4776 1525 4842 incaute
1553 4778 1887 4842 suffocare·

327 4898 427 4953 tur
468 4887 535 4947 in
579 4881 786 4951 lecto,
831 4897 905 4941 ea
949 4875 1119 4956 gravi
1162 4874 1376 4956 alapae
1416 4875 1542 4939 ictu
1585 4876 1884 4940 invisibili

322 5005 502 5048 manu
534 4995 827 5065 percussa
848 5019 867 5044 ‚
910 4983 978 5037 et
1005 4994 1039 5036 a
1070 4992 1292 5037 somno
1320 4981 1679 5054 experrecta
1704 5017 1724 5044 ‚
1768 4975 1884 5037 im-

329 5079 625 5148 minentis
668 5072 892 5138 mortis
938 5070 1226 5153 periculo
1266 5079 1517 5152 ereptus
1561 5079 1678 5134 est.
1726 5080 1887 5138 Puer

2030 688 2110 751 tis
2142 686 2366 750 indicia
2396 686 2806 768 praeseferre.
2840 690 2933 752 Ab
2963 690 3040 753 iis
3072 693 3380 774 siquidem
3415 700 3592 764 oble-

2026 785 2378 855 ctamentis.
2401 785 2629 867 quibus
2653 794 2825 851 actas
2855 789 3113 868 puerilis
3142 793 3282 857 duci
3318 799 3590 861 maxime

2028 882 2235 953 solet,
2261 883 2816 947 vehementissime
2857 886 3240 961 abhorrens,
3290 893 3370 958 de
3418 899 3586 962 nulla

2026 979 2145 1043 alia
2187 999 2258 1043 re
2312 980 2509 1061 magis
2553 976 3030 1056 delectabatur,
3073 1008 3257 1068 quam
3308 992 3385 1054 de
3437 994 3589 1057 iuvi·

2026 1076 2238 1139 sendis
2267 1075 2631 1157 frequenter
2660 1077 2984 1149 Ecclesiis‚
3017 1092 3083 1145 et
3112 1084 3412 1163 singulari
3440 1113 3586 1172 qua-

2025 1173 2379 1236 dam-animi
2409 1174 2872 1257 voluptatejam
2910 1187 3035 1240 tum
3057 1184 3336 1248 sedulam
3362 1192 3588 1256 oratio-

2026 1270 2121 1334 nis
2167 1271 2373 1336 studio
2428 1293 2682 1353 operam
2727 1274 3173 1355 impendebat.
3228 1284 3344 1344 Vix
3391 1308 3589 1354 annos

2024 1378 2267 1449 septem
2301 1377 2519 1435 natus..
2565 1389 2704 1433 cum
2751 1372 2908 1435 miro
2953 1377 3225 1455 quodam
3260 1400 3476 1446 amore
3509 1389 3589 1450 si-

2022 1464 2235 1535 lentii,
2280 1466 2629 1530 incredibili
2667 1488 2815 1551 erga
2846 1470 3065 1551 inopes
3111 1477 3542 1550 misericordia
3567 1531 3587 1560 ‚

2022 1571 2089 1626 et
2118 1570 2419 1643 perpetua
2443 1566 2730 1644 quadam,
2763 1567 3009 1649 sibique
3033 1591 3285 1657 semper
3304 1590 3587 1647 constan·

2025 1660 2069 1723 ti
2098 1680 2341 1723 mortim
2373 1660 2676 1725 suavitate
2704 1670 2768 1724 et
2796 1666 3094 1746 gravitate
3121 1680 3593 1744 commendare-

2025 1768 2165 1827 tur,
2197 1750 2427 1820 ῑιιιιιῒη
2454 1778 2651 1837 puero
2679 1760 2863 1841 plane
2893 1763 3247 1832 mirandum
3271 1814 3291 1843 ‚
3324 1779 3493 1854 quod
3525 1781 3588 1842 in

2021 1856 2371 1937 pervigiliis
2394 1857 2794 1924 beatissimae
2828 1863 2932 1923 nei
2967 1865 3327 1938 Genitricis.
3361 1883 3423 1936 et
3452 1896 3590 1940 sex-

2022 1955 2105 2016 tis
2147 1954 2507 2035 quibusque
2552 1955 2730 2019 feriis
2772 1966 2900 2020 tam
2944 1961 3213 2043 rigidum
3260 1968 3383 2031 sibi
3428 1972 3590 2056 jeju-

2021 2050 2187 2113 nium
2216 2051 2481 2122 indixit,
2528 2062 2592 2115 ut
2641 2053 2778 2117 solo
2807 2075 2964 2135 pane
3005 2066 3071 2121 et
3100 2082 3260 2144 aqua
3300 2067 3484 2134 vtum
3515 2072 3586 2136 15.

2021 2147 2387 2212 beutissime
2405 2147 2730 2214 toleraret.
2754 2154 3057 2218 Grandior
3075 2169 3292 2239 postea
3318 2177 3461 2231 natu
3490 2169 3582 2234 fa·

2016 2255 2197 2316 ctus,
2240 2245 2599 2326 castigatior
2638 2254 2830 2311 etiam
2877 2251 2939 2311 in
2973 2252 3106 2319 dies
3150 2263 3346 2326 evasit
3392 2274 3583 2347 atque

2017 2338 2377 2421 perfectior.
2423 2347 2573 2405 Cum
2604 2346 2775 2407 enim
2815 2346 2879 2409 in
2907 2351 3279 2419 Societatem
3310 2366 3581 2429 Sanctis-

2016 2438 2154 2501 simi
2200 2438 2536 2502 salvatoris
2579 2442 2857 2508 dedisset
2887 2465 3158 2524 nomen,
3204 2473 3324 2518 non
3369 2459 3574 2526 solum
3642 2478 3655 2487 “

2012 2556 2240 2618 corpus
2267 2536 2538 2617 flagellis
2571 2541 2782 2622 coepit
2818 2544 3046 2607 acriter
3073 2551 3340 2618 caedere
3361 2599 3381 2627 ‚
3426 2560 3579 2622 divi-

2011 2634 2107 2697 nis
2161 2653 2305 2697 sese
2362 2635 2754 2716 frequentius
2812 2646 3230 2710 sacramentis
3288 2658 3532 2722 munire
3558 2707 3575 2731 ,

2012 2730 2278 2812 aliisque
2334 2731 2672 2797 christiano
2731 2734 2979 2801 homine
3022 2740 3228 2824 dignis
3285 2754 3578 2831 operibus

2014 2827 2361 2909 impensius
2387 2828 2778 2899 incumbere.
2810 2834 2921 2896 sed
2945 2836 3134 2900 etiam
3167 2840 3387 2925 (quod
3421 2849 3481 2912 in
3500 2875 3575 2916 ea

2010 2932 2212 2989 aetate
2248 2925 2656 2990 admiratione
2697 2928 3129 3012 dignissimum
3161 2942 3308 3028 est)
3349 2964 3576 3030 aequa-

2010 3020 2105 3119 leg
2149 3043 2339 3091 suos.
2385 3043 2508 3102 qua
2552 3031 2838 3103 poterat,
2882 3029 2959 3091 ad
3003 3033 3255 3112 pietatis
3298 3046 3570 3112 studium

2010 3119 2268 3190 hortari,
2296 3126 2359 3184 et
2385 3136 2501 3200 pro
2530 3121 2768 3186 viribus
2799 3126 3083 3201 suadere,
3116 3141 3185 3196 ut
3211 3149 3572 3213 coercendi,

2011 3218 2218 3298 pravis
2246 3220 2437 3281 animi
2470 3219 2915 3299 cupiditatibus
2945 3227 3151 3307 primo
3169 3239 3452 3319 tempos-0
3479 3266 3577 3311 ἃς.

2009 3324 2372 3380 suescerent
2394 3358 2415 3384 ,
2446 3323 2511 3378 et
2537 3336 2572 3379 a
2600 3316 2850 3383 choreis
2879 3330 3243 3404 praesertim
3263 3377 3282 3402 ‚
3312 3343 3572 3404 cenef-5⁸-

2007 3433 2127 3494 que
2171 3412 2313 3493 ejus
2371 3413 2620 3494 generis
2662 3416 3183 3494 oblectamentis,
3229 3433 3458 3510 quibus
3506 3440 3567 3503 in

2005 3529 2322 3573 summum
2351 3507 2694 3589 periculum
2724 3514 3051 3581 adducitur
3078 3523 3366 3607 spiritus,
3411 3541 3569 3600 tem-

2010 3614 2315 3689 perarent.
2370 3625 2393 3659 ιε

2142 3736 2163 3759 .
2211 3705 2581 3769 Parentibus
2627 3726 2661 3765 e
2706 3707 2830 3772 vlta
2875 3714 3170 3784 sublatis.
3217 3723 3564 3794 viterbium

2008 3801 2360 3885 profectus,
2403 3810 2473 3865 ut
2500 3806 2665 3882 apud
2697 3813 3025 3883 Patruum,
3057 3817 3165 3894 qui
3197 3818 3261 3879 in
3290 3841 3362 3884 ea
3408 3825 3564 3889 civi.

2004 3905 2130 3963 tate
2176 3919 2394 3982 magna
2439 3920 2581 3963 cum
2617 3900 2805 3966 laude
2833 3907 3088 3986 publico
3119 3911 3382 3981 docendi
3428 3943 3565 3988 mu·

2006 4017 2153 4061 nere
2183 3994 2601 4074 fungebatur,
2647 3999 3021 4069 liberalibus
3051 4008 3395 4095 disciplinis
3436 4024 3571 4083 ani-

2004 4115 2171 4157 mum
2203 4094 2486 4166 coleret,
2530 4093 2877 4161 litterarum
2924 4105 3194 4170 studium
3238 4132 3377 4175 cum
3422 4119 3562 4181 reli·

2001 4194 2183 4275 ginno
2205 4235 2227 4263 ,
2261 4194 2512 4272 pietate,
2543 4194 2898 4261 innocentia
2928 4211 3102 4267 arcte
3131 4207 3289 4272 adeo
3314 4216 3567 4297 copula-

1997 4289 2124 4360 vit,
2167 4296 2235 4351 ut
2260 4292 2339 4351 ab
2371 4310 2449 4353 eo
2488 4290 2868 4356 uberrimum
2915 4298 3202 4365 retulerit
3241 4305 3559 4385 fructum,

2002 4386 2096 4449 bis
2124 4405 2273 4449 vero
2305 4385 2774 4451 admirationem
2807 4392 2868 4451 in
2900 4397 3196 4465 omnihus
3235 4407 3558 4472 excitaret.

1999 4485 2420 4548 castimoniae
2470 4492 2532 4546 et
2562 4486 2914 4566 pudicitiae
2963 4514 3042 4555 eo
3100 4517 3296 4580 usqne
3346 4526 3562 4572 aman,-

1999 4581 2157 4651 tuit,
2187 4588 2290 4650 ut,
2323 4600 2464 4643 cum
2497 4580 2661 4644 idern
2694 4590 2949 4648 Patruus
2977 4589 3562 4669 honestissimarum

1999 4679 2352 4759 nuptiarum
2396 4697 2536 4740 cum
2579 4680 2871 4759 opulenta
2897 4729 2917 4757 ‚
2960 4705 3030 4751 ac
3077 4693 3272 4756 nobili
3328 4720 3560 4780 genere

2004 4784 2143 4841 nata
2173 4776 2412 4855 virgine
2446 4776 2563 4856 ipsi
2593 4777 3078 4850 molestissimus
3108 4801 3274 4855 esset
3307 4807 3560 4873 auctor,

1997 4890 2118 4935 non
2149 4873 2337 4934 modo
2358 4891 2467 4935 eas
2488 4876 2993 4944 constantissime
3027 4887 3392 4965 repudiarit,
3423 4917 3560 4976 per-

1995 4979 2178 5052 petua
2239 4976 2367 5032 Deo
2407 4979 2547 5033 vota
2590 4971 2981 5055 virginitate,
3027 4982 3138 5044 sed
3183 5006 3260 5050 eo
3302 5003 3559 5075 urgento

1990 5078 2178 5152 atque
2207 5064 2587 5133 sollicitante
2610 5114 2630 5143 ‚
2663 5082 2899 5135 tantum
2929 5075 3118 5142 fuerit
3145 5084 3349 5151 animo
3390 5111 3559 5155 com-

320 5201 491 5249 vero,
518 5174 626 5240 ubi
657 5171 926 5256 primum
958 5187 1074 5251 per
1089 5175 1357 5231 aetatem
1389 5168 1587 5239 licuit,
1616 5169 1879 5234 honeste
1993 5175 2202 5232 motus
2236 5185 2309 5230 ac
2338 5170 2742 5247 perturbatus
2763 5212 2783 5241 ,
2814 5182 2885 5235 nt
2914 5172 3131 5255 iniquo
3160 5184 3384 5247 morbo
3420 5208 3557 5252 cor.

322 5299 355 5342 a
396 5271 759 5362 parentibus
809 5266 1174 5338 institutus,
1219 5275 1282 5328 et
1330 5264 1504 5329 vultu
1559 5267 1879 5347 totiusque
1993 5272 2250 5348 remus,
2294 5284 2373 5328 eo
2415 5264 2476 5326 in
2519 5267 2655 5330 dies
2681 5267 3182 5348 ingravescente,
3226 5284 3454 5345 reveni
3494 5287 3556 5349 ᾗ,

316 5374 597 5460 corporis
613 5366 1106 5434 conformatione
1121 5363 1460 5429 caelestem
1488 5362 1670 5448 plane
1693 5365 1872 5429 indo·
1991 5362 2260 5426 Patriam
2289 5369 2544 5428 coactus
2574 5363 2676 5428 sit.
2712 5365 2802 5427 tbi
2836 5368 3005 5430 omni
3038 5371 3268 5437 timore
3300 5397 3552 5458 vacuus,

654 5497 867 5540 enno.
907 5493 1023 5533 xlv.
1063 5492 1214 5532 rou.
1251 5480 1382 5529 vn.

3233 5492 3300 5542 13
