4442 6300
3461 574 3556 619 vn

554 736 707 808 Rex
752 731 870 808 ille
907 748 1192 809 secutus
1229 748 1335 806 est
1364 787 1385 823 ‚
1443 735 1795 807 rationem
1862 735 2206 806 tenuisses
2235 784 2257 820 ,
2296 744 2380 802 ut
2418 725 2729 801 oblatam
2800 727 2929 802 tibi
2991 724 3566 831 appellationem
3627 749 3766 827 pro

545 866 952 940 Christiana
991 867 1207 939 animi
1246 867 1352 938 tui
1399 863 1822 939 demissione
1859 865 2419 937 constantissime
2457 858 2990 961 deprecareris.
3026 860 3158 932 Est
3199 856 3392 931 enim
3443 855 3577 929 viri
3617 853 3764 927 hu-

550 1024 764 1072 mano
799 996 1079 1101 fastigio
1113 995 1433 1072 celsioris
1475 999 1822 1074 virtutem
1858 1000 1957 1070 ita
1992 993 2292 1098 diligere
2322 1045 2342 1081 ‚
2377 1005 2464 1063 ut
2500 994 2576 1064 in
2612 1016 2695 1064 ea
2730 987 3121 1064 excolenda
3175 991 3498 1062 intimam
3542 988 3766 1089 ipsius

555 1132 1012 1204 honestatem
1046 1188 1066 1220 ‚
1127 1157 1282 1204 non
1318 1132 1581 1205 extima
1629 1127 1981 1233 ejusdem‘
2007 1141 2436 1202 ornamenta
2491 1126 2821 1225 requirat
2850 1180 2865 1195 .
2928 1124 3086 1197 Hoc
3148 1116 3761 1199 BENEDPCTUS

556 1263 752 1336 XIV.
788 1287 958 1336 cum
992 1265 1347 1364 cogitaret
1375 1317 1395 1353 ,
1447 1263 1990 1366 responsionem
2027 1257 2426 1332 antevertit
2465 1269 2696 1328 tuam.
2731 1255 3052 1331 Noverat
3101 1255 3381 1355 quippe
3418 1246 3764 1324 Pontifex

548 1393 1145 1495 sapientissimus,
1186 1393 1266 1466 iis
1307 1394 1747 1496 potissimum
1809 1390 2126 1465 honores
2192 1385 2627 1461 tribuendos
2657 1443 2676 1476 ‚
2734 1387 2810 1459 in
2869 1386 3135 1489 quibus
3194 1400 3272 1459 et
3330 1386 3762 1457 meritorum

547 1523 862 1627 dignitas
895 1526 1210 1598 emineat
1241 1580 1261 1615 ,
1297 1538 1374 1598 et
1409 1522 1753 1597 modestia
1790 1521 1882 1598 ab
1920 1520 2327 1595 honoribus
2364 1518 2701 1623 optandis
2737 1517 3073 1623 refugiat.

706 1655 974 1728 Merito
1012 1656 1236 1757 igitur
1269 1652 1776 1759 amplissimum
1816 1653 2016 1727 hunc
2049 1652 2636 1729 FIDELISSIMI
2696 1651 2987 1726 REGIS
3041 1649 3339 1724 titulum
3393 1649 3761 1723 Lusitania

549 1801 797 1860 nostra
830 1811 921 1861 eo
959 1785 1217 1889 majori
1254 1786 1423 1861 Tibi
1455 1784 1721 1890 gaudio
1755 1782 2170 1889 gratulatur
2194 1839 2215 1875 ‚
2246 1810 2399 1888 quo
2433 1787 2725 1888 potiore
2764 1787 2910 1888 ipsa
2950 1782 3115 1887 jure
3152 1781 3488 1857 eumdem
3527 1779 3620 1856 ad
3682 1797 3757 1853 te

554 1920 933 2020 pertinere
993 1921 1409 2022 cognoscit.
1457 1921 1517 1992 Ii
1574 1892 1855 2023 quippe
1913 1918 2234 1992 honores
2291 1919 2596 1990 caeteris
2656 1914 3123 1991 anteferendi
3182 1930 3403 2004 sunt,
3439 1914 3568 2016 qui
3609 1914 3761 1986 non

550 2048 826 2123 aulicae
862 2048 1299 2141 adulationi,
1330 2049 1454 2125 sed
1495 2077 1707 2127 verae
1748 2053 1997 2126 virtuti
2027 2104 2047 2141 ,
2085 2073 2239 2123 non
2274 2046 2657 2122 eblanditis
2690 2047 3043 2150 suffragiis
3068 2102 3090 2139 ‚
3124 2045 3251 2122 sed
3288 2046 3508 2120 rebus
3542 2038 3763 2148 prae-

555 2179 751 2256 clare
786 2184 1000 2284 gestis
1027 2236 1048 2272 ‚
1086 2208 1239 2256 non
1284 2183 1623 2286 precibus
1647 2239 1669 2275 ‚
1706 2181 1831 2257 sed
1859 2185 2101 2256 animo
2138 2185 2332 2254 intra
2370 2178 2749 2255 fortunam
2785 2206 2981 2255 suam
3021 2206 3095 2255 se
3126 2180 3534 2254 continenti
3578 2175 3753 2253 red-

551 2312 842 2386 duntur
871 2367 890 2385 .
942 2313 1106 2387 Jam
1164 2339 1342 2390 vero
1388 2339 1749 2416 quaenam
1785 2329 1863 2387 et
1896 2328 2172 2416 quanta
2228 2315 2320 2386 sit
2370 2312 2962 2387 FIDELISSIMI
3023 2310 3310 2386 REGIS
3372 2306 3763 2414 appellatio

552 2471 705 2519 non
744 2471 833 2519 ex
874 2443 1024 2519 aliis
1051 2499 1073 2537 ,
1107 2445 1378 2549 quibus
1412 2462 1741 2521 caeteros
1776 2448 2008 2550 Reges
2043 2443 2461 2550 Apostolica
2499 2444 2723 2519 Sedes
2758 2442 3166 2521 honestavit
3203 2439 3429 2517 titulis
3457 2497 3478 2533 ‚
3513 2439 3641 2516 sed
3675 2468 3764 2516 ex

555 2581 703 2681 ipsa
750 2575 1131 2665 vocabuli,
1167 2603 1387 2680 quam
1425 2604 1642 2653 nemo
1698 2604 1853 2652 non
1907 2591 2113 2652 tenet
2143 2631 2165 2669 ,
2198 2576 2723 2682 significatione
2758 2630 2780 2668 ‚
2843 2576 3053 2652 nobis
3108 2592 3219 2650 est
3271 2573 3761 2663 metiendum;

554 2736 719 2785 nam
758 2713 1208 2812 comparatio
1245 2708 1366 2784 illa
1413 2708 1780 2814 aliquibus
1815 2708 2116 2785 fortasse
2176 2709 2478 2787 molesta
2529 2727 2750 2801 esset3
2809 2709 2989 2785 haec
3038 2709 3225 2785 ratio
3286 2707 3379 2783 ab
3439 2708 3764 2783 omnium

552 2838 948 2915 offensione
987 2841 1312 2943 sejuncta
1351 2858 1484 2916 est.

704 2976 812 3046 Ac
846 2974 1019 3047 mihi
1056 2973 1355 3077 quidem
1390 2973 1664 3050 divinas
1698 2972 1945 3048 literas
1992 2974 2337 3048 memoria
2376 2976 2742 3079 repetenti
2774 2999 2967 3048 unus
3002 2972 3379 3048 dumtaxat
3434 2971 3763 3045 occurrit

555 3105 842 3209 Moyses
876 3103 1010 3209 (a),
1045 3132 1265 3209 quem
1301 3105 1997 3182 FIDELISSIMUM
2031 3108 2109 3181 in
2147 3105 2368 3182 domo
2403 3132 2529 3183 sua
2573 3110 2770 3183 Deus
2821 3108 2970 3212 ipse
3008 3104 3523 3211 appellaverit.
3561 3103 3752 3179 San-

554 3252 678 3310 cto
722 3235 988 3312 deinde
1047 3241 1275 3313 Petro
1336 3236 1856 3343 Apostolorum
1922 3239 2247 3343 Principi
2311 3237 2423 3342 (b)
2470 3239 2669 3313 hunc
2727 3238 3067 3314 eumdem
3125 3237 3424 3312 titulum
3476 3254 3761 3312 sanctus

551 3367 599 3441 J
604 3394 872 3443 oannes
895 3369 1468 3473 'chrysostomus
1518 3372 1935 3475 impertitus
1983 3386 2090 3443 est
2118 3428 2134 3444 .
2181 3374 2421 3447 Porro
2476 3387 2856 3475 utrunque
2905 3399 2988 3446 ea
3034 3370 3421 3476 appellatio
3461 3368 3759 3444 mirifice

555 3499 863 3574 decebat
890 3557 909 3591 ‚
946 3520 1342 3606 propterea
1379 3502 1584 3605 quod
1612 3501 1804 3577 >alter
1840 3505 1916 3577 in
1952 3507 2183 3580 veteri
2220 3481 2379 3610 lege
2431 3507 2706 3609 primus
2743 3504 3010 3608 Populi
3046 3504 3317 3579 ductor
3344 3562 3362 3592 ‚
3425 3503 3614 3577 alter
3669 3505 3747 3576 in

552 3661 742 3709 nova
779 3638 1054 3738 primus
1089 3635 1352 3709 Christi
1388 3638 1715 3710 Vicarius
1748 3664 1788 3711 a
1823 3637 1982 3711 Deo
2020 3639 2518 3713 renunciatus.
2548 3635 2917 3739 Equidem
2952 3635 3393 3711 crediderim
3457 3637 3761 3711 BENE-

548 3767 929 3840 DICTUM
967 3768 1158 3840 XIV.
1197 3767 1497 3842 similem
1532 3770 1604 3841 in
1643 3766 1955 3843 dissimili
1996 3785 2241 3844 tamen
2292 3772 2575 3843 ratione
2628 3771 2988 3844 virtutum
3038 3785 3338 3842 tuarum
3374 3784 3756 3873 praestan-

555 3902 726 3973 tiam
783 3917 961 3972 tunc
1014 3916 1401 4002 spectasse,
1452 3925 1623 3974 cum
1669 3903 1956 4005 egregia
2002 3901 2168 3976 Tua
2203 3905 2462 3977 merita
2504 3903 2886 3979 universae
2921 3905 3329 4006 posteritati
3384 3927 3760 3976 commen-

550 4028 789 4106 danda
821 4031 1408 4107 FIDELISSIMI
1453 4034 1740 4108 REGIS
1794 4032 2289 4138 appellatione
2348 4037 2806 4108 remunerari
2861 4032 3191 4111 decrevit
3217 4093 3233 4110 .
3290 4038 3497 4110 Hanc
3559 4037 3753 4109 enim

549 4165 703 4264 ipse
743 4159 1050 4237 benefici
1085 4189 1258 4267 erga
1297 4164 1408 4239 Te
1424 4167 1665 4239 'animi
1703 4190 1987 4241 causam
2048 4167 2127 4241 in
2173 4167 2318 4241 suis
2371 4165 2599 4240 literis
2653 4165 2948 4271 profert
3010 4166 3218 4269 quod
3267 4171 3755 4271 Majestatem

549 4316 761 4374 tuam
804 4325 991 4399 prae
1043 4306 1365 4373 caeteris
1425 4277 1960 4401 Portugalliae
2022 4319 2253 4405 atque
2313 4301 2859 4401 Algarbiorum
2915 4303 3250 4402 Regibus
3310 4328 3587 4401 magno
3644 4309 3757 4402 pii

547 4429 914 4529 Regiiqae
941 4435 1176 4503 animi
1218 4429 1364 4503 Tui
1396 4432 1726 4507 Fervore
1791 4430 2264 4507 Catholicam
2297 4433 2565 4508 Fidem
2601 4461 2751 4509 non
2778 4432 2994 4509 modo
3030 4441 3113 4507 in
3147 4434 3488 4510 omnibus
3522 4433 3756 4542 dit-io·-

548 4585 725 4634 num
762 4576 1063 4633 tuat-um
1086 4614 1111 4648 ‚
1132 4627 1141 4631 -
1166 4560 1308 4634 sed
1334 4569 1411 4635 in
1449 4563 1719 4639 alienis
1758 4587 2053 4665 qnoque
2110 4566 2540 4665 regionibus
2580 4566 2677 4639 ab
2733 4573 2926 4641 inita
2963 4568 3394 4667 Regnorum
3453 4581 3752 4640 tuor-um

544 4699 1007 4790 possessione
1036 4717 1468 4792 promovere
1518 4707 1595 4769 et
1643 4720 1961 4796 augere,
2008 4721 2277 4772 verum
2327 4703 2555 4772 etiam
2611 4713 2720 4772 tot
2768 4703 3190 4798 sapientiae
3212 4752 3237 4786 ‚
3283 4696 3707 4772 industriae
3732 4752 3757 4786 ‚

549 4829 994 4922 pietatisque
1059 4826 1397 4900 consiliis
1454 4845 1529 4901 et
1586 4832 1960 4901 immensis
2016 4852 2239 4928 opum
2292 4827 2853 4933 profusionibus
2918 4834 3116 4904 tueri
3172 4846 3249 4903 et
3307 4853 3756 4904 conservare

555 4952 1009 5030 contendens
1072 4933 1452 5033 maximus
1514 4967 1840 5036 emineas
1869 5013 1891 5049 ‚
1951 4974 2027 5034 et
2078 4961 2574 5062 praediceris.
2642 4960 2773 5033 Est
2834 4959 3048 5033 etiam
3098 4959 3176 5033 in
3232 4954 3611 5033 Pontificia
3663 4955 3756 5032 ad

672 5217 767 5300 (a)
810 5220 987 5281 Num.
1023 5224 1123 5282 12.
1167 5242 1220 5285 c.
1265 5227 1326 5284 7.
1374 5223 1437 5286 {n
1482 5225 1651 5287 omni
1697 5222 1886 5290 domo
1931 5244 2072 5290 mea
2116 5223 2553 5290 Fidelissimus
2595 5232 2715 5290 est.

667 5318 770 5402 (b)
800 5320 861 5381 S.
889 5320 987 5379 Jo.
1024 5321 1334 5397 chrysost.
1367 5340 1542 5384 sem.
1573 5325 1634 5385 S.
1673 5325 1841 5386 Patri
1871 5330 2036 5401 apud
2063 5325 2338 5402 Mutavit.
2370 5331 2461 5388 Tu
2492 5344 2633 5389 cum
2664 5325 2839 5389 omni
2869 5322 3101 5390 fiducia
3130 5324 3193 5386 in
3225 5341 3443 5387 manus
3492 5320 3768 5396 Domini,

549 5414 800 5478 assidue
834 5422 899 5477 et
930 5413 1066 5496 ejus
1096 5420 1372 5497 Sponsae
1406 5417 1720 5484 Ecclesiae
1756 5419 2041 5496 servisti3
2073 5413 2182 5503 qui
2211 5418 2477 5487 ferventi
2512 5420 2731 5503 spiritu
2774 5417 3104 5485 Dominum
3158 5417 3433 5485 dilexisti
3487 5419 3766 5484 omnium

543 5511 991 5593 Apostolorum
1026 5511 1455 5579 Fidelissimus
1478 5562 1492 5576 .
