4442 6300
1516 529 1864 599 QUmQUB
1906 528 2374 585 SANCTORUM
2410 534 2581 587 ETC.
2608 589 2623 594 ,

452 671 682 738 merito
707 718 726 746 ,
758 675 1217 739 BEATISSIME
1241 681 1518 749 PATER,
1553 675 1758 759 ipsum
1790 675 1853 737 in
1876 680 2025 740 San·

448 779 692 836 ctorum
722 780 970 835 coetum
999 772 1416 856 coaptandum
1446 780 1755 856 putarem.

474 964 887 1030 AGAPITUS
911 969 971 1030 S.
1009 969 1278 1045 Agathos
1315 968 1649 1031 Gothorum
1675 971 1989 1030 Diaconum

919 1067 1272 1128 cardinalis
1306 1069 1538 1129 Musca.

573 1255 748 1319 Vidit
778 1263 1156 1323 Granatense
1197 1259 1670 1324 Xenodochium
1713 1265 2012 1323 loannem

449 1352 532 1417 de
555 1358 684 1417 Deo
703 1353 1081 1436 impavidum
1110 1355 1275 1418 inter
1291 1356 1575 1420 flammas
1596 1355 2016 1428 incedentem,

459 1460 529 1515 ut
571 1461 965 1537 aegrotantes
1008 1474 1043 1517 e
1088 1454 1359 1519 flammis
1400 1455 1715 1536 eriperet;
1760 1462 1826 1517 et
1867 1453 2015 1516 inde

452 1548 649 1615 sensit
662 1550 1030 1616 christianus
1042 1551 1225 1615 Orbis
1246 1553 1597 1634 segniorem
1620 1552 1683 1614 in
1697 1571 1841 1616 eum
1867 1549 2018 1614 fuis-

456 1666 528 1712 se
591 1648 802 1731 iguem
827 1693 847 1722 ‚
901 1649 1009 1731 qui
1043 1647 1199 1713 foris
1242 1657 1538 1723 usserat,
1567 1668 1756 1731 quam
1788 1647 1894 1731 qui
1925 1648 2014 1709 in·

449 1750 555 1809 tus
595 1747 985 1811 accenderat.
1029 1747 1201 1810 Vidit
1242 1768 1494 1830 quoque
1549 1745 2017 1810 Xenodochium

457 1844 655 1909 sancti
691 1843 954 1927 Spiritus
982 1845 1163 1909 Urbis
1192 1843 1517 1909 Camillum
1563 1830 1642 1907 de
1672 1842 1865 1907 Lellis
1908 1862 2023 1924 per

456 1948 590 2005 tres
611 1940 751 2005 dies
779 1940 1161 2022 impavidum
1182 1941 1243 2004 in
1272 1960 1488 2022 aquas,
1506 1937 1799 2016 ulceroso
1828 1939 2016 2003 etiam

452 2058 636 2103 crure
691 2038 1152 2122 prosilientem,
1208 2045 1277 2101 ut
1336 2037 1624 2102 Infirmos
1675 2057 2022 2120 eorumque

453 2136 749 2220 grabatos
778 2157 814 2199 a
842 2135 1379 2200 succrescentibus
1404 2134 1688 2200 tiberinis
1717 2134 1900 2198 undis
1944 2134 2019 2196 ad

455 2234 689 2296 tutiora
733 2230 911 2306 loca,
954 2231 1258 2297 humeros
1301 2230 1706 2313 supponendo
1749 2239 2025 2295 transve-

454 2329 676 2405 heret3
717 2338 783 2394 et
826 2330 967 2393 inde
1012 2327 1379 2395 christianus
1439 2329 1623 2393 Orbis
1666 2326 2020 2400 intellexit.

458 2444 659 2509 aquas
688 2424 922 2491 multas
965 2444 1086 2489 nou
1115 2426 1395 2507 potuisse
1422 2424 1791 2509 extinguere
1831 2423 2025 2490 chari·

456 2530 654 2587 tatem*
680 2524 899 2606 ipsius.
929 2522 1211 2586 Charitas
1237 2523 1572 2606 igitur-qua
1602 2524 1665 2585 in
1697 2529 1891 2587 Deum
1935 2528 2025 2586 at-

460 2642 584 2705 que
630 2621 694 2683 iu
740 2619 1097 2685 Proximum
1143 2629 1209 2684 et
1250 2621 1533 2702 corporis
1575 2629 1640 2683 et
1679 2619 1923 2684 animae
1962 2619 2025 2681 in

459 2718 851 2802 procuranda
896 2717 1067 2782 omni
1109 2718 1319 2782 studio
1352 2716 1554 2783 salute
1597 2719 1876 2802 flagravit
1917 2722 2028 2782 Ca-

458 2814 673 2879 millus
695 2857 717 2889 ‚
749 2815 1136 2897 reliquarum
1167 2821 1492 2897 praeterea
1521 2816 1824 2879 virtutum
1855 2813 2026 2878 fasti-

458 2911 628 2997 gium
650 2956 671 2986 ‚
702 2912 778 2975 ad
810 2911 979 2995 quod
1011 2910 1202 2975 vitam
1262 2931 1456 2996 agens
1501 2912 1907 2988 conscendit;
1938 2911 2025 2975 Si·

462 3030 728 3093 gnorum
753 3010 1031 3091 denique
1056 3008 1372 3090 splendor,
1393 3030 1519 3091 quo
1539 3009 1617 3072 ad
1636 3009 1796 3073 hanc
1822 3029 2024 3091 usque

456 3115 730 3173 aetatem
775 3116 1099 3180 coruscat,
1156 3104 1514 3190 postulant,
1566 3111 2025 3174 BEA‘nssmss

464 3210 719 3269 PATER
743 3247 766 3279 ‚
810 3214 881 3270 ut
907 3204 1182 3271 eundem
1223 3204 1290 3268 in
1332 3214 1704 3278 Sanctorum
1727 3187 1892 3278 Alh‘o
1932 3225 2031 3270 re·

462 3321 745 3367 censeas.

520 3515 890 3606 canolas
921 3546 1178 3608 mim
1230 3547 1291 3609 s.
1338 3550 1579 3609 Mariae
1622 3549 1690 3606 cn
1733 3547 1986 3608 Porum

670 3644 985 3705 Diacomu
1020 3647 1369 3705 cardinalis
1400 3646 1814 3718 Scor-ipanus.

593 3892 663 3948 In
723 3886 912 3951 beato
968 3886 1234 3952 Camillo
1291 3888 1373 3951 de
1420 3885 1608 3952 tellis
1640 3885 2028 3952 admirabilis

466 3991 641 4047 certe
673 3983 813 4058 fuit,
847 3992 1300 4050 BEATISSIME
1328 3991 1601 4059 PATER,
1624 3986 1884 4049 dextera
1913 3991 2030 4049 Ex·

463 4079 647 4153 celsi,
678 4101 840 4162 quae
867 4090 1012 4165 post
1040 4082 1337 4147 tenebras
1366 4080 1508 4166 ejus
1534 4092 1778 4147 tantum
1809 4081 2024 4145 lumen

463 4197 614 4243 suae
644 4179 880 4263 gratiae
911 4180 976 4241 in
1007 4200 1085 4243 eo
1115 4197 1442 4244 coruscare
1481 4179 1737 4263 dignata
1777 4188 1917 4251 est,
1961 4186 2029 4241 ut

459 4273 561 4338 vir
584 4273 830 4339 electus
860 4294 897 4339 a
926 4281 1059 4338 Deo
1086 4274 1552 4359 inextinguibili
1580 4282 1873 4340 aestuans
1885 4275 2029 4341 cha-

463 4370 672 4437 ritatis
699 4372 922 4437 ardore
965 4379 1169 4437 totum
1213 4375 1446 4437 Orbem
1494 4381 1555 4437 et
1595 4374 1755 4438 hanc
1797 4372 2026 4437 Urbem

465 4488 620 4551 prae
667 4470 896 4535 ceteris
940 4471 1334 4544 accenderit,
1375 4492 1448 4536 ac
1489 4469 1868 4535 mirabiliter
1891 4468 2033 4535 illu·

467 4565 732 4640 stravit,
764 4567 1057 4631 omnibus
1087 4568 1292 4630 omnia
1327 4567 1527 4631 factus
1556 4576 1623 4630 et
1649 4567 1870 4630 animis
1901 4586 2034 4630 cor-

469 4663 854 4746 poribusque
907 4663 1196 4728 sanandis
1245 4664 1453 4728 fidelis
1493 4671 1723 4729 Servus
1770 4665 1852 4728 ab
1896 4664 2034 4745 ipso

468 4762 736 4824 Domino
764 4761 1177 4825 constitutus.
1207 4761 1402 4844 Igitur
1439 4762 1587 4843 quia
1630 4760 1827 4825 multa
1871 4761 2034 4825 hena

472 4866 769 4939 operatus
801 4867 939 4931 est,
971 4856 1200 4941 dignus
1245 4857 1389 4920 mihi
1437 4878 1584 4922 sane
1630 4858 1916 4930 videtur,
1966 4864 2036 4921 ut

469 4964 891 5039 consequatur
919 4955 1107 5019 etiam
1139 4954 1201 5016 in
1235 4955 1423 5020 terris
1453 4974 1747 5020 coronam
1769 4954 2034 5039 gloriae,

469 5071 654 5134 quam
685 5052 802 5137 ipsi
838 5053 1108 5118 reddidit
1134 5051 1345 5138 justus
1374 5051 1580 5117 Iudex
1609 5052 1674 5115 in
1707 5051 1911 5117 Caelis
1934 5097 1950 5114 .

577 5439 663 5516 (a)
687 5442 810 5497 lib.
837 5442 889 5496 2.
924 5442 1166 5497 nucleos
1213 5446 1261 5495 1.

3397 532 3502 584 161

2139 680 2465 740 MARIUS
2493 678 2602 741 SS.
2641 680 2891 743 Connus
2922 686 2983 745 st
3013 679 3308 739 numiano·
3344 679 3655 740 Diaconus

2494 777 2842 837 cardinalis
2890 777 3318 852 Bolsynsuus.

2248 967 2367 1030 Diu
2394 966 2582 1032 latuit
2610 966 3057 1033 sacrificiorum
3089 965 3273 1051 ignis,
3306 972 3369 1030 et
3395 963 3690 1031 fatiscen-

2121 1065 2293 1130 tibus
2334 1065 2508 1128 annis
2549 1065 2678 1149 jam
2723 1065 2786 1127 in
2829 1084 3053 1147 aquam
3098 1081 3372 1129 crassam
3406 1062 3687 1126 abierat.

2126 1170 2356 1228 Verum
2388 1164 2499 1227 ubi
2533 1164 2624 1248 (a)
2652 1172 2900 1246 tempus
2930 1162 3149 1235 affuit,
3196 1182 3315 1239 quo
3361 1164 3463 1224 Sol
3505 1163 3693 1239 rotul-

2123 1267 2246 1336 ste,
2296 1267 2404 1340 qm·
2446 1267 2621 1340 prius
2675 1272 2806 1324 erat
2857 1266 2926 1323 in
2974 1265 3188 1325 nubilo
3210 1302 3230 1331 ,
3264 1277 3558 1322 accensus
3603 1267 3694 1321 sat

2124 1363 2285 1436 ignis
2326 1378 2582 1437 muyans
2607 1405 2626 1433 ,
2668 1364 2829 1421 itaut
2875 1377 3080 1421 omncs
3120 1362 3529 1420 mirarentur.
3572 1354 3689 1418 Diu

2125 1476 2378 1538 quoque
2406 1455 2589 1519 latuit
2620 1453 2920 1519 Camillus
2951 1455 3030 1518 de
3059 1453 3284 1517 Lellis.
3316 1461 3551 1516 Verum
3583 1451 3695 1515 uhi

2127 1560 2377 1634 tempus
2402 1553 2602 1625 affuit,
2635 1572 2761 1634 qno
2794 1552 2857 1613 in
2890 1553 3126 1615 bonum
3160 1549 3479 1614 Ecclesiae
3512 1568 3699 1614 omen

2127 1670 2483 1731 supremam
2543 1648 2708 1713 Petri
2770 1646 3143 1711 cathedram
3166 1688 3188 1720 ‚
3238 1651 3699 1711 BEATISSIME

2130 1754 2426 1819 PATER,
2472 1745 2889 1811 conscendisti
2916 1787 2937 1818 ‚
2988 1743 3328 1816 Camillus,
3368 1743 3477 1827 qui
3522 1744 3698 1826 prius

2130 1844 2467 1907 videbatur
2492 1845 2552 1905 in
2588 1843 2824 1915 nubilo,
2849 1840 3130 1923 protinus
3157 1841 3548 1907 heroicarum
3579 1842 3699 1905 vir-

2135 1949 2334 2004 tutum
2354 1940 2654 2004 memoria
2683 1948 2873 2021 atque
2903 1938 3269 2020 probatione
3290 1937 3594 2013 refloruit,
3618 1938 3702 2001 si·-

2132 2057 2525 2120 gnorumqne
2553 2036 2841 2101 claritate
2873 2034 3155 2100 refulsit.
3188 2034 3331 2099 Tibi
3364 2055 3519 2118 ergo
3549 2032 3699 2111 uni,

2133 2139 2590 2200 BEA'rlssfflE
2611 2139 2882 2206 PATER,
2907 2131 3012 2216 qui
3036 2153 3149 2215 pro
3169 2138 3528 2198 Sanctorum
3551 2137 3705 2197 Cau·

2133 2233 2223 2296 sis
2254 2230 2516 2315 agendis
2539 2277 2560 2300 ,
2604 2239 2703 2296 tot
2744 2229 3103 2315 transegisti
3141 2228 3392 2314 vigilias
3415 2273 3435 2301 ‚
3467 2236 3562 2295 tot
3590 2230 3707 2294 im·

2133 2330 2404 2411 pendisti
2433 2329 2708 2403 labores,
2730 2327 2975 2393 Camilli
3003 2331 3265 2392 Causam
3298 2326 3515 2391 Divino
3544 2347 3705 2413 pene

2134 2427 2402 2491 consilio
2448 2433 2829 2491 reservatam
2874 2426 3077 2491 fuisse
3134 2423 3589 2508 intelligimus.
3637 2432 3707 2493 ut

2135 2524 2434 2589 nimirum
2467 2544 2602 2589 eam
2635 2523 2740 2609 (h)
2765 2522 2846 2589 ad
2874 2521 3329 2607 perfectionem
3354 2525 3708 2602 Sanctifica-

2137 2628 2321 2686 tiom's
2337 2627 2495 2689 Suus
2525 2626 3062 2700 soepostelantibus
3082 2619 3359 2685 omnium
3382 2620 3547 2687 votis
3569 2640 3707 2704 per-

2135 2721 2367 2786 ducere
2395 2720 2744 2805 dignareris
2770 2763 2788 2781 .

2183 2916 2557 2979 PROSPER
2592 2916 2655 2978 S.
2687 2914 2931 2992 Georgii
2962 2917 3277 2977 macomus
3325 2915 3668 2977 cardinalis

2563 3016 2860 3077 Columna
2891 3019 2962 3075 do
2997 3015 3246 3074 Sciat-ra
3270 3052 3286 3070 .

2259 3208 2605 3284 nicaenis,
2646 3229 2809 3292 quae
2852 3208 2933 3273 ad
2979 3204 3438 3272 invocationem
3482 3210 3552 3268 B.
3597 3208 3705 3270 Ca-

2136 3304 2295 3370 milli
2340 3312 2582 3389 patrata
2636 3304 3026 3386 temporibus
3074 3302 3309 3367 nostris
3357 3320 3516 3383 pene
3558 3300 3715 3388 vidi-

2133 3383 2277 3467 ¹rrius
2296 3447 2316 3476 ,
2347 3413 2536 3485 atque
2566 3401 2922 3465 andivimus
2944 3443 2966 3472 ,
3007 3404 3233 3463 habear
3261 3441 3282 3476 ,
3311 3404 3478 3462 teste
3506 3403 3711 3482 Augu-

2138 3501 2305 3565 stino
2333 3508 2540 3564 Tract.
2571 3502 2680 3562 24.
2712 3497 2775 3559 in
2808 3503 3116 3564 loannem
3141 3538 3162 3567 ‚
3193 3501 3465 3573 linquam
3492 3512 3709 3569 sunm,

2025 3645 2034 3656 ,
2137 3609 2196 3659 st
2244 3603 2569 3676 quamdam
2624 3599 2737 3658 Dei
2778 3596 3192 3672 elequentiam
3242 3594 3709 3669 praeseferunt,-

2138 3694 2414 3775 ideoque
2443 3699 2675 3757 certam
2706 3690 2975 3753 reddunt
3006 3690 3547 3751 SANCTlTATEM
3578 3692 3708 3749 VE-

2137 3795 2395 3855 STRAM
2420 3833 2441 3862 ‚
2473 3796 2671 3853 Deum
2705 3786 2891 3860 velle.
2921 3786 3078 3850 utin
3108 3782 3389 3848 Ecclesia
3420 3780 3707 3846 militanti

2136 3886 2381 3952 colatur
2427 3891 2497 3949 B.
2529 3883 2867 3956 Camillus,
2911 3883 2992 3947 de
3033 3883 3214 3966 cujus
3257 3878 3525 3944 solemni
3567 3897 3707 3942 san·

2139 3982 2516 4048 ctificatione
2562 3981 2773 4060 agitur
2803 3979 2866 4041 in
2896 3977 3432 4060 praesentiarum,
3463 3993 3623 4057 quae
3656 3973 3709 4039 si

2141 4080 2334 4144 modo
2364 4076 2687 4143 infallibili
2716 4081 3220 4140 SANCTITATIS
3258 4079 3579 4136 VESTRAE
3616 4071 3712 4156 ju·

2139 4176 2299 4241 dicio
2322 4149 2716 4246 decer-hatur,
2740 4172 3174 4257 gloriabuntur
3201 4168 3445 4234 Fideles
3473 4167 3706 4233 imitari

2138 4273 2317 4336 illum
2341 4316 2362 4346 ‚
2395 4293 2580 4356 quem
2616 4268 2812 4334 veluti
2844 4276 3110 4333 Heroem
3140 4268 3204 4329 in
3233 4265 3571 4330 virtutihus
3593 4308 3616 4340 ‚
3648 4271 3714 4330 et

2137 4370 2469 4454 praecipue
2500 4369 2563 4431 in
2592 4367 2901 4433 charitate
2934 4365 2996 4426 in
3025 4362 3388 4427 Proximum
3421 4360 3709 4425 admirati

2141 4473 2325 4540 sunt,
2359 4486 2676 4548 quemque
2705 4461 2972 4529 solemni
3013 4471 3161 4525 voto
3204 4458 3576 4523 obstrictum
3613 4465 3710 4522 ln-

2140 4566 2362 4637 flrmis‚
2392 4571 2457 4628 et
2485 4562 2850 4647 praesertim
2871 4557 3179 4643 pe'stifero
3209 4555 3431 4620 morbo
3461 4554 3709 4622 afflictis

2140 4655 2561 4734 inserviendi,
2588 4660 2847 4724 labores
2882 4655 3192 4740 plurimos
3232 4673 3349 4735 pro
3391 4652 3712 4716 Proximo-

2147 4779 2287 4822 rum
2335 4757 2535 4822 salute
2586 4753 2972 4835 suscepisse,
3001 4746 3514 4833 praesentissima
3548 4766 3711 4810 mor-

2146 4856 2230 4918 tis
2260 4852 2538 4935 pericula
2568 4851 2839 4916 adivisse
2861 4891 2881 4920 ,
2913 4846 3118 4929 palam
3150 4844 3446 4910 omnihus
3477 4840 3708 4905 iactum

2143 4959 2245 5017 est
2287 4950 2401 5015 illo
2443 4968 2673 5034 genere
2702 4944 3139 5030 probationum
3164 4986 3184 5018 ,
3229 4941 3328 5007 cui
3372 4939 3565 5005 fidem
3605 4939 3712 5004 de-

2148 5048 2399 5118 trahere
2426 5044 2739 5132 piaculum
2767 5047 3093 5129 reputatur
3115 5086 3130 5101 .

1410 5443 1505 5515 (b)
1532 5446 1757 5499 Numer.
1786 5460 1907 5514 cap.
1936 5443 1986 5497 θ.
2017 5459 2159 5496 vers.
2185 5441 2282 5496 21.
