4442 6300
998 473 1106 527 25⁴
1957 476 2160 531 ΑίίΊἊ
2204 477 2862 536 nAttomzArtoms
2971 496 2976 501 ·

821 615 1014 693 dacis
1049 619 1371 723 Reginae
1410 618 1841 725 AEtbiopum
1879 638 2130 699 sancto
2164 626 2491 703 Lavacro
2526 631 2960 732 expiaverat.
2999 628 3280 703 Moram
3318 625 3630 733 aliquam
3666 625 4046 707 duxerunt

822 732 923 809 illi
959 738 1034 808 in
1072 737 1371 810 aedibus
1406 736 1724 844 Philippi
1754 794 1775 831 ,
1840 742 1962 814 cui
2026 758 2239 815 erant
2297 760 2627 845 quatuor
2686 743 2874 819 filiae
2941 747 3252 849 virgines
3309 770 3393 818 ac
3457 747 4039 851 prophetantes;

819 851 1024 953 quod
1062 854 1115 927 si
1159 856 1642 957 virginitatem
1682 850 1843 930 illae
1882 883 2033 931 non
2076 858 2623 961 profitebantur
2665 865 2812 940 voti
2850 861 3069 936 ullius
3104 865 3388 937 ratione
3417 919 3439 956 ,
3462 891 3626 966 ‚quo
3663 890 3738 939 se
3773 865 3820 939 J
3827 864 4040 940 udaei

820 971 1280 1074 obstringere
1323 976 1616 1047 minime
1653 993 2198 1051 consueverunt
2223 1031 2245 1066 ,
2281 992 2524 1053 tamen
2558 966 2954 1084 'Religionis
2998 1006 3209 1065 causa
3271 1007 3388 1056 eas
3428 985 3762 1085 ‚virgines
3822 983 4041 1058 fuisse

817 1115 971 1161 non
1007 1105 1114 1163 est
1148 1088 1630 1179 dubitandum
1664 1145 1687 1180 ,
1719 1117 1911 1193 (fuae
1948 1094 2485 1196 prophetantes
2516 1100 2728 1172 etiam
2770 1116 3328 1201 nuncupantur,
3362 1098 3478 1176 vel
3514 1080 3719 1204 quod
3756 1104 3843 1175 in,
3857 1126 4046 1177 con-

808 1207 1136 1282 cinendis
1168 1206 1426 1299 divinis
1459 1207 1801 1283 laudibus
1836 1208 2123 1301 ‚assiduo
2146 1228 2631 1287 »versarentur
2669 1268 2692 1306 ,
2727 1212 2841 1289 vel
2880 1217 3052 1317 quia
3088 1213 3345 1290 futura
3383 1218 4074 1320 praenunciarentt*
4118 1272 4122 1276 -

813 1326 1169 1405 Venimus
1204 1327 1653 1433 Caesaream
1679 1380 1702 1418 ,
1732 1324 1883 1430 (ita
1916 1329 2268 1432 scriptum
2302 1343 2412 1404 est
2475 1331 2552 1404 in
2600 1337 2841 1406 'sacris
2897 1329 3176 1436 literis)
3216 1351 3287 1407 et
3321 1342 3688 1419 intrant&
3744 1336 4045 1410 domum

811 1442 1150 1546 Philippi
1183 1447 1264 1519 E
1269 1435 1731 1544 vangelistae
1757 1501 1783 1535 ‚
1820 1455 1949 1550 qui
1985 1466 2150 1523 erat
2187 1475 2386 1526 unus
2418 1451 2511 1527 de
2544 1469 2814 1551 septem
2847 1506 2873 1540 ‚
2904 1460 3312 1525 mansimus
3345 1451 3563 1550 apud
3594 1478 3790 1526 eum.
3834 1452 4044 1527 Huic

812 1581 1064 1643 autem
1100 1579 1316 1636 erant
1353 1578 1686 1662 quatuor
1693 1562 1926 1658 filiae
1968 1572 2297 1662 virgines
2324 1566 2876 1669 prophetantes.
2938 1565 3157 1669 Quod
3221 1571 3298 1639 in
3366 1564 3636 1641 itinere
3692 1565 3772 1643 S.
3832 1566 4039 1641 Pauli

814 1678 1194 1777 contigisse
1235 1677 1812 1765 memoravimus,
1846 1675 1917 1751 id
1953 1677 2177 1751 Nobis
2211 1682 2424 1755 etiam
2462 1686 2710 1759 evenit
2746 1687 2834 1756 in·
2853 1684 3262 1786 gravissimo
3300 1684 3441 1758 hoc
3479 1686 3805 1787 negotio,
3837 1684 4044 1787 quod

813 1773 1173 1866 hodierna
1213 1791 1331 1865 die
1368 1789 1459 1865 ad
1498 1789 1713 1865 finem
1749 1817 1996 1867 sumus
2029 1793 2497 1899 perducturi.
2571 1802 2968 1901 Postquam
3039 1815 3244 1903 septa
3299 1798 3608 1874 aliorum
3673 1801 4042 1891 Coetuum

812 1908 1284 2014 Regula-rium
1324 1911 1828 2013 percurrimus
1853 1965 1875 2001 ,
1912 1913 2018 1985 uti
2057 1913 2203 1987 Vos
2237 1914 2371 2017 ipsi
2407 1941 2496 1990 ex
2532 1914 3143 2020 praecedentibus
3184 1916 3639 1993 Consistoriis
3671 1920 4046 2022 perspice-

815 2055 900 2103 re
940 2029 1326 2133 potuistis,
1362 2052 1562 2100 nunc
1597 2027 2050 2131 ingredimur
2085 2028 2415 2106 Claustra
2451 2033 2529 2108 S.
2564 2032 2918 2108 Dominici
2948 2089 2970 2125 ,
3003 2036 3130 2136 qui
3161 2060 3312 2109 non
3352 2032 3572 2127 modo
3599 2088 3621 2124 ,
3654 2036 3839 2109 sicut
3861 2036 4058 2147 Phi-¹

815 2143 1059 2250 lippus
1094 2141 1471 2247 Evangelii
1511 2144 2009 2220 Concionator
2044 2146 2190 2221 fuit
2214 2202 2238 2240 ,
2274 2147 2397 2225 sed
2435 2153 2648 2225 etiam
2690 2151 2987 2225 Ordinis
3019 2145 3388 2225 Fratrum
3444 2150 4047 2228 Praedicator-um

815 2269 1096 2369 primus
1132 2266 1406 2345 Parens
1438 2278 1661 2363 atque
1698 2264 2133 2354 Institutor3
2171 2281 2250 2339 et
2281 2267 2895 2369 quemadmodum
2927 2270 3001 2341 in
3037 2267 3338 2343 aedibus
3373 2267 3693 2372 Philippi
3719 2285 4047 2372 quatuor

815 2386 1037 2488 ipsius
1068 2380 1285 2463 Filias,
1315 2381 1625 2482 virgines
1659 2382 2188 2486 prophetantes
2220 2402 2509 2459 sanctus
2541 2384 2811 2459 Paulus
2840 2383 3360 2488 deprehendit,
3397 2387 3497 2459 ita
3537 2387 3685 2461 Nos
3718 2390 3795 2460 in
3817 2385 4048 2462 Clau-

815 2504 981 2575 stris
1015 2500 1238 2574 sancti
1275 2498 1632 2571 Dominici
1671 2514 1995 2598 quatuor
2024 2503 2243 2573 etiam
2282 2498 2472 2577 illius
2495 2499 2715 2577 ‘Filias
2750 2506 3158 2581 invenimus
3193 2558 3215 2593 ,
3259 2529 3454 2606 quae
3513 2504 4046 2608 prophetantes

815 2615 1466 2722 appellari'merito
1504 2631 1829 2718 possunt,
1868 2613 1978 2691 vel
2017 2605 2188 2719 quia
2224 2645 2264 2691 a
2305 2617 2564 2696 divinis
2596 2618 2938 2695 laudibus
2976 2619 3431 2695 celebrandis
3464 2647 3842 2724 nunquam
3884 2648 4045 2697 ces-
4151 2634 4154 2637 ’

818 2752 1071 2811 sarunt
1101 2789 1123 2824 ,
1160 2730 1277 2809 vel
1311 2734 1484 2835 quia
1522 2728 1815 2806 futuros
1849 2751 2155 2808 eventus
2187 2750 2401 2809 antea
2439 2735 3001 2812 denuntiarunt.
3038 2741 3278 2812 Porro
3315 2734 3476 2813 illae
3512 2742 3994 2813 nominantur
4019 2792 4046 2831 ,

819 2854 1213 2928 catharina
1250 2850 1588 2926 Senensis
1612 2903 1634 2939 ,
1670 2851 1855 2924 Rosa
1890 2852 2187 2925 Limana
2216 2854 2515 2956 ,Agnes
2546 2853 3174 2960 Montispolitiani,
3212 2872 3290 2929 et
3321 2855 3712 2930 catharina
3748 2854 3841 2930 de
3867 2858 4043 2930 Ric-

817 2975 969 3047 ciis.
1005 2972 1182 3045 Pius
1215 2970 1313 3043 II.
1346 2966 1874 3042 praedecessor
1909 2986 2162 3044 noster
2197 2968 2639 3045 Sanctorum
2676 2971 3029 3075 Catalogo
3076 2997 3346 3046 nomen
3412 2972 3845 3046 Catharinae
3902 2971 4044 3047 Se-
4146 2995 4150 3000 ·

820 3090 1058 3166 nensis
1092 3085 1447 3190 adjunxit.
1483 3083 1818 3161 Clemens
1845 3088 1943 3161 X.
1982 3085 2505 3164 Praedecessor
2537 3115 2838 3193 quoque
2876 3106 3125 3165 noster
3159 3091 3416 3164 Rosam
3436 3091 3809 3165 Limanam
3839 3117 3858 3165 z
3893 3092 4044 3166 Be·-

818 3207 1156 3284 nedictus
1192 3205 1392 3280 XIII.
1431 3203 1525 3310 de
1565 3204 1777 3279 nobis
1811 3208 2084 3309 optime
2125 3208 2425 3282 meritus
2458 3209 2814 3311 Agnetem
2851 3206 3453 3311 Montispolitiani
3506 3211 3705 3282 inter
3740 3208 4044 3288 sanctos

819 3325 1245 3402 solemniter
1283 3303 1725 3411 retulerunt..
1761 3322 2025 3423 Itaque
2060 3339 2146 3395 ut
2178 3340 2506 3425 quatuor
2543 3330 2716 3404 istae
2756 3322 2977 3400 Filiae
3015 3325 3556 3428 prophetantes.
3581 3324 3825 3399 Sancti
3884 3328 4046 3400 Do-

819 3443 1065 3517 minici
1105 3442 1263 3545 pari
1296 3439 1587 3514 honore
1623 3436 2099 3511 cumulentur
2127 3491 2150 3529 ,
2186 3436 2372 3516 illu‘d
2409 3456 2694 3520 tantum
2731 3457 3065 3545 superest
3090 3496 3116 3530 ‚
3148 3457 3235 3513 ut
3271 3442 3550 3515 beatam
3580 3441 4045 3549 Gathar-inam

820 3561 916 3636 de
951 3560 1208 3634 Ricciis
1244 3579 1562 3629 numero
1598 3552 2041 3628 Sanctorum
2074 3555 2663 3633 adnumeremus.
2700 3557 3343 3663 Supervacaneum
3378 3555 3711 3652 ducimus
3746 3558 3888 3633 boc
3922 3556 4045 3632 lo·-

822 3703 914 3752 co
950 3673 1237 3751 referre
1276 3674 1493 3775 ipsius
1529 3667 1862 3744 Familiae
1899 3674 2412 3774 praestantiam
2435 3730 2464 3766 ,
2502 3679 2850 3780 optimam
2888 3677 3251 3780 pueritiae
3300 3678 3880 3768 institutionem,
3905 3690 4046 3750 at-

823 3812 972 3896 que
1008 3788 1508 3863 innocentiam
1536 3838 1559 3874 ,
1594 3786 1884 3862 virtutis
1919 3789 2379 3891 propositum
2408 3842 2431 3881 ,
2465 3819 2620 3894 quo
2653 3781 2915 3866 Coetui
2954 3790 3296 3896 Regulari
3333 3801 3604 3866 nomen
3648 3790 3857 3865 dedit
3881 3841 3905 3883 ,
3966 3808 4046 3867 et

823 3913 901 3984 in
934 3933 1088 4012 quo
1122 3920 1544 3981 constanter
1580 3911 1975 4007 permansit.
2002 3964 2022 3993 ‚
2058 3909 2393 3983 eximiam
2430 3910 2853 3984 charitatem
2885 3965 2906 4000 ,
2942 3936 3091 4012 qua
3124 3912 3362 3984 Deum
3388 3964 3410 4001 ,
3474 3923 3551 3984 et
3620 3911 4047 4026 Proximum

825 4053 1113 4132 semper
1149 4039 1598 4130 prosequuta
1637 4037 1747 4096 est
1769 4080 1793 4113 ‚
1825 4023 2262 4128 singularem
2301 4025 2763 4128 prudentiam
2797 4082 2818 4117 ,
2853 4053 2999 4130 qua
3038 4025 3368 4131 praefuit
3412 4029 3674 4101 ceteris
3706 4025 4048 4102 Moniali-

823 4149 963 4223 bus
993 4145 1216 4247 longo
1246 4143 1607 4244 temporis
1641 4144 1900 4246 spatio,
1934 4141 2384 4246 profundam
2421 4143 2925 4235 humilitatem,
2958 4141 3462 4228 incredibilem
3498 4147 3924 4260 patientbm
3961 4148 4044 4219 in

822 4264 1158 4376 pluribus
1199 4258 1527 4336 ferendis
1590 4257 2066 4334 incommodis
2092 4314 2114 4351 ,
2148 4252 2520 4335 cumulum
2560 4259 2971 4338 caelestium
3007 4259 3377 4358 donorum
3411 4313 3433 4353 ,
3469 4257 3772 4365 quae³in
3819 4263 4045 4365 ipsam

825 4387 1020 4459 Deus
1045 4377 1444 4455 liberaliter
1467 4375 1811 4468 contulit,
1844 4377 2235 4481 pretiosam
2261 4374 2417 4480 ejus
2451 4395 2764 4454 mortem
2800 4382 2875 4452 in
2913 4395 3312 4483 conspectu
3337 4381 3666 4474 Domini,
3687 4378 4049 4454 Sanctita-

826 4507 917 4577 tis
952 4498 1211 4575 famam
1242 4551 1264 4587 ,
1295 4520 1484 4598 quae
1518 4509 1854 4568 constans
1890 4491 2034 4568 fuit
2062 4548 2083 4585 ,
2115 4518 2284 4568 cum
2319 4493 2563 4570 adhuc
2599 4497 2677 4574 in
2717 4487 2935 4580 terris
2970 4514 3222 4598 ageret
3253 4551 3275 4585 ,
3309 4513 3387 4568 et
3421 4495 3807 4600 postquam
3843 4496 4048 4576 diem.

824 4641 1246 4724 supremum
1284 4612 1501 4703 obiit,
1528 4636 1611 4685 ac
1646 4611 1937 4687 tandem
1979 4608 2350 4704 miracula,
2383 4639 2575 4715 quae
2614 4611 2713 4690 ob
2749 4610 2937 4686 illius
2973 4607 3558 4692 intercessionem
3593 4612 4060 4717 obtigerunt..

826 4740 1013 4812 Cum
1048 4735 1228 4819 haec
1265 4731 1509 4806 omnia
1544 4731 1800 4807 vestris
1836 4726 2065 4804 oculis
2098 4727 2421 4832 subjecta
2481 4726 2622 4832 jam
2689 4726 2971 4802 fuerint
2996 4782 3018 4819 ,
3066 4726 3246 4803 illud
3309 4726 3678 4830 reliquum
3739 4745 3847 4804 est
3874 4755 3928 4821 ,‘
3955 4745 4047 4805 ut

834 4869 1153 4931 mentem
1193 4864 1498 4926 vestram
1537 4846 1631 4923 de
1667 4845 1970 4924 solemni
2005 4849 2224 4951 ipsius
2260 4846 2825 4923 canonizatione
2861 4836 3326 4921 decernenda
3362 4845 3586 4922 Nobis
3619 4844 4024 4923 declaretis.

946 5213 1250 5278 Absoluta
1310 5210 1600 5298 oratione
1658 5195 1931 5295 primum
1985 5210 2382 5286 cardinales,
2495 5195 3204 5294 sistentessuffragium
3249 5223 3429 5273 suum
3469 5205 3593 5274 hoc
3635 5206 3853 5273 ordine
3896 5206 4056 5274 tule-

820 5333 963 5378 mox
988 5309 1407 5380 'patriai-chae.
1420 5308 1742 5391 ceterique
1773 5308 2248 5374 circumstantes
2275 5313 2387 5371 Ar·
2494 5316 2639 5380 runt
2662 5355 2684 5372 .
3335 5327 3340 5330 ⁷

825 5407 1203 5491 cbiepiseepi
1224 5454 1242 5480 ‚
1273 5405 1565 5490 Episcopi
1597 5406 1977 5504 Assistentes
2019 5415 2084 5470 et
2121 5425 2241 5470 non
2271 5411 2385 5471 As-
