4442 6300
1510 604 1517 611 ο
1542 528 1889 597 eumont
1933 524 2404 579 sanc-rosum
2448 523 2614 575 erc.
3467 518 3503 569 s

438 683 693 749 cedenti
716 680 1087 746 iinmediato
1106 721 1128 750 ,
1156 699 1230 743 ac
1258 678 1616 740 miserrimo
1647 683 1811 738 statu
1842 692 2007 735 mor·
2106 646 2447 753 ⁸negotium
2482 667 2985 733 administratum
3018 662 3173 726 fuitz
3204 668 3574 733 Postremo,
3618 676 3682 723 e·

445 784 548 854 bi,
580 781 696 845 sed
728 782 791 841 in
821 786 1109 860 apertam
1146 776 1362 838 'lucem
1422 772 1763 835 manifesto
1823 770 2003 832 illum

445 899 573 945 non
594 876 862 949 deduci,
892 895 971 938 eo
1001 875 1171 956 qued
1214 880 1601 953 opportunae
1659 890 1731 932 ae
1789 884 2008 933 neces·

445 978 646 1041 sariae
668 973 1195 1056 interrogationes
1211 970 1689 1054 praetermissae
1720 967 2005 1037 fuissent;

446 1072 719 1155 ideoque
746 1078 1116 1135 processum
1148 1067 1458 1151 ejusmodi
1494 1068 1715 1149 §picae
1758 1084 2021 1147 compa-⁴

450 1169 710 1234 randum
739 1189 887 1234 esse
910 1212 929 1238 ,
964 1187 1128 1249 quae
1158 1167 1311 1230 licet
1336 1172 1575 1229 matura
1604 1186 1677 1228 ac
1708 1163 2004 1227 frumenti

449 1269 660 1352 grams
689 1266 934 1348 repleta
966 1265 1047 1328 sit
1067 1309 1089 1337 ,
1120 1274 1329 1329 tamen
1358 1264 1467 1327 illa
1524 1284 1647 1331 non
1705 1263 2006 1336 effundit,

449 1365 573 1429 nisi
603 1364 867 1447 alicujus
896 1362 1483 1426 manuexcutiatur.

576 1465 730 1523 Cum
758 1459 913 1523 haec
943 1458 1026 1521 ita
1059 1467 1312 1530 essent,
1344 1458 1654 1522 Sanctitas
1682 1462 1799 1519 Sua
1853 1456 2012 1519 desi·

450 1558 635 1620 derio
656 1600 680 1631 ,
708 1564 899 1637 atque
927 1575 1145 1619 amore
1198 1556 1682 1640 cognoscendae
1734 1554 2014 1618 veritatis

455 1654 661 1718 solum
691 1653 984 1727 adducta,
1018 1653 1416 1717 scribendum
1449 1653 1631 1716 duxit
1661 1655 1735 1716 ad
1765 1653 2011 1734 Episco-

452 1771 601 1832 pum
634 1749 1021 1831 Spoletinum
1042 1790 1063 1821 ,
1094 1749 1205 1831 qui
1234 1750 1534 1813 suffectus
1566 1758 1660 1813 est
1702 1751 1766 1810 in
1800 1749 2009 1812 locum

436 1848 551 1910 -sui
583 1846 1096 1911 praedecessoris
1119 1889 1140 1919 ,
1171 1847 1277 1929 qni
1307 1849 1637 1912 processui
1689 1846 2015 1911 condendo

449 1943 859 2016 interfuerat,
893 1960 965 2006 ac
995 1944 1159 2008 vitae
1187 1960 1436 2008 cursum
1469 1944 1784 2008 absolvit:
1831 1942 2013 2006 illum

451 2051 703 2107 secret·
730 2041 1097 2115 admonuit,
1131 2052 1199 2104 ut
1224 2040 1440 2106 accitis
1498 2042 1840 2123 improviso
1897 2049 2011 2106 Te.-

451 2141 656 2204 stibus
677 2140 804 2223 jam
824 2149 1009 2204 antea
1034 2140 1409 2203 examinatis
1429 2150 1550 2211 ,et
1576 2140 1720 2204 aliis
1747 2141 2015 2222 pariter,

450 2238 563 2319 qui
589 2238 797 2301 vocari
824 2237 887 2298 in
917 2257 1187 2300 examen
1216 2246 1513 2319 poterant
1540 2256 1611 2301 ac
1640 2238 2015 2324 debuerant,

456 2335 569 2397 sed
594 2335 797 2397 vocati
828 2332 1541 2415 nequaquam-fuerant,
1584 2334 1732 2398 illos
1793 2354 2014 2416 oppor-

452 2438 601 2494 tune
628 2432 1051 2514 interrogaret
1093 2431 1173 2494 de
1224 2440 1387 2494 statu
1446 2433 1862 2504 immediato,
1905 2435 2011 2513 oui

454 2530 757 2593 sanationi
789 2529 1131 2610 praecessit
1157 2555 1174 2589 ι
1223 2529 1574 2612 Episcopus
1627 2533 1704 2594 ad
1765 2533 2016 2597 Leonis-

454 2647 588 2690 sam
621 2646 691 2690 se
720 2625 1052 2691 conferens
1082 2628 1313 2690 indicta
1336 2627 1468 2708 jam
1494 2648 1667 2692 sacra
1702 2630 2018 2693 visitatio·
2046 2698 2057 2711 x

455 2744 535 2799 ne
566 2723 923 2788 sanctitatis
953 2731 1112 2788 Suae
1148 2725 1460 2788 mandatis
1490 2726 1867 2808 prudenter,
1920 2748 2016 2792 ac-

456 2832 799 2903 curateque
871 2820 1208 2887 satisfecit:
1289 2827 1525 2885 Novum
1601 2832 1969 2889 Processnm
1995 2871 2015 2900 ‚

456 2938 644 3000 quem
676 2919 985 2993 condidit,
1016 2926 1272 2984 Romam
1307 2919 1502 2993 misit,
1532 2929 2015 2985 consentaneum

459 3017 711 3097 penitus
740 3014 874 3079 illis
902 3016 1195 3092 omnibus
1216 3057 1237 3089 ,
1292 3038 1454 3098 quae
1512 3018 1631 3100 ipsi
1688 3021 2020 3084 commissa

455 3111 744 3177 fuerant:
774 3119 974 3188 Quem
1007 3123 1373 3180 Processum
1408 3117 1711 3181 Sanctitas
1737 3120 1857 3182 Sua
1906 3125 2025 3185 tra·

459 3209 657 3285 didit,
690 3219 761 3273 nt
805 3212 873 3273 in
912 3212 1257 3277 'tabulario
1312 3221 1447 3277 Sac.
1506 3216 2023 3299 congregationis

461 3308 844 3384 collocetur,
873 3321 945 3375 et
966 3312 1167 3384 insius
1195 3332 1380 3376 causa
1428 3310 1832 3379 difficultates
1890 3338 2021 3379 om-

457 3427 572 3472 nes
599 3429 860 3489 prorsus
890 3429 960 3472 se
993 3409 1242 3473 exuisse
1291 3407 1663 3474 adfirmavit.
1723 3413 2020 3487 Addidit,

458 3512 536 3569 Se
566 3505 807 3570 nnllam
841 3507 1320 3571 haesitationem
1353 3507 1652 3572 habuisse
1675 3553 1696 3582 ,
1727 3516 1793 3571 ut
1856 3510 2021 3577 litte⁵

458 3623 565 3665 ras
590 3603 770 3667 daret
800 3604 876 3667 ad
908 3603 1289 3688 Episcopum
1320 3604 1705 3686 spoletinum
1731 3651 1751 3679 ,
1782 3609 1871 3670 uti
1930 3611 2023 3672 di—

461 3710 630 3765 ctum
662 3708 787 3772 eet,
814 3701 1104 3782 quamvis
1132 3700 1447 3765 adversari
1478 3703 1767 3767 videatur
1796 3712 2021 3771 Decre-

456 3807 591 3860 tum
622 3797 959 3860 Alexandri
989 3805 1114 3861 vn.
1147 3798 1611 3883 promulgatum
1644 3808 2019 3867 annt51658.

461 3896 625 3977 quod
658 3895 960 3959 Sanctitas
980 3902 1100 3959 Sua
1127 3909 1582 3961 commemorat
1609 3901 1672 3961 in
1702 3900 1910 3963 Libris
1944 3938 2016 3948 -—

462 3996 549 4054 no
582 3998 1063 4060 caminetum
1095 3985 1593 4059 sanctorum-²11⁶.
1626 4002 1687 4059 2.
1722 4018 1863 4073 οαρ.
1918 4005 2019 4063 53.

458 4109 625 4152 num.
659 4094 757 4152 tt:
793 4126 869 4139 —
900 4098 1037 4164 Quo
1069 4109 1218 4155 sane
1277 4099 1541 4157 Decreta
1595 4095 2021 4176 praecipitur,

463 4205 541 4250 ne
570 4188 631 4248 in
660 4189 867 4252 causis
890 4189 1203 4271 ejusmodi
1265 4210 1378 4273 per
1431 4212 1864 4273 quoscumque
1923 4192 2029 4257 ad·

456 4283 800 4365 jungantur
827 4286 1058 4350 robora
1081 4329 1101 4356 ,
1133 4306 1204 4349 ae
1232 4286 1425 4350 veluti
1458 4289 1742 4351 subsidia
1772 4290 1850 4352 iis
1878 4311 2026 4372 pro-

466 4382 826 4447 bationibus
847 4425 870 4455 ,
897 4402 1059 4463 quae
1087 4383 1151 4444 in
1183 4386 1590 4454 processibus
1624 4386 1758 4468 jam
1820 4389 2027 4470 perfe-

463 4478 580 4542 ctis
605 4480 1007 4544 continentur
1029 4506 1047 4542 ι
1081 4482 1208 4545 Sibi
1237 4483 1403 4546 enim
1434 4485 1743 4565 persuasit
1796 4491 2025 4550 Decre-

463 4583 597 4639 tum
628 4577 965 4641 Alexandri
994 4578 1368 4662 vit-*locum
1402 4601 1523 4644 non
1553 4582 1782 4644 habere
1808 4626 1830 4655 ,
1881 4605 2024 4647 cum

462 4673 748 4738 Pontifex
780 4674 919 4757 ipse
947 4695 1059 4757 pro
1077 4678 1508 4758 cognoscenda
1540 4678 1903 4763 diligentius
1925 4701 2027 4744 ve-

465 4770 647 4835 ritate
677 4771 1043 4855 hujusmodi
1073 4773 1345 4838 subsidia
1373 4775 1731 4857 perquirat:
1766 4765 2025 4843 Accedit

470 4868 659 4930 etiam
684 4910 705 4941 ,
736 4869 904 4950 quod
936 4869 1094 4933 illud
1128 4877 1459 4935 Decretum
1482 4874 1728 4938 editum
1774 4873 1893 4936 fuit
1946 4875 2024 4939 ad

472 4966 850 5030 coercendos
895 4968 1356 5043 Postniatores,
1417 4991 1496 5034 ne
1550 4979 1781 5035 ‘restes‘
1831 4992 2028 5036 novos

468 5080 581 5142 pro
611 5061 795 5124 libito
827 5062 1325 5128 suoimbuerent
1346 5110 1366 5140 ,
1399 5069 1760 5149 prinsquam
1789 5069 1851 5129 in
1883 5089 2029 5133 exa·

471 5177 615 5221 men
643 5168 1052 5231 vocarentur,
1079 5169 1189 5223 aut
1216 5183 1358 5226 cum
1388 5173 1635 5229 veteres
1664 5173 1887 5230 Testes
1908 5168 2025 5229 ite·

2119 768 2330 831 tiamsi
2368 769 2540 831 idem
2596 770 2937 830 Decretum
2999 760 3520 844 impedimentum
3577 759 3689 825 ati„

2122 865 2274 947 quid
2305 866 2532 929 afferre
2563 870 2778 945 posset
2799 906 2820 935 ,
2853 861 3154 925 sanceias
3184 866 3299 923 Sua
3322 901 3342 929 ,
3375 864 3682 939 quatenus

2120 984 2284 1043 opus
2314 972 2525 1035 esset,
2563 981 2674 1045 pro
2708 961 2820 1022 bac
2849 962 2986 1022 vice
3017 965 3251 1022 tantum
3292 956 3450 1019 illud
3510 956 3685 1041 prius

2121 1060 2428 1141 abrogare
2458 1059 2886 1122 constituerat.

2245 1156 2590 1220 Illustratis
2624 1156 2742 1220 hoc
2764 1165 2949 1237 pacto
2969 1156 3051 1216 ob
3083 1172 3272 1216 novas
3301 1160 3362 1216 et
3392 1159 3687 1233 opportu-

2123 1274 2234 1318 nas
2280 1254 2804 1337 interrogationes
2857 1251 3306 1317 assertionibus
3360 1251 3640 1313 'l'estium
3664 1292 3684 1322 ,

2129 1352 2240 1433 qui
2275 1353 2450 1434 prius
2480 1350 2815 1415 examinati
2846 1349 3132 1419 fuerant3
3161 1348 3512 1429 iisdemque
3563 1366 3689 1408 ma·

2129 1450 2227 1532 gis
2256 1450 2683 1525 corroboratis
2713 1448 2979 1512 aliorum
3007 1445 3415 1517 testimoniis,
3445 1444 3551 1526 qui
3575 1443 3691 1507 mi·

2129 1547 2303 1609 nime
2331 1547 2411 1609 ad
2442 1566 2706 1608 examen
2725 1551 3155 1616 accesserant,
3187 1542 3339 1606 licet
3368 1543 3558 1605 acciri
3581 1542 3689 1606 de-

2130 1644 2440 1715 buissent,
2469 1644 2862 1725 apertissime
2886 1642 3086 1724 patuit
3114 1649 3312 1706 status
3333 1639 3559 1711 morbi,
3575 1640 3686 1721 qui

2132 1743 2443 1806 sanationi
2474 1743 2865 1807 instantanae
2894 1740 3283 1823 praecessit,
3312 1742 3376 1803 et
3420 1738 3692 1820 cognitio

2126 1838 2346 1903 habita
2376 1850 2474 1904 est
2501 1840 2581 1904 de
2613 1840 2784 1904 itlius
2835 1838 3334 1912 continuatione,
3392 1836 3573 1901 sicuti
3630 1837 3695 1900 in

2133 1937 2348 2019 primo
2381 1959 2460 2002 ex
2507 1938 2846 2020 propositis
2903 1937 3217 2002 Miraculis
3273 1936 3694 2001 contendeba·
3815 1942 3824 1949 ’

2132 2044 2278 2098 tur:
2326 2037 2570 2118 Quippe
2621 2037 2981 2118 Spoletinus
3027 2034 3373 2118 Episcopus
3428 2042 3697 2097 testatus

2131 2141 2231 2197 est
2262 2175 2283 2206 ,
2318 2155 2385 2198 se
2416 2134 2648 2199 vidisse
2677 2141 2985 2203 Puerum,
3015 2135 3097 2197 de
3127 2153 3253 2215 quo
3283 2153 3493 2196 sermo
3520 2134 3693 2197 insti·

2143 2231 2376 2305 tuitur,
2406 2231 2689 2317 integrae
2721 2233 2966 2296 sanitati
3002 2233 3355 2295 restitutum
3381 2275 3401 2303 ‚
3434 2241 3497 2294 et
3523 2233 3697 2313 pedi·

2132 2329 2266 2391 bus
2295 2329 2549 2393 omnino
2582 2328 2852 2392 liberum
2885 2341 3078 2411 atque
3118 2330 3518 2412 expeditum:
3576 2336 3697 2394 lta·

2127 2447 2255 2509 que
2288 2427 2596 2491 Sanctitas
2626 2434 2744 2490 Sua
2775 2437 3034 2508 peracto
3063 2433 3253 2490 Sacro
3312 2427 3374 2488 in
3430 2428 3693 2493 Basilica

2128 2525 2531 2589 Lateranensi
2554 2572 2574 2599 ,
2610 2520 2812 2590 accito
2848 2533 2911 2588 R.
2944 2533 3007 2589 P.
3061 2516 3229 2589 Fidei
3286 2531 3651 2592 Promotore
3673 2571 3694 2602 ,

2138 2643 2372 2707 meque
2403 2622 2811 2707 infrascripto
2840 2626 3185 2689 secretario
3217 2646 3328 2689 sua
3367 2626 3697 2693 auctorita-

2141 2729 2207 2786 te
2242 2722 2612 2804 adprobavit
2641 2729 2930 2804 tanquam
2961 2723 3328 2787 Miraculnm
3361 2724 3531 2787 tertii
3592 2746 3698 2807 ge·

2138 2821 2316 2883 neris
2351 2806 2845 2886 incolumitatem
2874 2822 3180 2885 redditam
3225 2822 3502 2905 Joseptm
3554 2822 3697 2887 Dio·

2140 2918 2326 3000 nysio
2348 2962 2368 2990 ‚
2404 2938 2592 2999 quam
2627 2920 3054 2985 Postulatores
3081 2918 3282 3002 primo
3313 2918 3453 2985 loco
3510 2940 3700 3002 expo·

2135 3024 2438 3079 suerunt:
2477 3023 2536 3079 ts
2571 3023 2730 3079 Puer
2758 3018 3026 3080 duorum
3057 3035 3359 3080 annorum
3390 3025 3514 3080 tam
3571 3038 3698 3085 ma·

2140 3132 2327 3197 gnam
2363 3114 2641 3197 corporis
2673 3114 2866 3178 totius
2892 3112 3289 3195 debilitatem
3323 3116 3402 3178 ab
3433 3116 3569 3198 ipso
3605 3114 3697 3179 vi·

2139 3220 2241 3275 tae
2270 3213 2532 3294 exordio
2559 3222 2976 3282 contraxerat,
3007 3220 3080 3274 ut
3113 3220 3278 3276 stare
3311 3212 3482 3278 nullo
3510 3215 3699 3279 modo

2134 3318 2391 3391 posset;
2421 3313 2675 3374 carnem
2709 3310 3125 3375 vero'lentam
3161 3310 3320 3374 adeo
3344 3354 3364 3382 ,
3394 3331 3466 3375 ac
3521 3312 3697 3376 flexi·

2137 3408 2335 3470 bilem
2367 3407 2641 3471 habebat
2662 3453 2681 3480 ,
2712 3416 2782 3471 ut
2804 3452 2823 3481 ‚
2851 3409 3047 3472 veluti
3085 3408 3501 3481 sudariolum,
3533 3429 3703 3474 eom·

2133 3505 2508 3588 plicareturz‘
2547 3513 2697 3569 Eum
2726 3509 2927 3571 Mater
2954 3508 3033 3570 ad
3065 3507 3414 3572 Ecclesiam
3448 3506 3698 3583 detulit,

2136 3604 2246 3665 ubi
2277 3608 2345 3666 B.
2379 3610 2692 3668 JOSEPHt
2736 3610 2972 3687 Corpus
3031 3605 3378 3686 reposttum
3435 3612 3572 3678 est,
3629 3611 3698 3670 et

2138 3721 2329 3783 super
2359 3700 2571 3766 Altare
2628 3709 2891 3772 Puerum
2952 3701 3326 3777 collocavit,
3381 3689 3703 3769 nanim

2134 3798 2429 3863 invocans
2463 3817 2683 3880 magna
2716 3798 3022 3881 religione
3055 3820 3124 3863 ac
3171 3800 3445 3881 pietate,
3500 3808 3567 3864 ut
3595 3800 3704 3876 ‘ilb

2136 3894 2265 3958 lum
2298 3897 2378 3958 ab
2409 3896 2803 3979 aegritudine
2830 3895 3151 3978 liberaret:
3173 3905 3344 3961 Tunc
3367 3907 3529 3965 Puer
3556 3902 3702 3964 abs·
3775 3887 3785 3908 ²

2135 4014 2259 4074 que
2313 3993 2443 4057 ulla
2479 4014 2654 4057 mora
2687 3995 2882 4076 pedes
2941 4015 3090 4059 suos
3151 3996 3237 4059 ita
3299 3999 3696 4062 corroborari

2138 4092 2374 4165 sensit,
2397 4098 2478 4155 'ut
2499 4090 2796 4155 incedere
2826 4091 2962 4154 sine
2993 4090 3365 4157 difficultate
3387 4138 3407 4168 ,
3444 4105 3514 4158 et
3559 4116 3698 4158 cur·

2138 4210 2282 4253 rere
2310 4189 2626 4270 potuerit;
2657 4210 2783 4271 quo
2812 4190 3095 4254 sanitatis
3135 4190 3444 4255 beneficio
3502 4192 3702 4258 adhuc

2140 4288 2366 4351 fruitur
2387 4332 2406 4361 ,
2441 4288 2530 4350 uti
2560 4287 2849 4369 superius
2880 4289 3530 4354 commemoravimus.

2268 4387 2527 4467 Insuper
2565 4384 2866 4448 Sanctitas
2927 4391 3048 4448 Sua
3108 4405 3359 4468 quoque
3414 4389 3702 4471 probavit
3798 4450 3812 4458 ,

2141 4492 2434 4564 tanquam
2478 4479 2844 4545 miraculum
2904 4481 3079 4544 tertii
3140 4484 3393 4567 generis
3447 4485 3706 4550 sanatio-

2141 4589 2285 4642 ne'm
2318 4578 2624 4642 Antoniae
2653 4577 2978 4642 Morelliae
3001 4622 3022 4652 ,
3056 4600 3242 4661 quam
3271 4581 3703 4647 Postulatores

2143 4675 2420 4739 secundo
2450 4675 2591 4739 loco
2623 4683 3012 4739 statuerunt=
3048 4674 3161 4739 Illa
3201 4678 3476 4762 graviter
3529 4679 3703 4744 labo-

2141 4775 2321 4838 rabat
2351 4772 2562 4836 fistula
2587 4816 2607 4846 ,
2640 4793 2799 4854 quae
2831 4773 3075 4838 Gallum
3109 4775 3301 4838 etiam
3332 4775 3703 4853 induxerat,

2140 4881 2205 4935 et
2237 4871 2473 4934 saniem
2501 4870 2878 4950 permixtam
2915 4872 3214 4954 sanguine
3236 4872 3578 4937 fundebat:
3617 4882 3712 4938 Ex

2143 4972 2360 5035 eadem
2391 4970 2599 5037 fistula
2624 5012 2644 5041 ,
2698 4992 2839 5033 cum
2894 4970 3074 5033 hians
3136 4979 3423 5053 pateret,
3484 4982 3709 5038 ventus

2145 5077 2268 5133 tam
2299 5068 2640 5132 vehemens
2671 5070 3066 5149 erumpebat,
3100 5075 3163 5131 ut
3196 5069 3530 5133 candelam
3560 5089 3704 5153 pos·

2142 5177 2240 5232 set
2270 5167 2673 5250 extinguere:
2709 5186 2826 5249 per
2850 5165 3008 5228 duos
3056 5187 3251 5231 annos
3309 5167 3426 5229 hoc
3483 5169 3706 5231 morbo

473 5274 608 5316 rum
638 5275 909 5342 examen
927 5257 1143 5320 subire
1172 5258 1480 5326 deberent
1504 5286 1520 5321 ι
1557 5268 1744 5326 Porro
1775 5263 1894 5327 hoc
1922 5283 2029 5346 pe*
2145 5264 2421 5328 cruciata
2449 5262 2570 5326 tuit
2592 5307 2610 5335 ,
2642 5262 2740 5326 cui
2771 5262 3024 5327 dolores
3050 5264 3241 5327 etiam
3267 5307 3287 5336 ,
3314 5263 3531 5328 Tussis
3556 5308 3576 5336 ,
3636 5286 3709 5330 ac

477 5351 1074 5424 ricolumobvenire
1104 5355 1285 5420 nullo
1314 5359 1499 5422 modo
1526 5360 1733 5442 potuit
1790 5362 1875 5428 ob
1932 5381 2029 5424 ac·
2147 5360 2362 5425 Febris
2394 5360 2977 5440 superaddebantur
3000 5405 3018 5432 ,
3051 5361 3249 5424 donec
3299 5362 3441 5443 pius
3500 5367 3712 5425 Sacer-

477 5457 748 5550 curatam
779 5451 1167 5536 diligentiam
1197 5473 1271 5519 ac
1298 5456 1603 5522 rationem
1626 5501 1647 5533 ,
1681 5477 1804 5541 qua
1831 5465 2033 5524 tetum
2148 5460 2267 5525 dos
2293 5457 2473 5524 illam
2504 5455 2798 5522 oblinis-it
2830 5459 2977 5522 oleo
3002 5504 3020 5534 ,
3051 5458 3219 5542 quod
3263 5469 3406 5524 ante
3465 5479 3711 5524 sacrum
