4442 6300
999 503 1107 558 Μ
1993 507 2200 562 ACTA
2238 504 2893 565 CANONIZA'HONIS

813 647 1444 731 ctissime-implevit,
1469 657 1603 715 tum
1626 669 1766 715 cam
1799 653 2131 737 praecipue
2155 696 2174 726 ‚
2203 652 2373 736 quae
2621 656 2727 718 Ab·
2747 674 2819 720 ea
2853 662 3059 725 tamen
3087 655 3389 723 virtutum
3425 675 3678 722 suarum
3699 702 3722 734 ,
3744 664 3807 724 et
3832 681 4047 744 super·
4086 690 4135 751 ῃ

811 743 1345 830 plenitudelaegis
1377 754 1495 819 est,
1510 748 1960 813 uitecttonsmz
1991 750 2183 833 Cujus
2215 771 2373 833 pro·
2489 770 2708 814 norum
2738 752 3182 821 charismatum
3215 754 3600 821 sublimitate
3661 756 3880 825 oculos
3938 760 4046 823 de-

812 838 981 906 fecto
1007 844 1200 906 Nobis
1231 844 1442 908 damni
1471 854 1599 917 est,
1622 866 1705 909 cx
1730 845 2018 911 collectis
2046 848 2127 912 de
2155 849 2365 935 ipsius
2486 848 2724 912 clinans
2751 848 3041 913 Camillus
3064 850 3095 923 ,'
3115 871 3352 934 eosque
3385 852 3447 915 in
3479 853 3770 935 propriae
3799 856 4042 919 bumili-

809 938 939 1003 vita
964 951 1022 1002 et
1061 943 1248 1004 rebus
1274 941 1491 1025 gestis,
1520 944 1893 1011 certissimis
1915 946 2370 1017 monumentis,
2485 946 2631 1008 tatis
2660 945 3086 1027 profunditate
3115 947 3419 1013 libentius
3448 948 3728 1033 defigens
3747 995 3770 1025 ‚
3796 965 3914 1019 ne'c
3932 946 4047 1017 un·

811 1042 939 1098 tam
967 1036 1422 1103 sublimitatem
1453 1048 1640 1121 atque
1697 1039 2113 1122 profundum,
2169 1060 2360 1125 quam
2483 1063 2669 1124 quam
2700 1043 3018 1109 oblivione
3047 1054 3269 1127 captus
3319 1047 3705 1130 purgationis
3757 1056 4045 1114 veterum

802 1133 1200 1199 ‚latitudinem
1234 1134 1818 1219 longitudinemque
1844 1138 2243 1221 dignoscere:

2485 1158 2739 1202 suorum
2773 1139 3191 1213 delictorum,
3223 1160 3411 1222 saepe
3471 1162 3539 1204 se
3595 1144 3760 1208 inter
3815 1156 4035 1233 omnes

936 1228 1236 1295 Sublimis
1267 1230 1553 1311 profecto
1581 1232 1892 1309 ebaritas,
1921 1255 2084 1318 quae
2129 1255 2164 1299 a
2227 1242 2357 1298 Deo
2487 1244 2847 1316 peccatores
2876 1239 3227 1323 pessimum
3254 1237 3612 1321 appellabat
3634 1284 3656 1313 ,
3699 1258 3895 1323 seque
3950 1244 4045 1306 in·

807 1327 1197 1406 procedens,-
1225 1339 1291 1392 et
1322 1329 1391 1389 in
1424 1335 1614 1393 Betim
1642 1330 1844 1411 ipsum
1904 1351 1974 1394 se
2030 1330 2313 1397 referens
2338 1374 2358 1406 ,

805 1432 1017 1489 creata
1043 1425 1254 1495 omnia
1272 1466 1294 1500 ,
1326 1446 1490 1509 quae
1516 1426 1654 1492 aliis
1680 1426 2070 1493 inordinatae
2123 1428 2366 1510 cupidi-

2478 1332 2729 1416 dignum
2762 1334 2877 1414 qui
2899 1334 3062 1398 inter
3089 1334 3377 1399 homines
3403 1336 3685 1411 viveret,
3741 1358 3813 1403 ac
3843 1340 4041 1405 desti-

2478 1437 2689 1492 natum
2721 1432 2996 1495 aeternis
3024 1430 3274 1514 ignibus
3302 1432 3588 1496 titionem
3612 1434 3831 1507 intimo
3850 1436 4044 1500 animi

807 1522 956 1585 tatis
981 1521 1256 1586 fomenta
1287 1543 1429 1587 esse
1466 1523 1706 1596 solent,
1735 1523 1835 1589 vel
1863 1530 2180 1607 tamquam
2224 1526 2356 1607 pie-
2478 1544 2666 1590 sensu
2695 1516 3152 1608 profitebatur3
3185 1547 3264 1593 ex
3295 1550 3421 1612 quo
3471 1551 3619 1595 sane
3673 1531 4041 1599 humilitatis

803 1621 956 1684 tatis
982 1621 1045 1682 in
1073 1626 1268 1683 Deum
1299 1628 1661 1704 argumenta
1685 1663 1706 1694 ‚
1752 1622 1851 1686 vel
1909 1629 2227 1706 tamquam
2254 1634 2363 1689 ‘oe-
2475 1620 2647 1686 fonte
2679 1623 3044 1702 prodierunt
3071 1623 3318 1689 assidua
3342 1667 3364 1700 ,
3390 1627 3624 1707 quibus
3663 1638 3894 1709 corpus
3944 1629 4042 1694 af-

803 1718 1091 1783 casiones
1117 1716 1588 1785 misericordiae
1611 1719 1672 1780 in
1703 1719 2026 1784 Proximos
2065 1740 2362 1789 exercen-

804 1814 922 1879 dae
953 1817 1135 1878 unice
1161 1816 1729 1888 intuebaturJiinc,
1753 1834 1942 1896 quum
1967 1838 2049 1881 ex
2070 1818 2364 1883 omuibus

801 1915 1030 1984 rebus,
1060 1932 1495 1993 quaecumque
1529 1913 1729 1994 ipsius
1749 1914 2042 1977 sensibus
2068 1916 2367 2003 obversa-

803 2008 1070 2081 bantur,
1101 2029 1255 2072 nova
1285 2007 1573 2090 quotidie
1630 2010 1875 2076 amandi
1939 2010 2356 2093 laudandique

800 2106 1112 2170 Crantoris
1141 2106 1538 2169 incitamenta
1571 2117 1895 2179 sumeret,
1929 2128 2119 2172 novas
2157 2109 2360 2172 cbari-

798 2207 947 2269 tatis
973 2206 1012 2266 fl
1033 2223 1254 2277 immas
1283 2203 1683 2285 conciperetz
1720 2204 1782 2264 in
1811 2205 2094 2269 assiduos
2124 2207 2206 2270 de
2230 2213 2360 2270 Deo

801 2321 1162 2373 sermones,
1192 2301 1252 2362 in
1281 2301 1798 2384 flagrantissimos
1851 2301 2051 2365 Divini
2105 2303 2373 2367 Amoris

800 2409 977 2465 actos
1002 2416 1026 2470 ,
1050 2417 1173 2462 non
1205 2394 1337 2461 sine
1360 2397 1660 2481 lacrymis
1684 2398 2029 2461 identidem
2074 2419 2359 2481 erumpe·

794 2498 948 2571 bat3
977 2505 1274 2577 tantoque
1302 2514 1413 2559 cor
1438 2494 1587 2576 ejus
1617 2495 1948 2558 aestuabat
1976 2497 2201 2561 ardore
2220 2541 2242 2571 ‚
2289 2505 2359 2561 ut

796 2592 1157 2659 sensibilem
1188 2591 1528 2674 aliquando
1559 2591 1764 2656 lucem
1794 2613 1830 2657 e
1863 2593 2038 2656 vultu
2087 2615 2201 2659 suo
2258 2613 2357 2660 ra‘-

793 2692 1065 2755 diantem
1096 2689 1458 2764 emitteret3
1518 2696 1585 2754 et
1642 2688 2042 2757 nibilominus
2095 2692 2355 2777 ingemi-

789 2810 976 2855 scens
995 2834 1015 2862 ,
1037 2787 1214 2871 quod
1245 2806 1316 2850 se
1342 2785 1625 2852 infinitae
1654 2787 1918 2853 bonitati
1947 2807 2061 2872 pro
2115 2789 2355 2855 merito

790 2886 1151 2970 diligendae
1181 2878 1490 2967 imparem
1523 2894 1937 2969 agnosceret,
1967 2884 2237 2952 infinitas
2263 2888 2351 2952 si-

790 2986 856 3049 bi
883 2985 1124 3048 animas
1152 2982 1290 3047 dari
1316 2982 1663 3055 voluisset,
1695 3000 1852 3064 quas
1881 2983 1946 3045 iu
1979 2984 2088 3048 Dei
2129 3004 2349 3068 amore

786 3090 956 3146 totas
978 3078 1390 3164 impenderet.
1417 3083 1550 3142 Hoc
1577 3077 1899 3143 desiderio
1928 3079 2243 3155 incensus,
2271 3081 2351 3146 ad

786 3198 1051 3262 operosa
1083 3175 1428 3241 ministeria
1481 3174 1784 3239 Proximis
1842 3177 2213 3255 praestanda
2270 3197 2350 3243 ee

787 3273 1372 3359 spiritu'accedebat
1391 3316 1413 3346 ,
1442 3279 1510 3336 ut
1536 3270 1951 3354 omnipotenti
1983 3277 2135 3349 Deo,
2157 3295 2346 3358 quem

783 3372 851 3436 in
879 3369 1256 3455 pauperibus
1283 3369 1665 3441 intuebatur,
1693 3368 2069 3461 obsequium
2086 3369 2345 3451 aliquod

783 3489 899 3554 pro
923 3469 1163 3532 viribus
1195 3466 1520 3530 exhiberet
1545 3491 1570 3541 ὅ
1597 3467 1676 3529 ab
1707 3486 1918 3548 eaque
1967 3466 2344 3549 cogitatione

783 3569 1404 3647 nunquammentem
1424 3563 1838 3648 animumque
1861 3564 2202 3626 avertebat.
2226 3571 2345 3629 lta·

783 3682 906 3744 que
936 3659 1272 3725 caelestem
1301 3658 1439 3724 fere
1469 3659 1660 3723 vitam
1691 3659 1756 3722 in
1789 3657 2004 3724 Terris
2065 3661 2296 3726 ducens
2319 3706 2340 3737 ,

780 3776 1249 3838 nonnumquam
1281 3756 1449 3819 visus
1476 3761 1578 3820 est
1609 3774 1722 3837 per
1770 3755 2086 3819 mirabiles
2143 3764 2348 3821 ecsta·
2377 3819 2395 3842 x

783 3873 885 3920 ses
915 3874 950 3918 a
983 3854 1272 3918 sensibus
1291 3853 1548 3916 omniuo
1571 3852 1901 3924 alienatus,
1932 3860 2192 3937 totoqn0
2211 3876 2348 3921 001·-

780 3969 935 4033 pore
961 3949 1026 4011 in
1057 3969 1202 4014 aere
1229 3948 1578 4028 elevatoac
1605 3967 1912 4029 suspenso
1935 3989 1957 4023 ,
2014 3951 2341 4018 beatorum

783 4046 1111 4129 spirituum
1143 4044 1466 4134 consortio
1495 4064 1636 4110 sese
1681 4044 1992 4110 miscere:
2049 4048 2220 4113 Unde
2278 4055 2344 4113 et

785 4163 1003 4210 eorum
1035 4162 1157 4228 ope
1187 4163 1259 4207 ac
1287 4143 1603 4224 praesidio
1621 4141 1949 4223 complura
2001 4144 2188 4227 Vitae
2246 4146 2338 4208 di-

781 4242 1078 4316 acrimina
1109 4239 1483 4304 mirabiliter
1504 4240 1724 4316 evasit3
1755 4250 1821 4305 et
1850 4247 1907 4305 S.
1941 4241 2203 4325 Philippi
2223 4249 2345 4308 Ne·

780 4337 858 4400 rii
888 4338 1247 4402 testimonio
1274 4346 1665 4419 compertum
1692 4342 1812 4411 est,
1843 4338 2115 4421 Angelos
2142 4339 2341 4421 ipsius

782 4435 1104 4501 Sociorum
1137 4433 1481 4506 lateribus,
1511 4433 1663 4497 dum
1707 4434 1980 4499 Infirmis
2035 4429 2340 4502 ministra·

779 4539 957 4605 rent,
983 4530 1310 4594 adstantes
1336 4527 1719 4610 apparuisse.
1751 4529 1871 4594 Sed
1922 4537 1989 4593 et
2044 4531 2186 4596 aliis
2242 4554 2342 4602 su-

780 4626 1286 4713 pernaturalibus
1313 4624 1494 4690 donis
1523 4645 1559 4690 a
1577 4631 1708 4690 Deo
1737 4626 2090 4696 cumulatus
2111 4671 2131 4701 ,
2162 4628 2340 4711 spiri·

781 4736 848 4791 tu
879 4724 1239 4809 prophetiae
1262 4764 1286 4796 ‚
1313 4724 1510 4806 gratia
1540 4724 1931 4789 curationum
1958 4767 1978 4795 ,
2035 4731 2102 4787 et
2159 4726 2342 4793 mira·

780 4822 904 4886 bili
929 4823 989 4884 in
1020 4832 1279 4886 naturae
1308 4819 1482 4903 leges
1512 4819 1786 4904 imperio
1808 4865 1829 4896 ‚
1859 4821 2060 4887 adbuc
2085 4823 2298 4887 vivens
2316 4869 2338 4900 ,

779 4920 1098 4985 innumera
1128 4918 1418 4984 caelestis
1447 4916 1678 4984 favoris
1702 4960 1724 4993 ,
1779 4939 1920 5002 quo¹
1965 4917 2339 4995 fruebatur,

780 5024 1142 5104 argumenta·
1170 5015 1366 5084 dedit.

882 5215 936 5267 A
978 5212 1168 5267 Pietas
1195 5212 1255 5264 in
1282 5212 1480 5266 Deum.

735 5295 772 5358 C
882 5302 928 5353 B
968 5298 1328 5355 Humilieneis
1353 5312 1408 5353 et
1430 5296 1810 5372 poenitentiae
1832 5296 2093 5360 studium.

887 5392 930 5441 C
977 5389 1234 5443 Charitas
1261 5406 1392 5458 erga
1419 5387 1726 5444 Proximos
1742 5424 1759 5455 ,
1786 5387 2033 5442 manime
2059 5386 2333 5460 infirmos.

2472 1719 2772 1793 dictabat,
2790 1720 3213 1805 poenitentiae
3245 1742 3318 1787 ac
3348 1721 3847 1790 mortificationis
3865 1744 4039 1791 exer·

2472 1816 2663 1893 citis,
2695 1819 3039 1901 praecipue
3064 1837 3215 1883 vero
3246 1820 3563 1885 demissus
3608 1820 3735 1883 ‘ille
3797 1823 4038 1890 mentis

2474 1914 2761 1989 babitus,
2791 1936 2917 1998 qno
2947 1916 3324 1998 pauperibus
3374 1924 3442 1981 et
3494 1919 3771 2001 aegrotis
3792 1963 3812 1992 ,
3872 1922 4037 2002 qu‘os

2471 2012 2595 2077 sibi
2620 2013 2685 2076 iu
2714 2013 3013 2085 nominos
3040 2012 3435 2095 adsciverat,
3467 2012 3828 2100 in'abjectis
3858 2025 3924 2081 ct
3947 2016 4037 2083 le·

2474 2110 2747 2177 boriosis
2772 2111 3132 2193 quibusque
3161 2108 3389 2191 officiis
3415 2113 3563 2177 sine·
3580 2115 3795 2195 requie
3850 2114 4031 2178 mini·

2470 2209 2709 2271 strabat
2749 2216 2939 2289 atque
2962 2266 2971 2277 ι
2995 2207 3400 2271 inserviebat.
3458 2214 3677 2292 Neque
3737 2210 3888 2276 vcro
3938 2213 4024 2274 ob

2471 2305 2852 2388 praeclaram
2874 2348 2894 2376 ,
2926 2310 3179 2386 Deoque
3210 2314 3275 2368 et
3304 2305 3670 2373 bominibus
3708 2306 4029 2389 acceptis-

2470 2403 2693 2467 simam
2727 2390 3115 2486 Religionem
3148 2420 3182 2463 a
3213 2422 3281 2466 se
3316 2400 3676 2479 fundatam,
3704 2405 4028 2486 sapientis·

2469 2498 2630 2563 sime
2658 2498 3154 2564 administratam
3180 2540 3203 2573 ,
3232 2496 3670 2580 latissimeque
3730 2509 4030 2584 propaga·

2471 2604 2645 2681 tam,
2672 2595 2806 2661 ullo
2835 2595 3026 2661 modo
3057 2595 3487 2671 efferebatur3
3520 2595 3803 2678 quinimo
3857 2597 4032 2663 dela·

2469 2702 2603 2757 tum
2637 2693 2757 2757 sibi
2786 2693 2952 2757 forte
2983 2691 3356 2756 Fundatoris
3384 2710 3617 2757 nomen
3646 2693 4027 2778 refugiens,

2466 2790 2664 2872 ipsam
2694 2809 2945 2873 quoque
2974 2790 3223 2854 Ordinis
3275 2789 3737 2865 Praefecturam
3761 2834 3783 2865 ,
3834 2812 4025 2874 quam

2462 2906 2576 2969 per
2600 2892 2844 2951 xxvll.
2875 2906 3071 2953 anuos
3100 2888 3165 2949 in
3196 2884 3367 2951 omni
3396 2886 3697 2970 patientia
3726 2898 3791 2953 et
3821 2887 4026 2955 solici-

2458 2983 2676 3049 tudine
2700 2974 2983 3068 gesserat
3010 3025 3031 3056 ,
3066 2982 3318 3051 tandem
3343 3026 3363 3056 ,
3395 2981 3642 3048 firmato
3659 2983 3799 3067 jam
3826 2981 4037 3065 ipsius

2457 3072 2621 3146 statu
2651 3088 2715 3144 et
2744 3080 3090 3165 regimine.
3119 3079 3450 3145 humiliter
3474 3099 3602 3146 ase
3628 3078 4023 3146 abdicavitet

2456 3187 2682 3261 sponte
2714 3178 2996 3252 dimisit3
3023 3187 3094 3242 ut
3122 3178 3205 3241 ita
3235 3197 3378 3242 cum
3406 3196 3488 3241 eo
3508 3219 3530 3248 .
3556 3198 3594 3242 a
3626 3197 3754 3260 quo
3785 3173 4022 3248 didice-

2459 3281 2558 3337 rat
2586 3273 2759 3336 mi'tis
2789 3293 2932 3337 esse
2988 3281 3054 3337 et
3112 3272 3370 3336 humilis
3425 3273 3618 3337 corde
3637 3316 3658 3347 ,
3723 3272 4019 3341 fratribus

2458 3369 2595 3442 suis
2618 3369 2753 3452 jam
2781 3369 2993 3450 dicere
3021 3378 3241 3450 posset
3262 3395 3279 3430 z
3310 3373 3453 3456 <¹39⁰
3476 3382 3679 3433 natam
3706 3376 3776 3432 in
3828 3377 4020 3437 media

2457 3473 2646 3530 castri
2670 3486 2839 3539 sum,
2866 3476 3175 3545 tamquam
3208 3472 3317 3546 qai
3361 3471 3687 3530 ministret.
3741 3472 3887 3540 Qua.
3932 3478 4022 3533 ta·

2458 3583 2601 3627 men
2634 3583 2715 3627 ex
2744 3582 2811 3625 re
2841 3563 3029 3626 iidem
3063 3581 3291 3630 novam
3320 3562 3655 3628 utilitatem
3690 3572 3831 3644 sunt
3872 3585 4019 3634 cene

2456 3660 2746 3743 sequuti3
2779 3660 2925 3723 dum
2956 3661 3036 3722 ab
3068 3662 3205 3741 ipso
3255 3660 3510 3724 Ordinis
3568 3660 3973 3726 moderatore
3997 3705 4019 3736 ,

2456 3778 2646 3848 axquo
2680 3751 3178 3841 sapientissimas
3202 3754 3386 3840 leges
3415 3747 3878 3838 atque-vivpndi
3901 3765 4015 3823 Re·

2457 3855 2637 3940 gulas
2662 3857 2739 3921 ad
2772 3876 2916 3922 eum
2951 3855 3114 3919 diem
3146 3862 3558 3934 acceperant,
3586 3853 3892 3938 deinceps
3953 3876 4017 3920 e·

2457 3954 2606 4025 tiam
2648 3943 2972 4034 perfectae
3028 3950 3438 4034 subjectionis
3496 3959 3560 4014 et
3611 3951 4014 4019 obedientiae

2455 4049 2720 4113 formam
2756 4048 2952 4132 ipsius
2980 4046 3270 4131 exempla
3316 4047 3636 4111 intuentes
3686 4048 4014 4116 desumere

2452 4153 2807 4231 potuerunt.
3228 4197 3241 4202 -
3611 4145 3635 4189 ·'
3680 4203 3685 4207 .

2562 4243 2705 4308 'Sed
2728 4242 2859 4326 jam
2890 4240 3209 4306 videamus
3233 4283 3254 4314 ,
3285 4261 3409 4321 qua
3437 4241 3769 4308 latitudine
3790 4242 4011 4310 dilata-
4057 4248 4104 4311 C

2450 4347 2593 4425 tumf
2619 4341 2701 4405 sit
2724 4360 2839 4404 cor
2866 4338 3007 4421 ejus
3028 4383 3050 4412 ,
3078 4347 3149 4401 ut
3176 4338 3505 4403 charitatis
3563 4361 3713 4405 suae
3768 4341 4010 4406 fructus

2450 4438 2527 4503 ad
2558 4458 2778 4502 omnes
2808 4435 3130 4526 Proaimos
3157 4434 3223 4498 iu
3252 4434 3664 4501 tribulatione
3711 4444 3776 4501 et
3798 4458 4015 4523 „augu-

2452 4538 2568 4601 stia
2600 4535 2836 4619 positos
2864 4533 3199 4597 derivaret.
3231 4538 3367 4619 Quo
3399 4533 3473 4596 in·
3496 4551 3730 4617 genere
3761 4537 3883 4600 n‘on
3910 4535 4012 4601 hie

2450 4632 2663 4697 omnia
2695 4630 3075 4694 recensenda
3105 4629 3431 4704 ducimus,
3488 4641 3647 4712 quae
3708 4631 4007 4716 Camillus

2452 4729 2704 4794 assidue
2733 4747 2845 4809 pro
2890 4727 3267 4816 Pauperibus
3327 4725 3789 4802 sustentandis.
3842 4727 4011 4793 alen-

2451 4826 2573 4901 dis,
2590 4822 2870 4905 bospitio
2897 4823 3301 4905 accipiendis,
3323 4843 3438 4904 pro
3458 4823 3811 4906 Virginibus
3834 4831 4013 4890 tuen·

2450 4923 2547 4991 dis
2575 4931 2641 4988 et
2660 4920 3093 4994 collocandis,
3125 4941 3238 5004 pro
3270 4920 3485 4985 viduis
3510 4935 3587 4985 ac
3616 4920 3876 5002 Pupillis
3900 4922 4013 4987 de-

2449 5018 2764 5086 fensandis
2782 5011 3635 5104 sublevandisque'gerebat.
3665 5023 3863 5084 Unum
3888 5037 4011 5103 pro
