4442 6300
328 2297 387 2363 Δ

1536 501 1882 587 quinqua
1947 497 2414 556 emmenum
2457 501 2620 553 rte.

481 644 604 713 bu·
631 648 778 729 post
802 642 1075 713 auditam
1105 663 1143 718 a
1169 641 1372 712 Nobis
1395 650 1718 727 gestorum
1767 646 1993 710 seriem
2013 691 2035 722 ,

472 750 544 810 et
568 743 737 807 beati
768 741 899 805 viri
932 741 1252 831 praeclara
1275 744 1501 807 merita
1522 786 1545 818 ,
1573 745 1652 807 ad
1695 742 2041 829 legitimam

469 841 716 903 causae
735 836 923 920 hujus
949 838 1412 905 absolutionem
1437 840 1720 904 unamini
1748 860 1899 917 voce
1913 842 2042 909 Nos

467 935 992 1010 adhortantibus3
1025 955 1150 1001 non
1181 935 1524 1002 viciniores
1573 924 1803 1009 modo,
1833 938 1947 1015 sed
1975 954 2041 1001 e-

469 1028 622 1094 tiam
651 1031 1029 1097 remotiores
1055 1050 1172 1112 per
1188 1031 1433 1099 ltaliam
1469 1028 1812 1116 Episcopus
1838 1043 1907 1097 et
1927 1038 2039 1097 Ar-

471 1126 906 1211 ehiepiscopoa
938 1129 1178 1195 moneri
1211 1130 1612 1203 curavimus,
1657 1138 1727 1194 ut
1789 1131 2038 1195 circiter

470 1222 787 1290 Kalendas
816 1225 1034 1290 lunias
1059 1268 1081 1298 ,
1112 1226 1341 1307 quibus
1369 1227 1772 1292 commodum
1820 1236 1992 1291 esset
2011 1270 2034 1302 ,

468 1322 549 1386 ad
576 1322 808 1386 Urbem
842 1341 985 1389 sese
1015 1318 1414 1399 conferrent3
1446 1344 1574 1405 quo
1595 1331 1663 1389 et
1691 1324 2031 1389 instantem

458 1415 745 1485 Natalem
773 1418 941 1482 diem
972 1420 1304 1487 beatorum
1363 1412 1832 1502 Apostolorum
1860 1423 2032 1486 Petri

459 1523 532 1579 et
557 1513 775 1589 Pauli,
802 1515 999 1579 veteri
1028 1532 1209 1582 more
1239 1517 1569 1585 nobiscum
1597 1538 1721 1582 una
1751 1517 2035 1584 celebra·

461 1618 605 1676 rent
625 1654 646 1685 ,
676 1618 741 1676 et
765 1613 962 1681 Nobis
980 1613 1058 1677 de
1092 1614 1439 1698 saepedicti
1466 1621 1535 1679 Β.
1563 1616 1736 1680 tetri
1766 1615 2030 1700 Regala-

443 1706 554 1782 ⁴¹ti,
580 1726 824 1794 necnon
854 1714 973 1772 ΒΒ.
1004 1709 1240 1775 Fidelis
1264 1730 1302 1774 a
1357 1712 1746 1796 Sigmaringa
1803 1719 2034 1798 Marty-

464 1804 596 1878 ris,
626 1804 869 1868 Camilli
898 1806 979 1870 de
1007 1806 1237 1882 Lellis,
1265 1816 1332 1873 et
1363 1810 1622 1892 Josepbi
1651 1829 1687 1871 a
1732 1811 2031 1876 Leonissa

459 1899 901 1966 Confessorum
924 1945 946 1976 ,
974 1909 1040 1968 et
1068 1904 1431 1971 catharinae
1460 1906 1540 1970 de
1574 1906 1802 1972 Ricciis
1829 1908 2026 1991 Virgi-

457 1997 564 2061 nis
585 2041 606 2071 ‚
639 1996 907 2077 solemni
935 2002 1420 2068 canonizatione
1474 2002 1978 2069 deliberantibus
1998 2048 2021 2080 ,

457 2092 859 2158 comitiorum
881 2115 1140 2161 suorum
1169 2098 1468 2183 suffragia
1486 2142 1508 2172 ‚
1539 2110 1726 2181 prout
1755 2101 2020 2183 Spiritus

457 2199 708 2258 sanetus
738 2190 895 2273 ipsis
923 2194 1389 2277 suggessisset,
1415 2205 1823 2277 exponerent.

577 2292 656 2353 nt
679 2297 892 2352 autem
921 2290 1283 2371 praeclarae
1315 2293 1516 2374 ipsius
1540 2299 1604 2357 Β.
1633 2295 1802 2360 Petri
1830 2295 2019 2361 virtu·
2053 2346 2062 2355 .

453 2390 553 2450 tes
579 2385 1145 2470 ejusqueinsignia
1176 2389 1475 2454 miracula
1497 2434 1520 2465 ,
1550 2409 1788 2456 necnon
1837 2393 2011 2457 adbi-

450 2481 626 2546 bitae
657 2482 978 2547 cautiones
1007 2483 1071 2544 in
1102 2484 1293 2549 totius
1332 2490 1569 2551 causae
1626 2487 2013 2561 discussione

449 2578 762 2642 neminem
796 2578 1106 2654 laterent,
1135 2582 1367 2646 indicto
1396 2584 1569 2665 prius
1623 2602 1834 2649 coram
1893 2590 2014 2650 No·

448 2672 549 2738 bis
573 2674 858 2759 plenario
885 2696 1184 2742 consessu
1217 2680 1495 2744 omnium
1555 2681 2014 2748 Ecclesiastico-

443 2788 585 2833 rum
616 2771 913 2835 ordinum
955 2779 1022 2836 et
1080 2773 1509 2860 collegiorum
1568 2797 1643 2843 ac
1691 2777 2014 2861 Magistra-

447 2875 623 2931 tuum
656 2875 972 2933 Romanae
999 2870 1222 2935 Curiae
1242 2914 1263 2944 ‚
1293 2872 1726 2939 mandavimus
1752 2894 1788 2938 a
1849 2873 2009 2939 dile·

441 2970 546 3030 cto
575 2964 736 3029 rino
765 2966 998 3047 Josepb
1025 2969 1396 3032 Ascevoliuo
1421 2979 1675 3037 nostrae
1696 2972 2004 3036 consisto·

444 3061 625 3127 rialis
653 3061 849 3126 Aulae
880 3063 1200 3128 Advocato
1215 3064 1296 3129 de
1329 3066 1688 3149 praemissis
1712 3067 2007 3133 omnibus

439 3161 639 3225 'rerba
664 3158 849 3235 tieri3
879 3180 1026 3224 mox
1065 3160 1257 3225 etiam
1316 3171 1597 3228 exactam
1658 3165 2003 3229 eorundem

440 3255 862 3321 narrationem
887 3275 970 3319 ex
1000 3256 1383 3328 authenticis
1409 3260 1801 3324 documentis
1857 3260 2005 3325 reli·
2047 3337 2052 3342 ·

442 3351 620 3435 giose
649 3351 977 3415 collectam
1003 3394 1025 3424 ,
1053 3372 1126 3416 ac
1158 3353 1326 3437 typis
1370 3355 1746 3438 impressam
1807 3357 2005 3421 omni-

436 3447 562 3513 bus
590 3445 954 3532 suffragium
1013 3446 1231 3513 lanu-is
1287 3450 1570 3515 exhiberi
1625 3451 2003 3517 curavimus.

433 3548 704 3608 Domum
735 3550 1108 3611 convocatos
1161 3546 1228 3608 in
1286 3548 1671 3612 consistorio
1730 3545 2007 3630 semipu-

435 3640 610 3705 blico
638 3641 760 3706 die.
774 3647 882 3705 XI.
912 3643 1220 3707 currentis
1249 3643 1424 3705 Juuii
1456 3645 1806 3709 universos·
1843 3653 1998 3712 Ven.

435 3742 686 3803 Fratres
712 3746 963 3808 nostros
993 3745 1054 3802 S.
1084 3747 1156 3803 Β.
1186 3746 1259 3803 E.
1291 3740 1692 3814 cardinales,
1753 3761 1996 3807 necnon

432 3834 821 3901 Patriarchas
842 3877 870 3908 ,
892 3835 1417 3920 Arcbiepiscopos
1474 3845 1539 3901 et
1602 3837 1947 3921 Episcopus
1971 3882 1993 3913 ,

431 3931 538 4013 qui
563 3931 691 4013 jam
722 3930 1088 4013 frequentes
1116 3933 1395 4014 undique
1437 3933 1502 3995 in
1559 3935 1789 3998 Urbem
1850 3954 1997 3998 con·

430 4036 775 4101 venerant,
807 4028 1134 4112 conceptis
1157 4029 1369 4093 verbis
1400 4029 1845 4111 requisivimus
1868 4072 1891 4104 ‚
1915 4051 1994 4095 an

428 4122 508 4186 ad
535 4123 735 4205 ipsius
761 4129 829 4186 Β.
863 4126 1026 4188 Petri
1057 4125 1594 4190 canonizationem
1652 4126 1990 4190 devenien-

429 4216 580 4281 dum
613 4219 795 4284 nobis
822 4237 966 4284 esse
997 4228 1352 4285 censerent.
1384 4220 1507 4302 ipsi
1535 4239 1685 4284 vero
1737 4240 1990 4286 summo

428 4316 782 4380 animorum
811 4335 1121 4381 consensu
1162 4316 1585 4400 gravibusque
1641 4316 1993 4383 rationibus

428 4429 645 4475 omnes
675 4412 740 4474 in
769 4409 1206 4477 affirmativam
1234 4414 1604 4478 sententiam
1639 4413 1800 4479 ‘ire'·
1819 4433 1989 4477 com-

423 4507 588 4589 perti
615 4518 777 4571 sunt.
808 4513 939 4583 Qua
967 4506 1050 4572 de
1080 4528 1150 4570 re
1177 4529 1214 4572 a
1244 4509 1499 4573 dilectis
1532 4510 1700 4573 Filiis
1730 4516 1990 4591 Aposto-

421 4602 580 4667 licae
612 4604 792 4667 Sedis
815 4604 1094 4669 Notariis
1121 4605 1212 4668 ibi
1243 4607 1676 4688 praesentibus
1728 4606 1984 4689 publiea

421 4705 842 4766 instrumenta
867 4701 1087 4767 confici
1111 4746 1134 4777 ,
1166 4722 1238 4767 ac
1255 4711 1519 4786 praeter
1537 4721 1623 4768 'ea
1666 4703 1990 4787 suffragio·

419 4816 556 4861 rum
583 4798 862 4879 ipsorum
892 4797 1180 4880 exempla
1226 4819 1263 4862 a
1320 4799 1582 4883 singulis
1640 4802 1985 4883 praedictis

415 4894 771 4982 subscripta
798 4895 865 4957 in
892 4894 1296 4961 Tabularium
1324 4893 1643 4964 Ecclesiae
1665 4905 1979 4964 Romanae

419 4989 640 5054 inferri
668 4990 1117 5056 mandavimus.

519 5190 575 5241 A
616 5187 1032 5243 Commorim·
1041 5187 1355 5260 publicum.

3430 500 3536 555 atu

2276 647 2409 711 Nos
2430 649 2638 709 autem
2671 642 2810 727 priu
2825 660 3049 727 squam
3074 645 3157 711 de
3184 663 3429 710 summa
3486 643 3583 709 rei
3609 643 3717 708 de·

2151 741 2431 807 finiendo
2461 742 3055 824 pronunciamus,
3080 750 3152 806 ut
3198 741 3355 823 quid
3412 738 3711 823 placitum

2153 847 2323 905 esset
2351 862 2426 907 co
2439 858 2572 904 ram
2601 846 2734 904 Deo
2764 885 2785 916 ‚
2811 841 3054 921 abipso
3080 845 3263 905 Patre
3317 839 3618 903 luminum
3640 858 3721 902 e-

2148 935 2364 1001 doceri
2397 954 2830 1013 mereremur3
2860 936 3108 1002 indictis
3141 956 3256 1019 per
3295 937 3523 1002 Urbem
3547 935 3716 1019 jeju·

2146 1032 2270 1096 niis
2289 1074 2311 1104 ,
2334 1031 2815 1116 designatisque
2847 1033 3153 1098 Ecclesiis
3174 1053 3316 1098 cum
3379 1032 3707 1114 indulgen·

2146 1130 2233 1194 tia
2260 1130 2341 1193 ab
2372 1129 2455 1193 iis
2480 1129 2924 1210 consequenda
2948 1175 2970 1203 ,
2999 1131 3104 1212 qui
3140 1129 3481 1194 Nobiscum
3512 1128 3713 1199 caele-

2144 1233 2302 1295 stem
2333 1246 2520 1309 opem
2548 1226 2998 1309 implorarent,
3027 1227 3417 1292 orationibus
3474 1234 3538 1288 et
3596 1226 3708 1290 ob-

2146 1322 2477 1399 sacrationi
2492 1325 2607 1385 bus
2651 1323 2883 1387 instare
2943 1342 3066 1387 non
3126 1322 3658 1407 praetermisimus
3682 1346 3704 1397 ς

2146 1421 2346 1487 denec
2373 1419 2490 1482 bac
2518 1418 2651 1482 die·
2676 1424 3043 1484 coruscante
3106 1425 3209 1485 SS.
3265 1416 3707 1501 Apostolorum
3746 1404 3794 1469 0

2141 1520 2307 1582 Petri
2338 1523 2403 1581 et
2432 1515 2607 1583 Pauli
2634 1516 2835 1582 Natali
2849 1516 2937 1581 tio
2963 1516 3168 1582 dicata
3203 1536 3489 1601 magnam
3519 1534 3707 1580 vene·

2139 1614 2377 1681 randae
2408 1614 2833 1681 solemnitatis
2861 1612 3163 1679 laetitiam
3188 1657 3210 1688 ,
3270 1634 3433 1678 novo
3489 1612 3707 1678 Eccle-

2138 1712 2273 1777 siae
2304 1712 2528 1796 gaudio
2550 1755 2571 1784 ,
2596 1730 2718 1793 per
2743 1711 3101 1776 definitivae
3138 1711 3500 1796 hujusmodi
3560 1718 3709 1776 Sen-

2136 1809 2374 1874 tentiae
2422 1809 2836 1893 prolationem
2892 1808 3217 1873 cumulare
3284 1808 3699 1875 decrevimus.

2134 1911 2343 1980 Quare
2374 1904 2827 1988 praeeuntibus
2884 1905 3365 1988 supplicationis
3423 1905 3704 1990 generali

2125 2003 2255 2065 ritu
2279 2045 2301 2075 ,
2332 2002 2625 2067 omnibus
2654 2002 2931 2084 primum
2965 2002 3128 2066 cleri
3156 2001 3488 2085 Regularis
3518 2002 3699 2067 Ordi-

2121 2099 2342 2172 nibus,
2360 2105 2496 2161 tum
2525 2098 2951 2164 Ecclesiamm
2981 2098 3470 2185 collegiatarum
3501 2106 3566 2164 et
3588 2106 3701 2165 Ba-

2126 2196 2453 2262 silicarum
2482 2196 2675 2262 etiam
2705 2196 3220 2262 Patriarcbalium
3252 2196 3452 2263 cleris
3511 2205 3697 2279 atque

2125 2294 2439 2379 capitulis
2458 2338 2480 2367 ,
2509 2312 2751 2358 necnon
2809 2292 3126 2376 praefatae
3181 2293 3694 2377 congregationis

2121 2397 2453 2459 Sacrorum
2484 2390 2733 2455 Ritunm
2790 2391 3272 2456 Consultoribus
3293 2437 3315 2468 ,
3370 2396 3499 2455 Nos
3556 2390 3684 2473 ipsi

2124 2485 2385 2550 demum
2414 2506 2557 2550 cum
2590 2485 2845 2550 dilectis
2872 2486 3047 2552 rutis
3075 2487 3273 2552 Aulae
3300 2493 3554 2554 nostrae
3583 2485 3689 2552 Of-

2122 2582 2441 2649 dotalibus
2466 2594 2536 2647 et
2562 2582 2996 2649 Familiaribus
3015 2626 3041 2659 ,
3069 2604 3209 2648 cum
3248 2580 3471 2650 Schola
3529 2588 3680 2649 can-

2123 2674 2330 2743 torum
2359 2679 2725 2761 cunctisque
2761 2687 3072 2747 Romanae
3097 2682 3324 2745 Curiae
3371 2680 3689 2746 Praelato-

2123 2794 2264 2864 rum
2289 2773 2612 2861 collegiis,
2644 2776 3043 2862 presbyteris
3069 2798 3326 2860 qunque
3356 2779 3687 2844 Poeniten-

2119 2871 2323 2937 tiariis
2342 2871 2728 2938 sacerdotali
2760 2882 2939 2937 veste
2966 2874 3226 2949 indutis,
3240 2874 3514 2957 denique
3541 2894 3686 2938 cum

2119 2977 2273 3034 ven.
2306 2970 2623 3036 Fratribus
2652 2970 3016 3052 Episcopis,
3047 2971 3586 3055 Arcbiepiscopis,
3614 2980 3682 3036 et

2114 3066 2533 3142 Patriarchis3
2564 3066 2674 3150 qui
2701 3066 2778 3129 ad
2809 3067 3129 3151 octoginta
3159 3065 3296 3132 fere
3326 3066 3683 3142 adfuerunt,

2113 3164 2533 3246 universeque
2561 3172 2718 3230 Ven.
2753 3169 3034 3228 Fratrum
3068 3172 3430 3230 nostrorum
3493 3172 3554 3230 S.
3604 3172 3679 3229 Β.

2114 3267 2187 3325 Β.
2218 3260 2641 3326 cardinalium
2670 3257 2995 3345 collegio,
3023 3282 3103 3328 ex
3169 3261 3550 3347 Apostolicis
3581 3268 3679 3327 Ε·

2115 3357 2304 3421 dibus
2334 3359 2737 3440 prodeuntes,
2769 3356 3086 3439 frequenti
3115 3365 3452 3425 Procerum
3471 3367 3536 3424 et
3552 3363 3680 3424 Ma-

2111 3454 2477 3536 gistratuum
2507 3473 2771 3517 numero
2804 3453 3016 3534 stipati
3040 3496 3064 3529 ,
3120 3460 3189 3522 et
3238 3456 3680 3538 subsequenti-

2115 3550 2235 3616 bus
2265 3549 2660 3633 spostolicae
2689 3549 2868 3614 Sedis
2896 3549 3213 3626 Notariis,
3274 3573 3348 3618 ac
3406 3551 3671 3636 Regula-

2111 3645 2272 3710 rium
2305 3646 2608 3711 ordinum
2642 3646 3051 3712 Generalibus
3080 3648 3517 3731 Superioribus
3535 3691 3558 3726 ,
3585 3649 3669 3713 ad

2108 3744 2442 3808 Basilicam
2476 3743 2817 3807 beatissimi
2868 3743 3310 3826 Apostolorum
3370 3744 3672 3829 Principis

2107 3840 2174 3903 in
2202 3841 2501 3904 Vaticano
2531 3839 2822 3903 caelestis
2853 3846 3130 3923 Sponsae
3160 3849 3378 3907 ornatu
3425 3843 3668 3926 fulgen·

2103 3943 2234 4002 tem
2266 3943 2405 4002 Nos·
2425 3935 2571 4000 laeti
2601 3935 2983 4002 contulimus
3005 3980 3027 4010 ,
3059 3957 3185 4019 quo
3216 3941 3345 4001 Nos
3395 3938 3661 4005 vocabat

2104 4035 2329 4116 etipsa
2350 4033 2786 4098 memorabilis
2810 4032 2939 4097 diei
2963 4032 3273 4098 festivitas
3290 4042 3352 4099 et
3366 4035 3670 4117 antiquis·

2103 4130 2263 4194 sima
2304 4128 2861 4194 praedecessorum
2921 4139 3283 4194 nostrorum
3334 4137 3664 4196 consuetu·

2103 4216 2226 4298 do,
2259 4226 2494 4306 quibus
2519 4223 2804 4290 solemne
2832 4223 2955 4289 fuit
2980 4225 3340 4308 praeclaros
3368 4227 3655 4311 hujusce-

2101 4321 2271 4385 modi
2298 4328 2667 4386 sanctorum
2694 4321 3046 4405 triumphos
3076 4342 3198 4386 non
3226 4323 3422 4397 alibi,
3471 4343 3659 4406 quam

2098 4418 2265 4501 apud
2292 4419 2663 4483 memoriam
2696 4417 2983 4501 ejusdem
3011 4424 3085 4482 Β.
3140 4421 3312 4485 Petri
3369 4419 3656 4505 Apostoli

2095 4512 2439 4578 celebrare.
3072 4562 3087 4574 .

2224 4611 2321 4673 lbi
2341 4630 2537 4691 quum
2552 4609 2821 4676 dilectus
2840 4611 3035 4679 Filius
3057 4620 3275 4679 noster
3294 4611 3663 4680 Joachimua'
3697 4651 3749 4711 D

2094 4701 2216 4771 Tit.
2249 4715 2614 4774 Sanctorum
2630 4714 2906 4782 Quatuor
2930 4715 3371 4778 coronatorum
3388 4712 3655 4795 Presby-

2093 4811 2198 4867 ter
2217 4811 2280 4868 S.
2309 4811 2381 4867 lt.
2406 4809 2475 4867 Β.
2507 4804 2850 4869 cardinalis
2871 4811 3312 4874 Portocaruero
3341 4813 3649 4889 nuncupa-'-

2094 4908 2195 4962 tus
2218 4942 2241 4973 ,
2293 4907 2624 4982 perorante
2679 4899 2920 4968 dilecto
2968 4903 3131 4967 Filio
3161 4902 3425 4988 virgilio
3474 4907 3648 4968 Hon-

2090 4995 2367 5061 tecat‘mo
2390 5002 2641 5066 nostrae
2671 4997 3143 5067 Consisterialis
3195 4999 3399 5081 Aulae
3439 5000 3643 5065 Adro-

524 5275 568 5331 Β
613 5273 1003 5330 cardinalium
1029 5288 1085 5331 ee
1108 5276 1519 5351 Episcoporum
1545 5276 1785 5334 coasilia
1812 5277 1871 5332 in
1904 5277 2251 5336 commotio
2270 5278 2658 5354 semipsum

524 5363 567 5417 C
612 5361 894 5418 Souania
926 5361 1408 5422 Canos-isacium.
1553 5365 1604 5418 1)
1643 5355 1973 5421 Instemus.
