4442 6300
921 478 1028 535 302

823 626 1070 681 Ecclesia
1123 622 1210 678 cui
1253 619 1548 701 Presbyter
1601 618 1913 685 cardinalis
1958 618 2309 690 praeficitur,

719 715 943 770 Titulus
968 721 1220 775 vocatur,
1243 728 1374 781 pag.
1402 710 1494 763 28.
1525 710 1672 779 Vidn,-
1702 708 1939 763 Titulus.

2074 470 2314 526 INDEX
2355 468 2647 524 RERUM.

2414 624 2536 688 gato
2562 612 2731 687 Regis
2772 610 3052 684 utriusque
3080 611 3299 667 Siciliae
3352 629 3475 667 cum
3529 611 3593 675 ad
3646 614 4005 686 pendendum

2417 706 2658 773 Vectigal
2689 702 2866 773 Regio
2895 701 3123 754 nomine
3174 701 3229 755 in
3286 700 3575 772 pervigilio
3603 704 3755 757 Festi
3783 706 4009 765 San-cto*

836 802 1114 855 Ecclesiae
1168 799 1365 852 dantur
1418 792 1805 865 Caedinalibus
1857 797 1916 851 in
1945 795 2227 858 Titulum,
2258 801 2314 845 ut
2420 811 2539 876 rum
2570 792 2975 863 Apostolorum
3003 789 3375 860 progreditur,
3402 810 3532 861 pag.
3563 791 3690 844 302.

717 908 805 943 eas
837 907 936 941 suo
968 887 1278 967 praesidio,
1309 903 1462 950 cuna,
1483 894 1545 941 et
1603 885 1763 936 tutela
1815 890 2106 957 protegant
2155 891 2315 951 atque

722 976 1048 1057 defendant,
1077 962 1214 1028 ibid.

830 1064 1108 1116 Ecclesiae
1141 1062 1197 1112 in
1229 1058 1432 1130 quibus
1459 1058 1704 1130 qualibet
1751 1056 1841 1111 die
1887 1055 2029 1109 infra
2057 1056 2317 1109 Octavam

721 1152 1124 1220 Apostolorum
1161 1148 1227 1201 ab
1258 1149 1448 1217 aliquo
1473 1148 1848 1201 praelatorum
1880 1146 2133 1214 collegio
2163 1143 2323 1195 habe·

723 1251 809 1294 tur
838 1240 1099 1310 cappella
1127 1256 1248 1291 cum
1281 1238 1452 1289 Missa
1481 1236 1793 1289 Pontificali
1813 1272 1830 1300 ,
1856 1236 2044 1307 aliqua
2082 1234 2326 1302 Aposto-

723 1330 902 1380 lorum
939 1326 1204 1380 memoria
1255 1325 1342 1377 vel
1398 1325 1776 1394 praerogativa
1815 1329 1943 1374 sunt
1994 1320 2324 1391 insignitae,

720 1436 851 1488 pag.
880 1416 1009 1469 297.

836 1504 1102 1559 Edictum
1135 1502 1447 1556 cardinalis
1465 1499 1634 1556 Urbis
1652 1498 1859 1553 Vicat-ii
1884 1495 2218 1553 denuncians
2240 1513 2330 1566 pe·

726 1596 955 1649 mitian-es
984 1591 1361 1660 indulgentias
1388 1591 1457 1642 iis
1473 1605 1759 1645 concessas
1787 1587 1882 1658 qni
1904 1587 2172 1641 intersunt
2194 1585 2331 1653 Sup-

727 1662 1015 1753 plieationi
1045 1680 1379 1732 Litaniarum
1401 1676 1782 1745 Major-mmet
1808 1673 2119 1738 uiuorum,
2152 1690 2214 1743 p.
2242 1671 2330 1725 02.

842 1768 1100 1822 Edictum
1126 1765 1274 1818 aliud
1301 1762 1657 1836 Jejuniorum
1717 1763 1869 1829 dies,
1897 1770 1947 1816 et
1976 1761 2332 1813 Basilicarum

729 1859 1117 1910 visitationem
1147 1855 1439 1926 designans
1473 1872 1576 1925 pro
1598 1851 1934 1945 assecutione
1959 1849 2334 1921 Indulgentiae

730 1946 1042 2012 Pleu-riae,
1063 1962 1196 2015 pag.
1229 1944 1354 1995 121.

845 2034 1097 2084 Alterum
1128 2049 1251 2083 eum
1281 2028 1453 2083 simili
1483 2026 1736 2099 plenaria
1762 2025 2114 2099 Indulgentia
2163 2012 2230 2076 ab
2270 2022 2339 2085 iis

737 2119 1099 2191 acquirenda,
1153 2119 1249 2191 qui
1304 2117 1487 2171 adsint
1516 2117 1950 2173 canonizationi
1978 2116 2298 2167 Sanctorum
2322 2148 2338 2178 ,

729 2227 862 2281 pag.
891 2209 1021 2263 280.

849 2295 1120 2351 Edictum
1143 2284 1254 2365 qno
1283 2293 1500 2365 utrique
1529 2292 1694 2346 clero
1716 2291 1958 2346 Seculari
1992 2298 2044 2344 et
2062 2286 2340 2359 Regulari,

739 2386 1010 2455 Capitulis
1045 2383 1492 2437 patriarchalium
1526 2380 1694 2435 Urbis
1734 2393 1788 2434 et
1816 2380 2137 2449 collegiatis
2192 2394 2342 2429 man·

740 2474 927 2539 datur,
955 2483 1014 2526 ut
1042 2472 1443 2542 Supplicationi
1474 2470 1711 2541 agendae
1765 2470 1888 2538 ipso
1919 2467 2008 2522 die
2041 2466 2344 2521 canoniza-

741 2562 912 2614 tionis
940 2563 1217 2625 intersint,
1240 2578 1369 2631 ρας.
1397 2560 1528 2612 200.
1552 2555 1722 2611 Aliud
1755 2554 2014 2608 omnibus
2043 2554 2212 2607 Urbis
2245 2558 2346 2606 Ec-

742 2650 927 2702 clesiis
956 2667 1056 2719 pro
1088 2649 1486 2716 campanarum
1517 2647 1679 2716 pulsu
1712 2661 1810 2714 per
1836 2645 2100 2714 integram
2130 2640 2346 2708 horam,

743 2738 802 2789 in
830 2737 1066 2791 laetitiae
1093 2737 1308 2807 signum
1351 2734 1423 2789 ob
1453 2744 1721 2807 peractam
1755 2732 2017 2803 Quinque
2050 2733 2345 2784 Beatorum

746 2826 1269 2890 Canonizationem,
1291 2843 1424 2896 pag.
1449 2825 1576 2876 280.

856 2913 1125 2968 Edictum
1177 2931 1287 2985 qno
1316 2915 1531 2967 selectis
1558 2910 1885 2982 quibusdam
1919 2908 2348 2962 confraternita-

749 3003 895 3054 tibus
922 3005 1211 3055 Laicorum
1267 3003 1574 3072 injungitur
1599 3000 1859 3052 visitatio
1913 2999 2227 3062 Ecclesiae,
2257 2995 2349 3048 ubi

750 3108 907 3144 mane
939 3090 1118 3143 habita
1146 3099 1226 3144 est
1255 3090 1549 3161 Cappella,
1593 3089 1740 3141 iufra
1796 3096 2038 3140 octavam
2075 3087 2172 3139 SS.
2203 3088 2357 3157 Apo-

751 3182 1019 3233 stolorum
1040 3217 1055 3245 ,
1076 3197 1206 3250 pag.
1236 3178 1361 3254 300.

860 3266 1119 3338 El'figt'es·
1152 3268 1291 3321 Vide
1325 3265 1564 3321 Tabula.

862 3356 1233 3428 Epigrapleae
1260 3364 1314 3409 et
1342 3357 1538 3426 Elogia
1569 3355 1669 3410 sub
1705 3354 1933 3409 Tabulis
1961 3354 2129 3408 instar
2153 3351 2360 3406 numis-

757 3454 958 3499 matum
988 3445 1126 3498 intra
1153 3444 1445 3496 Basilicam
1474 3445 1798 3497 vaticanam
1830 3444 2127 3515 dispositis
2154 3442 2219 3496 ad
2276 3460 2361 3496 or-

755 3544 944 3592 natum
977 3533 1429 3587 canonizationis
1485 3550 1645 3587 suum
1699 3533 1902 3586 habent
1927 3533 2229 3588 Auctorem
2257 3531 2361 3583 Mi-

761 3624 1000 3678 chaeletn
1052 3624 1326 3693 Angelum
1383 3621 1719 3676 Giacomelli
1772 3621 1838 3675 ab
1891 3623 2096 3673 intimo
2152 3620 2363 3674 Sacello

762 3713 1071 3768 sanctitatis
1101 3712 1263 3776 Suae,
1288 3730 1416 3780 pag.
1445 3712 1573 3765 374.

873 3799 1157 3872 Episcopi
1182 3804 1322 3854 intra
1345 3801 1701 3854 centesimum
1731 3798 1797 3850 ab
1818 3796 1970 3852 Urbe
1991 3796 2231 3867 lapidem
2251 3799 2366 3850 Ro·

762 3908 906 3943 mam
938 3890 1092 3942 acciti
1120 3888 1323 3946 Literis
1349 3888 1631 3942 secretarii
1665 3887 1810 3939 Sacr.
1842 3888 2046 3958 congr.
2082 3888 2368 3954 concilii,

765 3961 1105 4031 ut'intersint
1138 3974 1590 4042 canonizationi,
1615 3991 1743 4045 pag.
1775 3977 1863 4029 10.

874 4063 1194 4134 Episcopie
1220 4061 1618 4116 remotioribus
1646 4064 1804 4117 terris
1832 4062 1930 4114 bae
1963 4060 2029 4116 de
2053 4080 2240 4117 caussa
2255 4065 2371 4118 Ro-

767 4171 910 4207 mam
939 4152 1302 4218 advenientes,
1337 4150 1550 4206 debitae
1581 4153 1867 4206 Sacrorum
1900 4152 2187 4206 Liminum
2217 4154 2365 4205 Visi-

770 4242 965 4295 tationi
997 4258 1098 4295 una
1129 4240 1501 4304 satisfaciunt3
1530 4240 1603 4292 ita
1634 4241 1951 4310 indulgente
1978 4241 2157 4311 Papa,
2185 4240 2322 4294 ibid.

884 4331 1153 4400 Episcopi
1176 4330 1387 4384 etiamsi
1417 4330 1584 4384 sacris
1602 4328 1859 4382 Vestibus
1897 4332 2072 4383 ornati
2093 4330 2372 4385 obedieu-

770 4423 901 4473 tiam
929 4430 1202 4494 praestant
1232 4421 1460 4474 Summo
1491 4420 1746 4471 Pontitici
1779 4417 2082 4493 genuflexil,
2113 4421 2229 4489 ejus
2283 4419 2373 4473 de·

771 4520 979 4563 xterum
1008 4527 1146 4580 genu
1175 4511 1544 4562 exosculantes
1564 4547 1578 4573 ,
1601 4526 1730 4578 pag.
1762 4509 1889 4560 309.

885 4600 1201 4668 Episcopos
1229 4599 1536 4652 Orientales
1580 4600 1814 4650 Romam
1870 4599 2130 4669 appulsos
2160 4597 2372 4651 Summi

773 4689 1064 4742 Pontificis
1094 4687 1462 4742 munificentia
1492 4687 1742 4757 pluribus
1773 4687 2016 4756 adjuvat,
2038 4705 2167 4758 pag.
2195 4687 2285 4741 98.

888 4777 1151 4850 Episcopi
1173 4777 1479 4830 orientales
1509 4792 1632 4829 sutae
1653 4776 1910 4829 Nationis
1954 4784 2007 4829 et
2033 4776 2194 4828 Ritus
2221 4793 2375 4829 sacro

781 4866 957 4920 induti
1003 4873 1313 4936 tegumento
1375 4864 1905 4933 supplicationibus,
1956 4874 2009 4919 et
2065 4865 2376 4940 Pontificiis

783 4955 1398 5025 Cappellis-intersunt,
1420 4971 1552 5024 pag.
1581 4953 1707 5006 308.

896 5043 1161 5114 Episcopi
1196 5044 1505 5096 orientales
1553 5044 1608 5095 in
1642 5043 2007 5096 Consistoriis
2056 5041 2374 5111 semipnbli·

786 5134 864 5186 cis
885 5134 1216 5200 Sententiam
1237 5148 1382 5184 snam
1415 5132 1592 5200 patrio
1618 5133 1855 5200 primum
1880 5150 2150 5196 sermone,
2174 5131 2373 5186 deinde

787 5222 955 5276 latino
985 5220 1442 5291 proferunt,pag.
1475 5222 1598 5276 119.
1626 5220 1752 5294 211.
1780 5221 2215 5275 2tu.2ca.2·1³
2239 5222 2366 5275 270.

901 5307 1165 5380 Episc'op'i
1198 5329 1227 5362 e
1257 5311 1552 5384 Campania
1579 5309 1786 5364 etocatl
1831 5310 2073 5380 equitant
2122 5323 2247 5365 cum
2274 5311 2372 5364 Le·

2438 4741 2447 4750 ,
2477 4691 2557 4742 cis
2586 4690 2869 4753 voluntas,

2530 881 2826 951 Episcopis
2854 880 2913 933 in
2943 879 3092 933 Urbe
3124 880 3499 948 praesentibus
3529 858 3847 934 transmittit
3870 883 4009 936 Pro·-

2423 980 2606 1024 motor
2631 970 2792 1023 Fidei
2824 968 3172 1051 Compendia
3200 971 3384 1035 Vitae,
3412 972 3724 1034 Virtutum,
3768 980 3822 1025 et
3845 973 4013 1025 Mira·

2422 1061 2703 1125 culorum,
2735 1076 2834 1111 nec
2861 1074 2973 1110 non
3002 1056 3270 1110 Actorum
3296 1059 3356 1111 in
3389 1046 3583 1113 causis
3612 1060 4016 1133 quinq-arne·-

2424 1158 2638 1212 tornm,
2648 1166 2793 1219 {pag
2822 1147 2912 1201 01.

2532 1237 2856 1291 methodum
2885 1253 3143 1311 quoqne
3134 1235 3243 1288 ab
3226 1237 3365 1329 ipsis
3391 1236 3752 1315 caryandam‘
3738 1253 3793 1288 ιιι
3818 1237 4020 1291 Consi-

2426 1327 2613 1383 storiis
2641 1325 3047 1393 semipublicis,
3076 1324 3211 1385 ibid,

2542 1415 2650 1483 Ep·
2634 1431 2952 1483 :scoporum
2984 1413 3275 1485 suffragia⁶
3262 1430 3318 1465 tn
3348 1414 3531 1484 primo
3561 1414 3911 1469 consistorio
3939 1431 4021 1469 se·

2432 1500 3233 1573 mipublieo,pag.10ti.125.

2536 1590 2953 1659 ,Episcoporum
2981 1589 3234 1660 suffragia
3286 1590 3345 1641 in
3397 1584 3638 1642 secundo
3666 1562 4022 1645 consistorio

2436 1677 3304 1748 semipuhtico,pag.1oz.183.

2547 1767 2953 1836 Episcopornm
2983 1765 3275 1833 suffragia
3261 1782 3319 1817 ιιι
3347 1766 3508 1821 tertio
3540 1766 3894 1823 consistorio
3944 1782 4027 1823 ses

2438 1854 2781 1925 mipublico,
2805 1872 2936 1924 pag.
2969 1854 3091 1909 105.
3116 1853 3247 1906 210.
3574 1828 3583 1839 ⁶
3692 1926 3699 1929 ἡ
3972 1906 3995 1945 4

2550 1945 2957 2013 Episcoporum
2988 1940 3281 2008 suffragia⁶
3268 1959 3323 1994 ιιι
3349 1942 3544 2012 qundo
3567 1938 3917 2001 Consistoiio
3946 1960 4027 1996 se-

2441 2032 2784 2102 mipublico,
2808 2048 2938 2101 pag.
2964 2029 3091 2082 228.
3119 2029 3247 2081 250.

2552 2121 2961 2190 Episcoporum
2989 2096 3283 2187 suffragia
3266 2136 3329 2173 ιιι
3353 2117 3551 2190 quinto
3573 2119 3919 2174 consistorio
3948 2135 4031 2173 se·

2440 2208 2748 2279 mipublico
2770 2246 2787 2275 ,
2811 2225 2941 2277 pag.
2966 2207 3095 2260 202.
3123 2207 3251 2259 283.

2554 2299 2964 2368 Episcoporom
3016 2297 3250 2366 quisque
3303 2296 3635 2351 Sententiam
3693 2312 3845 2353 snam
3897 2294 4032 2349 scri

2444 2396 2593 2459 ptam
2649 2394 2701 2439 et
2753 2386 3112 2456 subscriptam
3144 2385 3309 2439 tradit
3328 2386 3601 2458 Magistro
3650 2362 4038 2440 Caeocmonia-

2449 2493 2608 2541 rum,
2632 2493 2761 2545 pag.
2790 2476 2880 2528 00.

2557 2564 2967 2634 Episcoporum
2996 2577 3108 2614 non
3137 2562 3361 2633 exiguus
3387 2578 3648 2619 numeros
3676 2562 3731 2614 in
3756 2560 4039 2633 supplim-

2452 2652 2604 2706 tione
2632 2651 2721 2704 die
2750 2652 2915 2704 Festo
2949 2653 3220 2721 Corporis
3248 2650 3453 2705 Christi
3479 2688 3495 2717 ‚
3516 2669 3644 2721 pag.
3680 2652 3803 2704 131.

2562 2741 2891 2809 Episcopus
2912 2749 3098 2792 contra
3104 2740 3184 2791 Ιιίι
3231 2740 3512 2809 spirituale
3542 2740 3859 2819 conjugium
3913 2756 4043 2797 cum

2458 2828 2700 2880 Ecclesia
2727 2829 2813 2879 cui
2845 2828 3191 2907 praeficitur,
3222 2828 3434 2881 etiamsi
3475 2827 3533 2879 in
3561 2829 3808 2897 partibus
3839 2827 4040 2885 infule-

2456 2918 2591 2970 lium
2620 2917 2712 2969 illa
2739 2918 2964 2982 existat,
2986 2934 3118 2985 pag.
3145 2916 3233 2968 31.
4036 2970 4041 2979 ,

2569 3004 2881 3074 Episcopus
2930 3005 3025 3074 qni
3066 3012 3120 3057 et
3141 3002 3451 3056 Advocatus
3480 2968 3897 3059 consistorialis
3910 3001 4002 3069 sit
4023 3038 4040 3068 ,

2458 3092 2722 3147 Officium
2748 3095 3045 3145 Decanatns
3073 3092 3130 3144 in
3150 3091 3559 3145 Advocatorum
3581 3082 4044 3165 collegim'optare

2458 3199 2571 3246 ιιρο
2602 3190 2814 3251 potest,
2835 3199 2967 3251 pag.
2996 3182 3118 3236 1⁴1.

2570 3270 2866 3340 Equientio
2898 3269 3159 3324 Praefecti
3188 3270 3528 3339 Apostolieis
3554 3271 3775 3326 Palatiis
3812 3271 3871 3322 in
3923 3288 4046 3341 per·

2462 3359 2652 3427 vigilio
2685 3359 3044 3412 solemnitatis
3076 3359 3344 3426 corporis
3375 3359 3583 3414 christi
3613 3360 3679 3412 ad
3707 3361 4047 3414 circumeun-

2465 3447 2558 3499 das
2589 3448 2717 3512 vias,
2741 3463 2838 3516 per
2861 3464 2995 3517 quas
3016 3446 3447 3517 supplicationis
3476 3450 3580 3502 iter
3604 3457 3687 3506 cst
3709 3458 3764 3504 et
3792 3449 4049 3519 dirigitur

2465 3535 2589 3612 ipso
2623 3534 2713 3587 die
2741 3533 2878 3588 sesto
2901 3572 2918 3600 ,
2941 3554 3070 3606 pag.
3103 3536 3225 3588 131.

2574 3622 2873 3693 Equieaeio
2890 3625 3142 3684 Oratoris
3167 3634 3313 3679 extra
3331 3625 3602 3684 Ordinem
3626 3647 3654 3682 a
3674 3628 3823 3696 Rege
3853 3626 4052 3680 utrius-

2466 3732 2572 3786 que
2601 3714 2818 3768 Siciliae
2844 3713 3142 3768 renunciati
3171 3722 3231 3766 ut
3256 3713 3498 3768 debitum
3529 3717 3760 3784 Summo
3790 3714 4047 3782 Pontifici

2469 3811 2769 3874 praesentet
2798 3803 3040 3873 Vectigal
3090 3802 3147 3855 in
3187 3803 3474 3874 pervigilio
3502 3804 3651 3857 Festi
3685 3805 3780 3857 88.
3810 3805 4054 3875 Aposto-

2470 3894 2648 3946 lorum
2672 3930 2688 3955 ,
2710 3910 2841 3961 pag.
2869 3891 2995 3945 302.

2582 3982 2778 4048 Equus
2802 3979 2963 4033 albus
2985 3998 3104 4036 cnm
3135 3989 3275 4035 certa
3305 3979 3566 4052 pecuniae
3610 3982 3659 4033 vi
3689 3980 3920 4036 solvitur
3947 3997 4053 4050 pro

2471 4069 2736 4140 vectigali
2766 4068 2964 4139 Regni
2971 4070 3250 4141 utriusque
3290 4071 3551 4123 Siciliae
3537 4087 3595 4123 tn
3623 4053 3943 4126 sauciorum
3979 4073 4055 4122 A.-

2472 4160 2817 4229 postolorum
2846 4159 3173 4228 pervigilio,
3194 4176 3325 4227 pag.
3352 4159 3480 4213 301.

2583 4248 2647 4297 ln
2677 4246 2809 4298 sesto
2839 4246 3145 4301 Nativitatis
3172 4248 3368 4299 Beatae
3398 4247 3602 4301 Mariae
3651 4219 3902 4318 Virginis
3949 4247 4047 4300 ali·

2473 4333 2694 4404 qnando
2721 4340 3087 4403 praesentatus
3110 4369 3125 4399 ,
3153 4333 3281 4385 302.

2583 4422 2899 4492 Receptus
2885 4440 2939 4473 ιιι
2969 4424 3108 4476 Aula
3136 4422 3309 4491 Regia
3336 4422 3580 4475 Vaticani
3613 4421 3805 4474 Palatii
3838 4441 3869 4482 a
3896 4423 4046 4492 Papa

2470 4529 2599 4582 pag.
2628 4510 2753 4563 302.
2785 4512 2961 4563 Status
2991 4519 3164 4563 tamen
3196 4510 3312 4562 dies
3348 4526 3458 4561 non
3490 4518 3732 4574 servator
3757 4549 3774 4577 ‚
3821 4529 3920 4563 nec
3974 4514 4052 4562 lo·

2476 4618 2610 4661 cus.
2596 4620 2608 4634 ·
2637 4601 2683 4652 si
2715 4599 2867 4654 aliter
2898 4600 3031 4652 serat
3058 4598 3306 4652 conditio
3341 4609 3694 4669 temporum,
3720 4610 3774 4655 et
3819 4601 4049 4664 Pontifi-

2899 4687 3035 4741 ibid.

2588 4778 2895 4832 Endon-iae
2921 4778 3157 4830 Titulus.
3188 4776 3328 4831 Vide
3357 4775 3639 4842 Ecclesia.

2590 4868 2895 4921 Examen
2883 4884 2939 4918 ιιι
2973 4868 3258 4919 concursu
3308 4865 3555 4920 faciendo
3611 4883 3713 4935 pro
3765 4868 4052 4930 Elec-tione

2473 4956 2719 5009 Lectoris
2746 4954 2810 5007 ad
2840 4962 3112 5008 vacantem
3139 4952 3459 5007 cathedram
3490 4954 3546 5008 in
3572 4955 3828 5008 Romano
3860 4953 4057 5007 Archi-

2479 5044 2798 5114 gymnasio,
2838 5041 2952 5094 fieri
3010 5041 3171 5095 debet
3221 5058 3406 5093 coram
3462 5040 3737 5112 qardinali
3797 5042 3853 5093 S.
3881 5042 3953 5096 R.
3983 5044 4050 5095 E.

2450 5132 2833 5204 camerariam,
2861 5130 3243 5184 Universilatis
3272 5130 3423 5182 illius
3446 5128 3811 5198 cancellario,
3834 5129 4055 5192 adstan-

2484 5221 2627 5282 tibus
2656 5221 3008 5292 collegialiter
3028 5219 3195 5276 unitis
3215 5201 3509 5273 Advocatis
3539 5217 4054 5288 consistorialibus,

2472 5312 2759 5384 pog.145.
