4442 6300
1002 504 1107 556 {aa
1938 507 2144 562 ACTA
2184 508 2472 562 cauom
2484 509 2843 564 zanouts

936 645 1260 713 officiales
1289 646 1557 732 collegii
1610 649 1806 715 sancti
1861 654 2032 715 Petri
2094 673 2130 717 a
2188 660 2371 718 Porta
2489 655 2777 736 quaesito
2806 675 2931 723 non
2959 655 3285 735 tollendo,
3311 667 3381 729 et
3424 658 3774 745 privilegiis
3826 681 3900 726 ac
3950 663 4044 727 in·

805 743 1115 809 Basilicas
1147 766 1347 827 usque
1378 745 1457 811 ad
1479 752 1771 811 catenam
1807 747 2046 813 Palatii.

932 843 1211 925 Magistri
1242 844 1497 907 viarum
1532 845 1765 928 aliique
1815 846 2102 928 ejusdem
2160 847 2371 912 Officii

800 936 1070 1001 Ministri
1106 958 1141 1002 a
1172 943 1402 1024 catena
1435 941 1510 1004 ad
1546 941 1734 1005 finem
1773 942 2109 1026 peristylii.

935 1034 1261 1100 officiales
1288 1036 1550 1119 collegii
1581 1040 1778 1103 sancti
1811 1039 1982 1102 Pauli
2012 1043 2093 1104 ab
2143 1059 2263 1105 uua
2293 1041 2370 1105 ad

803 1132 1070 1197 alteram
1104 1137 1568 1200 extremitatem
1604 1136 1948 1222 peristylii.

935 1232 1116 1294 Natio
1149 1233 1645 1297 Florentinorum
1677 1254 1791 1315 per
1817 1234 1982 1298 aliud
2038 1235 2364 1301 Brachium

797 1328 1124 1413 Peristylii
1157 1351 1358 1411 usque
1389 1332 1466 1395 ad
1500 1337 1748 1396 Portam
1781 1338 2087 1396 Fert-eam.

931 1428 1113 1491 Natio
1142 1429 1510 1493 senensium
1555 1449 1590 1492 a
1645 1435 1829 1494 Porta
1887 1437 2113 1495 Ferrea
2169 1450 2372 1514 usque

802 1523 882 1589 ad
916 1524 1129 1588 Altare
1158 1523 1583 1589 confessionis
1614 1527 1809 1591 sancti
1843 1528 2034 1590 Petri.

934 1622 1297 1687 servientes
1325 1629 1657 1686 Armorum
1689 1637 1759 1688 et
1798 1629 2106 1690 Cursorne
2161 1623 2374 1689 Cardi-

802 1717 967 1784 nalis
994 1719 1225 1784 Vicarii
1261 1739 1401 1782 cum
1432 1720 1560 1785 suis
1589 1722 1808 1786 Mariis
1861 1731 2054 1787 tetam
2111 1728 2372 1786 Proces-

804 1816 1051 1880 sionem
1084 1817 1486 1890 custodiant,
1513 1825 1578 1880 et
1632 1817 1961 1882 hortentur
2014 1818 2091 1881 ad
2150 1836 2372 1900 proce-

800 1913 1077 1978 dendum
1110 1956 1132 1985 ‚
1163 1921 1225 1979 et
1259 1932 1383 1977 nou
1414 1914 1789 1996 permittant
1833 1916 1953 1979 sub
2009 1913 2199 1980 finem
2257 1913 2374 1978 ali·

801 2032 966 2095 quos
996 2011 1171 2075 exire
1202 2032 1342 2076 cum
1371 2011 1737 2085 intortitiis,
1770 2030 1885 2078 nec
1914 2032 1989 2077 ea
2047 2012 2369 2094 extingue·

797 2128 868 2173 re
891 2152 913 2181 ‚
943 2109 1068 2173 uisi
1119 2109 1262 2174 data
1327 2129 1440 2192 per
1496 2110 1861 2174 Antistitem
1920 2108 2368 2175 Benedictione

799 2227 993 2291 nuper
1024 2207 1328 2291 Populum
1360 2227 1504 2273 cum
1537 2213 1638 2271 SS.
1670 2214 2094 2273 sacramento.

926 2305 1198 2371 Militum
1261 2305 1649 2369 Urbanorum
1711 2314 1957 2371 turmae
2017 2303 2369 2369 Processle-

800 2419 950 2467 nem
982 2410 1334 2484 sequantur
1362 2410 1551 2483 atque
1578 2401 1968 2475 custodiant,
1998 2409 2063 2466 et
2089 2399 2242 2466 flant
2270 2421 2369 2464 so-

796 2497 951 2564 litae
981 2499 1430 2587 mortariorum
1462 2496 1863 2581 explosiones
1921 2500 1988 2563 iu
2042 2498 2367 2566 consuetis

795 2593 976 2663 locis.

921 2692 1229 2767 Quocirca
1257 2692 1679 2759 Gubernatori
1716 2692 2048 2758 conclavis
2069 2736 2092 2768 ,
2123 2699 2189 2759 et
2245 2700 2365 2762 Gn·

798 2792 1119 2857 bernatori
1151 2792 1338 2856 Urbis
1368 2791 1784 2875 ejusdemque
1834 2792 2018 2856 Urbis
2075 2792 2366 2877 Vicesge·

794 2890 959 2955 renti
990 2898 1139 2954 tunc
1170 2899 1234 2955 et
1267 2909 1381 2972 pro
1424 2897 1713 2972 tempore
1773 2889 2194 2954 existentibus
2251 2909 2366 2971 per

796 2968 1055 3054 easdem
1087 2995 1454 3070 praesentes
1482 2986 1936 3051 committimus
1996 2995 2060 3051 et
2116 2988 2368 3051 manda-

793 3106 961 3160 ωυε,
991 3094 1058 3147 ut
1092 3085 1154 3146 in
1185 3085 1507 3150 consuetis
1539 3086 1898 3169 respective
1927 3085 2087 3150 locis
2113 3087 2364 3150 adstan-

795 3195 897 3250 tes
919 3228 940 3256 ‚
972 3202 1215 3249 necnon
1248 3182 1377 3247 illis
1404 3184 1951 3252 caeremoniarum
1985 3184 2367 3265 Apostolica-

794 3303 935 3347 rum
995 3281 1309 3365 Magistris
1367 3287 1902 3363 Supranumernm
1926 3322 1949 3353 ,
2007 3282 2112 3364 qui
2165 3282 2359 3347 etiam

795 3389 945 3444 tunc
977 3387 1042 3443 et
1076 3399 1192 3461 pro
1222 3385 1508 3459 tempore
1542 3387 1718 3442 extra
1736 3377 2054 3442 ‘conclave
2069 3378 2363 3453 existent,

794 3485 862 3542 ut
894 3495 1006 3560 pro
1033 3495 1254 3540 eorum
1282 3473 1489 3540 Officii
1525 3474 1741 3538 debito
1781 3475 2134 3556 praesentis
2191 3480 2362 3540 Man·

796 3574 924 3640 dati
960 3574 1154 3638 nostri
1179 3572 1543 3637 schedulam
1563 3579 1624 3636 et
1656 3572 1719 3635 in
1739 3573 1837 3637 eis
1853 3580 2141 3638 contenta
2168 3595 2357 3656 quae·

796 3692 1067 3753 cumque
1099 3669 1331 3754 singuli
1360 3690 1476 3751 pro
1504 3668 1672 3731 virili
1705 3680 1881 3752 parte
1902 3672 2132 3751 exequi
2161 3681 2229 3735 et
2252 3672 2361 3734 ob-

795 3769 1030 3836 servari
1061 3766 1334 3831 faciantz
1367 3766 1638 3830 Notariis
1668 3787 1923 3849 quoque
1958 3773 2257 3833 Gamerae
2292 3773 2364 3831 A·

794 3864 1144 3952 postolicae
1165 3908 1187 3936 ,
1215 3869 1284 3926 ut
1316 3862 1653 3943 praedictis
1683 3863 2008 3927 conclavis
2057 3872 2122 3927 et
2178 3866 2364 3930 Urbis

797 3960 1210 4029 Gubernatori
1235 4003 1258 4034 ,
1288 3980 1361 4025 ac
1390 3960 1826 4044 Vicesgerenti
1852 3962 2156 4027 assistant
2175 4003 2196 4034 ‚
2253 3963 2361 4027 de·

797 4059 1144 4125 scribentes
1174 4056 1424 4121 nomina
1458 4055 1848 4140 singulorum
1890 4060 2357 4123 contumacium

795 4167 863 4221 et
891 4155 1386 4221 inobedientium
1408 4198 1431 4230 ‚
1463 4176 1625 4238 quos
1682 4157 2043 4238 praemissis
2099 4164 2166 4223 et
2221 4176 2358 4240 gra·

792 4255 1081 4320 vioribus
1113 4254 1301 4318 etiam
1333 4275 1449 4336 pro
1475 4272 1851 4319 excessuum
1874 4255 2178 4337 qualitate
2211 4277 2360 4338 poe·

792 4352 892 4416 nis
919 4350 1127 4434 puniri
1159 4358 1225 4414 et
1274 4349 1563 4414 mulctari
1619 4350 1933 4415 volumus.
1992 4358 2356 4418 praesentes

793 4467 1050 4534 quoque
1070 4489 1091 4520 ‚
1123 4455 1191 4511 et
1218 4446 1495 4530 desuper
1528 4448 1578 4512 si
1631 4447 1955 4512 videbitur
2013 4449 2352 4531 expedien-

689 4619 698 4624 ,
794 4547 908 4612 das
935 4545 1155 4609 literas
1183 4563 1434 4627 semper
1459 4543 1695 4609 validas
1743 4552 1811 4608 et
1867 4543 2162 4611 efficaces
2215 4545 2355 4613 fore

793 4654 863 4710 et
892 4662 1036 4708 esse
1055 4684 1078 4714 ‚
1111 4658 1383 4722 suesque
1414 4640 1730 4721 plenarios
1760 4650 1824 4706 et
1865 4641 2148 4725 integros
2205 4644 2357 4708 effe-

794 4752 937 4807 ctus
968 4738 1180 4804 sortiri
1207 4782 1227 4812 ,
1260 4746 1325 4800 et
1353 4738 1639 4803 obtinere
1673 4746 1737 4803 et
1763 4742 1846 4805 ab
1880 4739 2172 4805 omnibus
2195 4783 2217 4813 ‚
2273 4742 2351 4805 ad

790 4858 953 4921 quos
983 4835 1465 4918 quomodolibet
1495 4843 1736 4918 spectat
1793 4848 1860 4901 et
1918 4839 2235 4920 spectabit
2291 4839 2353 4901 in

793 4935 1074 5002 futurum
1100 4976 1121 5007 ,
1147 4934 1605 4999 inviolabiliter
1633 4935 2003 5010 observari3
2035 4936 2252 5018 sicque
2290 4949 2353 5000 et

799 5054 924 5098 nou
959 5032 1113 5096 alias
1132 5051 1247 5114 per
1273 5052 1710 5114 quoscumque
1736 5032 1991 5098 Iudices
2018 5040 2136 5098 etc.
2161 5034 2351 5099 etiam

797 5131 1151 5216 praedictae
1183 5136 1244 5194 S.
1281 5137 1348 5192 R.
1381 5136 1451 5193 E.
1483 5128 1888 5203 cardinales,
1929 5132 2177 5198 sublata
2233 5140 2354 5196 etc.

788 5226 1059 5312 judicari
1088 5233 1208 5290 etc.
1240 5225 1478 5296 debere
1498 5267 1521 5300 ‚
1552 5226 1924 5308 irritumque
1971 5237 2095 5292 etc.
2156 5236 2356 5292 atten-

793 5327 937 5389 tari.
971 5329 1104 5387 Non
1136 5325 1382 5388 obstan.
1413 5333 1724 5406 quatenus
1754 5344 1915 5407 opus
1966 5324 2091 5400 sit,
2140 5334 2353 5389 nostra

796 5430 862 5488 et
889 5420 1317 5487 cancellariae
1371 5422 1736 5506 praedictae
1793 5422 2015 5509 regula
2071 5424 2153 5489 de
2206 5422 2354 5506 jure

2486 748 2683 816 dultis
2711 760 2777 817 et
2801 751 3008 821 literis
3038 756 3417 838 Apostolicis
3446 758 3742 843 Collegiis
3801 762 4044 844 praedi·

2484 849 2605 913 ctis
2633 870 2981 934 eorumque
3015 853 3444 938 singularibus
3476 857 3806 937 personis,
3858 859 4045 924 etiam

2483 947 2545 1010 in
2580 947 2801 1014 limine
2830 951 3200 1015 eorumdem
3235 953 3661 1035 collegiorum
3706 958 4042 1023 erectionis

2482 1045 2830 1119 concessis,
2864 1046 3225 1129 ceterisque
3255 1049 3916 1117 constitutionibus&
3936 1059 4049 1118 Or·

2450 1141 2916 1215 ⁸‹linationibus
2964 1144 3388 1224 Apostolicis‚
3447 1167 3520 1210 ae
3577 1148 4044 1229 praedictorum

2481 1238 2903 1322 Collegiorum
2937 1242 3130 1302 etiam
3158 1241 3519 1323 juramento
3546 1253 3667 1308 etc.
3729 1246 4047 1313 roboratis

2482 1337 2737 1400 statutis
2758 1344 2880 1400 etc.
2903 1338 3261 1421 ceterisque
3290 1343 3620 1407 contrariis
3636 1343 4044 1426 quibuscum·

2482 1453 2605 1516 que
2629 1457 2657 1509 ψ
2679 1452 2825 1499 cum
2853 1433 3158 1499 clausulis
3191 1438 3580 1518 opportunis.

2899 1615 3062 1696 Fiat
3091 1632 3303 1691 motu
3335 1622 3648 1724 proprio
3682 1623 3771 1695 P.

2607 1814 2683 1874 Bt
2714 1811 2882 1893 qnod
2915 1812 3120 1881 dictae
3153 1815 3427 1899 {tegulae
3451 1860 3471 1890 ,
3501 1835 3745 1883 necnon

2477 1907 2945 1994 privilegiorum
2978 1921 3045 1975 et
3073 1912 3466 1978 indultorum
3505 1907 3753 1996 praedi-

2481 2013 2725 2073 ctorum
2754 2007 3242 2089 quomodolibet
3297 2032 3743 2079 concessorum

2480 2111 2734 2169 tenores
2764 2106 2953 2169 etiam
2982 2109 3268 2174 veriores
3295 2129 3370 2174 ac
3400 2116 3592 2174 Datae
3635 2111 3743 2179 ba-

2478 2199 2746 2265 beantur
2776 2222 2888 2284 pro
2920 2206 3272 2286 expressis,
3322 2227 3430 2271 seu
3492 2209 3555 2270 in
3613 2217 3752 2279 toto

2477 2297 2576 2363 vel
2610 2306 2786 2380 parte
2816 2300 3086 2383 exprimi
3120 2302 3366 2386 possint
3422 2304 3487 2367 in
3543 2305 3752 2376 literis

2478 2395 2667 2459 etiam
2698 2417 2815 2478 per
2843 2399 3010 2463 viam
3044 2401 3127 2466 de
3155 2401 3335 2467 Curia
3355 2445 3378 2475 ‚
3408 2402 3461 2467 si
3509 2404 3754 2471 videbi-

2477 2502 2580 2557 tur
2607 2495 2937 2577 expedien.
2972 2503 3046 2561 Et
3077 2499 3156 2563 de
3186 2500 3513 2582 perpetuis
3573 2522 3746 2567 man·

2476 2590 2649 2663 dato,
2677 2593 3146 2669 commissione,
3172 2595 3607 2680 derogatione,
3635 2599 3737 2665 vel

2474 2689 2800 2755 voluntate
2833 2690 3102 2774 aliisque
3134 2695 3523 2775 praemissis,
3553 2703 3619 2761 ut
3649 2717 3749 2762 su·

2472 2807 2583 2869 pra
2613 2788 2677 2850 in
2703 2789 2897 2854 dictis
2927 2789 3131 2855 literis
3162 2791 3469 2856 latissime
3527 2801 3743 2858 exten·

2475 2883 2619 2947 den.
2636 2884 2941 2950 Volumus
2964 2896 3200 2963 autem,
3219 2889 3388 2971 quod
3412 2890 3547 2955 sela
3570 2910 3746 2973 prae·

2474 2986 2671 3047 sentis
2703 2985 2895 3048 nostri
2911 2991 3120 3051 Motus
3138 2987 3371 3069 proprii
3396 2987 3743 3055 schedulae

2475 3086 2804 3168 signatura
2833 3083 3104 3149 sufficiat
3124 3126 3147 3158 ‚
3176 3094 3238 3150 et
3265 3082 3436 3150 illius
3475 3107 3729 3171 quoque

2472 3182 2798 3265 exempla,
2828 3202 2938 3247 seu
2974 3190 3367 3266 transumpta
3400 3183 3593 3248 etiam
3628 3187 3744 3250 im-

2470 3301 2687 3364 pressa
2719 3300 2904 3344 manu
2933 3278 3199 3363 alicujus
3226 3280 3468 3349 Notaril
3497 3282 3739 3363 publici

2471 3377 2828 3459 subscripta
2849 3418 2872 3450 ,
2903 3383 2969 3441 et
2996 3395 3302 3458 personae
3331 3378 3394 3440 in
3437 3377 3748 3446 Ecclesia·

2472 3475 2627 3539 stica
2645 3474 2947 3558 dignitate
2967 3473 3344 3540 constitutae
3367 3475 3588 3560 sigillo
3611 3498 3746 3542 mu·

2469 3572 2598 3636 nita
2618 3616 2641 3650 ,
2671 3572 2905 3653 ubique
2934 3571 3124 3636 fidem
3153 3570 3384 3639 faciant
3415 3574 3480 3636 in
3502 3575 3744 3659 judicio

2470 3678 2536 3736 et
2556 3680 2739 3740 extra
2786 3669 2948 3736 illud
2970 3712 2993 3743 ,
3050 3669 3292 3753 Regula
3347 3691 3743 3756 quacumque

2471 3766 2788 3835 contraria
2820 3785 2943 3830 non
2973 3766 3293 3831 obstante.

2600 3872 2824 3930 Datum
2854 3872 3092 3930 Romae
3119 3864 3282 3947 apud
3317 3871 3590 3929 sanctam
3622 3865 3883 3930 Uariam
3910 3874 4037 3935 Ma·

2464 3964 2666 4047 jerem
2696 3960 3173 4046 quartodecimo
3221 3961 3534 4028 Kalendas
3586 3962 3793 4028 Martii
3850 3970 4029 4034 Anno

2466 4060 2718 4136 Quinto.

2593 4157 2807 4221 Altera
2833 4175 2996 4238 quae
3024 4154 3131 4220 hic
3161 4155 3495 4237 apponitur
3519 4197 3542 4228 .
3568 4175 3645 4220 ea
3674 4163 3775 4222 est
3795 4198 3818 4230 ‚
3868 4175 4033 4240 quae

2467 4254 2802 4321 nonnullas
2832 4253 3166 4319 Advocatis
3195 4252 3757 4321 Consistorialibus
3784 4274 4037 4338 praere·

2464 4355 2701 4440 gativas
2733 4351 3038 4418 decernit.

3776 2738 3939 2815 Fiat
3993 2744 4083 2818 P.

2778 4550 3260 4613 BBNEDICTUS
3302 4549 3722 4611 Emscorus

2860 4749 3104 4808 Scarus
3132 4745 3478 4805 Snavoauu
3511 4746 3632 4804 Dm

2747 4937 2843 5000 Aa
2866 4947 3227 5014 perpetuam
3257 4940 3349 5000 rei
3372 4938 3749 4998 memoriam.

2591 5140 2761 5198 {nter
2787 5130 3161 5212 conspicuos
3191 5128 3463 5194 Ordines
3484 5172 3505 5203 ,
3535 5128 3768 5212 quibus
3809 5134 4031 5191 Roma·

2466 5249 2542 5292 na
2585 5229 2771 5292 Curia
2830 5236 2964 5292 toto
3019 5234 3325 5290 terrarum
3387 5227 3553 5290 Orbe
3608 5222 4033 5288 celeberrima

2463 5335 2712 5394 constat
2766 5333 2957 5409 atque
2998 5325 3347 5394 conflatur,
3386 5330 3451 5387 et
3507 5342 3774 5405 quorum
3830 5320 4028 5402 aliqui

2463 5445 2579 5508 pro
2611 5424 2888 5510 gerendo
2918 5421 3247 5487 universae
3294 5418 3618 5486 Ecclesiae
3673 5416 4029 5486 Catholicae
