<?xml version="1.0" encoding="UTF-8"?>
<!DOCTYPE html PUBLIC "-//W3C//DTD XHTML 1.0 Transitional//EN"
    "http://www.w3.org/TR/xhtml1/DTD/xhtml1-transitional.dtd">
<html xmlns="http://www.w3.org/1999/xhtml" xml:lang="en" lang="en">
 <head>
  <title>
</title>
<meta http-equiv="Content-Type" content="text/html;charset=utf-8" />
  <meta name='ocr-system' content='tesseract 3.04.00' />
  <meta name='ocr-capabilities' content='ocr_page ocr_carea ocr_par ocr_line ocrx_word'/>
</head>
<body>
  <div class='ocr_page' id='page_1' title='image "benedictixivpon00benegoog_0114.png"; bbox 0 0 4442 6300; ppageno 0'>
   <div class='ocr_carea' id='block_1_1' title="bbox 891 462 2757 523">
    <p class='ocr_par' dir='ltr' id='par_1_1' title="bbox 891 462 2757 523">
     <span class='ocr_line' id='line_1_1' title="bbox 891 462 2757 523; baseline 0.002 -7"><span class='ocrx_word' id='word_1_1' title='bbox 891 462 963 516; x_wconf 73' lang='lat'><strong>02</strong></span> <span class='ocrx_word' id='word_1_2' title='bbox 1847 466 2055 522; x_wconf 70' lang='lat' dir='ltr'><strong>Ac&#39;rA</strong></span> <span class='ocrx_word' id='word_1_3' title='bbox 2096 467 2757 523; x_wconf 60' lang='lat' dir='ltr'><strong>canoniza&#39;rtoms</strong></span> 
     </span>
    </p>
   </div>
   <div class='ocr_carea' id='block_1_2' title="bbox 700 607 2270 697">
    <p class='ocr_par' dir='ltr' id='par_1_2' title="bbox 700 607 2270 697">
     <span class='ocr_line' id='line_1_2' title="bbox 700 607 2270 697; baseline 0.001 -24"><span class='ocrx_word' id='word_1_4' title='bbox 700 629 1052 697; x_wconf 67' lang='lat' dir='ltr'><strong>equarum</strong></span> <span class='ocrx_word' id='word_1_5' title='bbox 1067 609 1127 675; x_wconf 83' lang='lat' dir='ltr'><strong>vi</strong></span> <span class='ocrx_word' id='word_1_6' title='bbox 1156 607 1384 677; x_wconf 78' lang='lat' dir='ltr'><strong>christi</strong></span> <span class='ocrx_word' id='word_1_7' title='bbox 1412 610 1660 675; x_wconf 80' lang='lat' dir='ltr'><strong>Domini</strong></span> <span class='ocrx_word' id='word_1_8' title='bbox 1677 609 1760 676; x_wconf 87' lang='lat' dir='ltr'><strong>de</strong></span> <span class='ocrx_word' id='word_1_9' title='bbox 1781 614 1976 678; x_wconf 77' lang='lat' dir='ltr'><strong>crure</strong></span> <span class='ocrx_word' id='word_1_10' title='bbox 1993 613 2270 695; x_wconf 88' lang='lat' dir='ltr'><strong>penden-</strong></span> 
     </span>
    </p>
   </div>
   <div class='ocr_carea' id='block_1_3' title="bbox 2383 608 3948 695">
    <p class='ocr_par' dir='ltr' id='par_1_3' title="bbox 2383 608 3948 695">
     <span class='ocr_line' id='line_1_3' title="bbox 2383 608 3948 695; baseline -0.003 -21"><span class='ocrx_word' id='word_1_11' title='bbox 2383 610 2778 685; x_wconf 84' lang='lat' dir='ltr'><strong>illustratur,</strong></span> <span class='ocrx_word' id='word_1_12' title='bbox 2821 609 3130 695; x_wconf 76' lang='lat' dir='ltr'><strong>gloriosas</strong></span> <span class='ocrx_word' id='word_1_13' title='bbox 3173 608 3461 693; x_wconf 75' lang='lat' dir='ltr'><strong>Virgines</strong></span> <span class='ocrx_word' id='word_1_14' title='bbox 3496 608 3837 675; x_wconf 75' lang='lat' dir='ltr'><strong>aemulari.</strong></span> <span class='ocrx_word' id='word_1_15' title='bbox 3880 613 3948 669; x_wconf 84' lang='lat' dir='ltr'><strong>et</strong></span> 
     </span>
    </p>
   </div>
   <div class='ocr_carea' id='block_1_4' title="bbox 702 706 3946 793">
    <p class='ocr_par' dir='ltr' id='par_1_4' title="bbox 702 706 3946 793">
     <span class='ocr_line' id='line_1_4' title="bbox 702 706 3946 793; baseline -0.002 -20"><span class='ocrx_word' id='word_1_16' title='bbox 702 708 791 773; x_wconf 88' lang='lat' dir='ltr'><strong>tis</strong></span> <span class='ocrx_word' id='word_1_17' title='bbox 817 708 1152 792; x_wconf 71' lang='lat' dir='ltr'><strong>imaginem</strong></span> <span class='ocrx_word' id='word_1_18' title='bbox 1184 706 1594 793; x_wconf 76' lang='lat' dir='ltr'><strong>singulosque</strong></span> <span class='ocrx_word' id='word_1_19' title='bbox 1637 707 1924 793; x_wconf 80' lang='lat' dir='ltr'><strong>ejusdem</strong></span> <span class='ocrx_word' id='word_1_20' title='bbox 1956 711 2269 777; x_wconf 86' lang='lat' dir='ltr'><strong>cruciatus</strong></span> <span class='ocrx_word' id='word_1_21' title='bbox 2381 729 2595 774; x_wconf 85' lang='lat' dir='ltr'><strong>secum</strong></span> <span class='ocrx_word' id='word_1_22' title='bbox 2644 710 2777 790; x_wconf 86' lang='lat' dir='ltr'><strong>ipsa</strong></span> <span class='ocrx_word' id='word_1_23' title='bbox 2806 715 3048 773; x_wconf 88' lang='lat' dir='ltr'><strong>certare</strong></span> <span class='ocrx_word' id='word_1_24' title='bbox 3080 710 3420 777; x_wconf 85' lang='lat' dir='ltr'><strong>niteretur,</strong></span> <span class='ocrx_word' id='word_1_25' title='bbox 3465 716 3528 767; x_wconf 89' lang='lat' dir='ltr'><strong>ut</strong></span> <span class='ocrx_word' id='word_1_26' title='bbox 3560 706 3623 767; x_wconf 84' lang='lat' dir='ltr'><strong>in</strong></span> <span class='ocrx_word' id='word_1_27' title='bbox 3654 708 3789 770; x_wconf 88' lang='lat' dir='ltr'><strong>dies</strong></span> <span class='ocrx_word' id='word_1_28' title='bbox 3819 724 3946 766; x_wconf 87' lang='lat' dir='ltr'><strong>me-</strong></span> 
     </span>
    </p>
   </div>
   <div class='ocr_carea' id='block_1_5' title="bbox 701 804 2268 1089">
    <p class='ocr_par' dir='ltr' id='par_1_5' title="bbox 701 804 2268 1089">
     <span class='ocr_line' id='line_1_5' title="bbox 701 804 2268 888; baseline 0.002 -19"><span class='ocrx_word' id='word_1_29' title='bbox 701 804 955 870; x_wconf 81' lang='lat' dir='ltr'><strong>assidue</strong></span> <span class='ocrx_word' id='word_1_30' title='bbox 983 805 1526 888; x_wconf 73' lang='lat' dir='ltr'><strong>contemplabatur</strong></span> <span class='ocrx_word' id='word_1_31' title='bbox 1548 850 1571 881; x_wconf 91' lang='lat'><strong>,</strong></span> <span class='ocrx_word' id='word_1_32' title='bbox 1599 816 1671 872; x_wconf 92' lang='lat' dir='ltr'><strong>ut</strong></span> <span class='ocrx_word' id='word_1_33' title='bbox 1694 817 1762 872; x_wconf 87' lang='lat' dir='ltr'><strong>et</strong></span> <span class='ocrx_word' id='word_1_34' title='bbox 1789 809 1868 874; x_wconf 91' lang='lat' dir='ltr'><strong>de</strong></span> <span class='ocrx_word' id='word_1_35' title='bbox 1889 809 1986 874; x_wconf 91' lang='lat' dir='ltr'><strong>eis</strong></span> <span class='ocrx_word' id='word_1_36' title='bbox 2014 809 2268 872; x_wconf 87' lang='lat' dir='ltr'><strong>assidue</strong></span> 
     </span>
     <span class='ocr_line' id='line_1_6' title="bbox 704 900 2265 989; baseline 0.002 -24"><span class='ocrx_word' id='word_1_37' title='bbox 704 900 1196 985; x_wconf 75' lang='lat' dir='ltr'><strong>colloqueretur,</strong></span> <span class='ocrx_word' id='word_1_38' title='bbox 1225 915 1293 969; x_wconf 83' lang='lat' dir='ltr'><strong>et</strong></span> <span class='ocrx_word' id='word_1_39' title='bbox 1320 925 1432 969; x_wconf 88' lang='lat' dir='ltr'><strong>eos</strong></span> <span class='ocrx_word' id='word_1_40' title='bbox 1459 905 1648 970; x_wconf 81' lang='lat' dir='ltr'><strong>variis</strong></span> <span class='ocrx_word' id='word_1_41' title='bbox 1677 907 1771 969; x_wconf 92' lang='lat' dir='ltr'><strong>sui</strong></span> <span class='ocrx_word' id='word_1_42' title='bbox 1804 906 2087 989; x_wconf 85' lang='lat' dir='ltr'><strong>corporis</strong></span> <span class='ocrx_word' id='word_1_43' title='bbox 2115 907 2265 970; x_wconf 83' lang='lat' dir='ltr'><strong>acti·</strong></span> 
     </span>
     <span class='ocr_line' id='line_1_7' title="bbox 701 999 2266 1089; baseline 0.003 -26"><span class='ocrx_word' id='word_1_44' title='bbox 701 999 824 1064; x_wconf 88' lang='lat' dir='ltr'><strong>bus</strong></span> <span class='ocrx_word' id='word_1_45' title='bbox 850 999 1141 1085; x_wconf 74' lang='lat' dir='ltr'><strong>effingere</strong></span> <span class='ocrx_word' id='word_1_46' title='bbox 1168 1011 1504 1068; x_wconf 87' lang='lat' dir='ltr'><strong>conaretur</strong></span> <span class='ocrx_word' id='word_1_47' title='bbox 1522 1048 1544 1077; x_wconf 89' lang='lat'><strong>,</strong></span> <span class='ocrx_word' id='word_1_48' title='bbox 1588 1012 1649 1070; x_wconf 91' lang='lat' dir='ltr'><strong>et</strong></span> <span class='ocrx_word' id='word_1_49' title='bbox 1681 1025 1830 1089; x_wconf 70' lang='lat' dir='ltr'><strong>prae</strong></span> <span class='ocrx_word' id='word_1_50' title='bbox 1859 1005 2099 1070; x_wconf 88' lang='lat' dir='ltr'><strong>doloris</strong></span> <span class='ocrx_word' id='word_1_51' title='bbox 2141 1025 2266 1068; x_wconf 88' lang='lat' dir='ltr'><strong>ma-</strong></span> 
     </span>
    </p>
   </div>
   <div class='ocr_carea' id='block_1_6' title="bbox 2375 804 3945 1081">
    <p class='ocr_par' dir='ltr' id='par_1_6' title="bbox 2375 804 3945 1081">
     <span class='ocr_line' id='line_1_8' title="bbox 2379 804 3942 888; baseline -0.003 -20"><span class='ocrx_word' id='word_1_52' title='bbox 2379 807 2499 870; x_wconf 90' lang='lat' dir='ltr'><strong>lior</strong></span> <span class='ocrx_word' id='word_1_53' title='bbox 2542 808 2837 871; x_wconf 85' lang='lat' dir='ltr'><strong>evaderet</strong></span> <span class='ocrx_word' id='word_1_54' title='bbox 2880 815 3069 887; x_wconf 88' lang='lat' dir='ltr'><strong>atque</strong></span> <span class='ocrx_word' id='word_1_55' title='bbox 3111 804 3471 888; x_wconf 74' lang='lat' dir='ltr'><strong>perfectior.</strong></span> <span class='ocrx_word' id='word_1_56' title='bbox 3523 804 3774 867; x_wconf 84' lang='lat' dir='ltr'><strong>solicita</strong></span> <span class='ocrx_word' id='word_1_57' title='bbox 3801 846 3819 874; x_wconf 94' lang='lat'><strong>,</strong></span> <span class='ocrx_word' id='word_1_58' title='bbox 3864 820 3942 863; x_wconf 88' lang='lat' dir='ltr'><strong>ne</strong></span> 
     </span>
     <span class='ocr_line' id='line_1_9' title="bbox 2375 904 3939 987; baseline -0.003 -21"><span class='ocrx_word' id='word_1_59' title='bbox 2375 904 2537 987; x_wconf 83' lang='lat' dir='ltr'><strong>ignis</strong></span> <span class='ocrx_word' id='word_1_60' title='bbox 2577 904 2693 969; x_wconf 91' lang='lat' dir='ltr'><strong>ille</strong></span> <span class='ocrx_word' id='word_1_61' title='bbox 2734 905 2939 967; x_wconf 86' lang='lat' dir='ltr'><strong>divini·</strong></span> <span class='ocrx_word' id='word_1_62' title='bbox 2969 904 3236 974; x_wconf 90' lang='lat' dir='ltr'><strong>amoris,</strong></span> <span class='ocrx_word' id='word_1_63' title='bbox 3283 924 3409 984; x_wconf 84' lang='lat' dir='ltr'><strong>quo</strong></span> <span class='ocrx_word' id='word_1_64' title='bbox 3453 910 3589 965; x_wconf 86' lang='lat' dir='ltr'><strong>erat</strong></span> <span class='ocrx_word' id='word_1_65' title='bbox 3635 920 3892 966; x_wconf 87' lang='lat' dir='ltr'><strong>accensa</strong></span> <span class='ocrx_word' id='word_1_66' title='bbox 3919 940 3939 969; x_wconf 92' lang='lat'><strong>,</strong></span> 
     </span>
     <span class='ocr_line' id='line_1_10' title="bbox 2378 999 3945 1081; baseline -0.005 -16"><span class='ocrx_word' id='word_1_67' title='bbox 2378 1002 2644 1066; x_wconf 79' lang='lat' dir='ltr'><strong>terrenis</strong></span> <span class='ocrx_word' id='word_1_68' title='bbox 2673 1003 2842 1065; x_wconf 90' lang='lat' dir='ltr'><strong>curis</strong></span> <span class='ocrx_word' id='word_1_69' title='bbox 2873 1010 2937 1066; x_wconf 90' lang='lat' dir='ltr'><strong>et</strong></span> <span class='ocrx_word' id='word_1_70' title='bbox 2978 1001 3433 1081; x_wconf 73' lang='lat' dir='ltr'><strong>cupiditatibus</strong></span> <span class='ocrx_word' id='word_1_71' title='bbox 3476 999 3839 1081; x_wconf 89' lang='lat' dir='ltr'><strong>implicatus</strong></span> <span class='ocrx_word' id='word_1_72' title='bbox 3880 1004 3945 1060; x_wconf 88' lang='lat' dir='ltr'><strong>et</strong></span> 
     </span>
    </p>
   </div>
   <div class='ocr_carea' id='block_1_7' title="bbox 702 1095 3943 1276">
    <p class='ocr_par' dir='ltr' id='par_1_7' title="bbox 702 1095 3943 1276">
     <span class='ocr_line' id='line_1_11' title="bbox 702 1095 3943 1180; baseline -0.001 -21"><span class='ocrx_word' id='word_1_73' title='bbox 702 1095 1024 1178; x_wconf 76' lang='lat' dir='ltr'><strong>gnitudine</strong></span> <span class='ocrx_word' id='word_1_74' title='bbox 1065 1099 1498 1165; x_wconf 85' lang='lat' dir='ltr'><strong>conficeretur.</strong></span> <span class='ocrx_word' id='word_1_75' title='bbox 1546 1100 1680 1176; x_wconf 78' lang='lat' dir='ltr'><strong>&#39;Quo</strong></span> <span class='ocrx_word' id='word_1_76' title='bbox 1729 1100 1962 1165; x_wconf 85' lang='lat' dir='ltr'><strong>factum</strong></span> <span class='ocrx_word' id='word_1_77' title='bbox 2009 1114 2152 1175; x_wconf 88' lang='lat' dir='ltr'><strong>est,</strong></span> <span class='ocrx_word' id='word_1_78' title='bbox 2198 1112 2268 1165; x_wconf 89' lang='lat' dir='ltr'><strong>ut</strong></span> <span class='ocrx_word' id='word_1_79' title='bbox 2376 1100 2713 1162; x_wconf 76' lang='lat' dir='ltr'><strong>suffocatus</strong></span> <span class='ocrx_word' id='word_1_80' title='bbox 2744 1109 3142 1180; x_wconf 71' lang='lat' dir='ltr'><strong>tepesceret,</strong></span> <span class='ocrx_word' id='word_1_81' title='bbox 3186 1098 3282 1161; x_wconf 79' lang='lat' dir='ltr'><strong>vel</strong></span> <span class='ocrx_word' id='word_1_82' title='bbox 3313 1099 3506 1162; x_wconf 89' lang='lat' dir='ltr'><strong>etiam</strong></span> <span class='ocrx_word' id='word_1_83' title='bbox 3547 1097 3943 1178; x_wconf 78' lang='lat' dir='ltr'><strong>extinguere-</strong></span> 
     </span>
     <span class='ocr_line' id='line_1_12' title="bbox 702 1190 3941 1276; baseline -0.001 -20"><span class='ocrx_word' id='word_1_84' title='bbox 702 1190 1018 1258; x_wconf 78' lang='lat' dir='ltr'><strong>Christum</strong></span> <span class='ocrx_word' id='word_1_85' title='bbox 1036 1196 1370 1262; x_wconf 88' lang='lat' dir='ltr'><strong>Dominum</strong></span> <span class='ocrx_word' id='word_1_86' title='bbox 1398 1197 1617 1261; x_wconf 91' lang='lat' dir='ltr'><strong>audire</strong></span> <span class='ocrx_word' id='word_1_87' title='bbox 1639 1200 1939 1264; x_wconf 88' lang='lat' dir='ltr'><strong>meruerit</strong></span> <span class='ocrx_word' id='word_1_88' title='bbox 1960 1199 2084 1263; x_wconf 85' lang='lat' dir='ltr'><strong>sibi</strong></span> <span class='ocrx_word' id='word_1_89' title='bbox 2109 1220 2264 1263; x_wconf 82' lang='lat' dir='ltr'><strong>vor-e</strong></span> <span class='ocrx_word' id='word_1_90' title='bbox 2378 1205 2516 1266; x_wconf 89' lang='lat' dir='ltr'><strong>tur,</strong></span> <span class='ocrx_word' id='word_1_91' title='bbox 2546 1195 2607 1257; x_wconf 88' lang='lat' dir='ltr'><strong>id</strong></span> <span class='ocrx_word' id='word_1_92' title='bbox 2655 1216 2846 1259; x_wconf 89' lang='lat' dir='ltr'><strong>unum</strong></span> <span class='ocrx_word' id='word_1_93' title='bbox 2877 1215 3127 1275; x_wconf 77' lang='lat' dir='ltr'><strong>semper</strong></span> <span class='ocrx_word' id='word_1_94' title='bbox 3155 1215 3302 1276; x_wconf 88' lang='lat' dir='ltr'><strong>prae</strong></span> <span class='ocrx_word' id='word_1_95' title='bbox 3336 1194 3535 1258; x_wconf 89' lang='lat' dir='ltr'><strong>oculis</strong></span> <span class='ocrx_word' id='word_1_96' title='bbox 3577 1194 3841 1265; x_wconf 90' lang='lat' dir='ltr'><strong>habuit,</strong></span> <span class='ocrx_word' id='word_1_97' title='bbox 3871 1199 3941 1254; x_wconf 85' lang='lat' dir='ltr'><strong>ut</strong></span> 
     </span>
    </p>
   </div>
   <div class='ocr_carea' id='block_1_8' title="bbox 702 1288 2266 1380">
    <p class='ocr_par' dir='ltr' id='par_1_8' title="bbox 702 1288 2266 1380">
     <span class='ocr_line' id='line_1_13' title="bbox 702 1288 2266 1380; baseline 0.004 -28"><span class='ocrx_word' id='word_1_98' title='bbox 702 1288 869 1355; x_wconf 87' lang='lat' dir='ltr'><strong>clara</strong></span> <span class='ocrx_word' id='word_1_99' title='bbox 909 1298 1102 1375; x_wconf 83' lang='lat' dir='ltr'><strong>atque</strong></span> <span class='ocrx_word' id='word_1_100' title='bbox 1129 1293 1417 1358; x_wconf 70' lang='lat' dir='ltr'><strong>sensibili</strong></span> <span class='ocrx_word' id='word_1_101' title='bbox 1455 1315 1537 1360; x_wconf 84' lang='lat' dir='ltr'><strong>ex</strong></span> <span class='ocrx_word' id='word_1_102' title='bbox 1565 1297 1784 1360; x_wconf 89' lang='lat' dir='ltr'><strong>eadem</strong></span> <span class='ocrx_word' id='word_1_103' title='bbox 1820 1297 2091 1380; x_wconf 77' lang='lat' dir='ltr'><strong>imagine</strong></span> <span class='ocrx_word' id='word_1_104' title='bbox 2134 1297 2266 1361; x_wconf 89' lang='lat' dir='ltr'><strong>col-</strong></span> 
     </span>
    </p>
   </div>
   <div class='ocr_carea' id='block_1_9' title="bbox 2373 1291 3933 1374">
    <p class='ocr_par' dir='ltr' id='par_1_9' title="bbox 2373 1291 3933 1374">
     <span class='ocr_line' id='line_1_14' title="bbox 2373 1291 3933 1374; baseline -0.001 -21"><span class='ocrx_word' id='word_1_105' title='bbox 2373 1292 2523 1354; x_wconf 85' lang='lat' dir='ltr'><strong>nihil</strong></span> <span class='ocrx_word' id='word_1_106' title='bbox 2555 1293 2920 1374; x_wconf 86' lang='lat' dir='ltr'><strong>loqueretur</strong></span> <span class='ocrx_word' id='word_1_107' title='bbox 2945 1293 3065 1357; x_wconf 93' lang='lat' dir='ltr'><strong>nisi</strong></span> <span class='ocrx_word' id='word_1_108' title='bbox 3096 1295 3174 1356; x_wconf 88' lang='lat' dir='ltr'><strong>de</strong></span> <span class='ocrx_word' id='word_1_109' title='bbox 3206 1300 3359 1363; x_wconf 86' lang='lat' dir='ltr'><strong>Deo,</strong></span> <span class='ocrx_word' id='word_1_110' title='bbox 3389 1291 3539 1352; x_wconf 87' lang='lat' dir='ltr'><strong>nibil</strong></span> <span class='ocrx_word' id='word_1_111' title='bbox 3565 1301 3779 1372; x_wconf 76' lang='lat' dir='ltr'><strong>ageret</strong></span> <span class='ocrx_word' id='word_1_112' title='bbox 3810 1291 3933 1354; x_wconf 88' lang='lat' dir='ltr'><strong>nisi</strong></span> 
     </span>
    </p>
   </div>
   <div class='ocr_carea' id='block_1_10' title="bbox 701 1383 3939 1474">
    <p class='ocr_par' dir='ltr' id='par_1_10' title="bbox 701 1383 3939 1474">
     <span class='ocr_line' id='line_1_15' title="bbox 701 1383 3939 1474; baseline 0.001 -26"><span class='ocrx_word' id='word_1_113' title='bbox 701 1383 1090 1469; x_wconf 84' lang='lat' dir='ltr'><strong>loquentem.</strong></span> <span class='ocrx_word' id='word_1_114' title='bbox 1125 1397 1471 1459; x_wconf 83' lang='lat' dir='ltr'><strong>Decennem</strong></span> <span class='ocrx_word' id='word_1_115' title='bbox 1500 1412 1584 1456; x_wconf 84' lang='lat' dir='ltr'><strong>ex</strong></span> <span class='ocrx_word' id='word_1_116' title='bbox 1608 1413 1689 1457; x_wconf 90' lang='lat' dir='ltr'><strong>eo</strong></span> <span class='ocrx_word' id='word_1_117' title='bbox 1716 1394 2094 1458; x_wconf 69' lang='lat' dir='ltr'><strong>monasterio</strong></span> <span class='ocrx_word' id='word_1_118' title='bbox 2121 1413 2261 1457; x_wconf 87' lang='lat' dir='ltr'><strong>cum</strong></span> <span class='ocrx_word' id='word_1_119' title='bbox 2375 1393 2452 1454; x_wconf 89' lang='lat' dir='ltr'><strong>ad</strong></span> <span class='ocrx_word' id='word_1_120' title='bbox 2495 1391 2761 1474; x_wconf 77' lang='lat' dir='ltr'><strong>gloriam</strong></span> <span class='ocrx_word' id='word_1_121' title='bbox 2799 1392 2905 1456; x_wconf 83' lang='lat' dir='ltr'><strong>Dei</strong></span> <span class='ocrx_word' id='word_1_122' title='bbox 2928 1435 2948 1463; x_wconf 90' lang='lat'><strong>,</strong></span> <span class='ocrx_word' id='word_1_123' title='bbox 2994 1391 3151 1452; x_wconf 88' lang='lat' dir='ltr'><strong>nibil</strong></span> <span class='ocrx_word' id='word_1_124' title='bbox 3197 1391 3310 1454; x_wconf 89' lang='lat' dir='ltr'><strong>nisi</strong></span> <span class='ocrx_word' id='word_1_125' title='bbox 3347 1390 3454 1452; x_wconf 73' lang='lat' dir='ltr'><strong>nei</strong></span> <span class='ocrx_word' id='word_1_126' title='bbox 3498 1389 3939 1461; x_wconf 86' lang='lat' dir='ltr'><strong>clementiam,</strong></span> 
     </span>
    </p>
   </div>
   <div class='ocr_carea' id='block_1_11' title="bbox 695 1487 2267 2446">
    <p class='ocr_par' dir='ltr' id='par_1_11' title="bbox 695 1487 2267 2446">
     <span class='ocr_line' id='line_1_16' title="bbox 702 1487 2265 1575; baseline 0.004 -26"><span class='ocrx_word' id='word_1_127' title='bbox 702 1489 889 1549; x_wconf 74' lang='lat' dir='ltr'><strong>Pater</strong></span> <span class='ocrx_word' id='word_1_128' title='bbox 925 1506 1064 1551; x_wconf 87' lang='lat' dir='ltr'><strong>eam</strong></span> <span class='ocrx_word' id='word_1_129' title='bbox 1093 1487 1288 1552; x_wconf 82' lang='lat' dir='ltr'><strong>vellet</strong></span> <span class='ocrx_word' id='word_1_130' title='bbox 1327 1490 1688 1564; x_wconf 88' lang='lat' dir='ltr'><strong>abducere,</strong></span> <span class='ocrx_word' id='word_1_131' title='bbox 1728 1488 2026 1557; x_wconf 78' lang='lat' dir='ltr'><strong>facultate</strong></span> <span class='ocrx_word' id='word_1_132' title='bbox 2071 1493 2265 1575; x_wconf 86' lang='lat' dir='ltr'><strong>impe·</strong></span> 
     </span>
     <span class='ocr_line' id='line_1_17' title="bbox 702 1586 2267 1670; baseline 0.007 -28"><span class='ocrx_word' id='word_1_133' title='bbox 702 1588 867 1647; x_wconf 82' lang='lat' dir='ltr'><strong>trata</strong></span> <span class='ocrx_word' id='word_1_134' title='bbox 887 1625 909 1657; x_wconf 87' lang='lat'><strong>,</strong></span> <span class='ocrx_word' id='word_1_135' title='bbox 951 1593 1021 1647; x_wconf 86' lang='lat' dir='ltr'><strong>ut</strong></span> <span class='ocrx_word' id='word_1_136' title='bbox 1044 1591 1382 1668; x_wconf 84' lang='lat' dir='ltr'><strong>antequam</strong></span> <span class='ocrx_word' id='word_1_137' title='bbox 1412 1586 1491 1651; x_wconf 85' lang='lat' dir='ltr'><strong>ad</strong></span> <span class='ocrx_word' id='word_1_138' title='bbox 1522 1588 1775 1651; x_wconf 87' lang='lat' dir='ltr'><strong>domum</strong></span> <span class='ocrx_word' id='word_1_139' title='bbox 1818 1597 2137 1670; x_wconf 87' lang='lat' dir='ltr'><strong>paternam</strong></span> <span class='ocrx_word' id='word_1_140' title='bbox 2166 1608 2267 1653; x_wconf 87' lang='lat' dir='ltr'><strong>re-</strong></span> 
     </span>
     <span class='ocr_line' id='line_1_18' title="bbox 702 1683 2264 1767; baseline 0.004 -27"><span class='ocrx_word' id='word_1_141' title='bbox 702 1687 1089 1756; x_wconf 81' lang='lat' dir='ltr'><strong>verteretur,</strong></span> <span class='ocrx_word' id='word_1_142' title='bbox 1132 1685 1508 1749; x_wconf 86' lang='lat' dir='ltr'><strong>commorari</strong></span> <span class='ocrx_word' id='word_1_143' title='bbox 1551 1705 1666 1767; x_wconf 87' lang='lat' dir='ltr'><strong>per</strong></span> <span class='ocrx_word' id='word_1_144' title='bbox 1702 1683 1916 1749; x_wconf 87' lang='lat' dir='ltr'><strong>decem</strong></span> <span class='ocrx_word' id='word_1_145' title='bbox 1963 1686 2100 1750; x_wconf 88' lang='lat' dir='ltr'><strong>dies</strong></span> <span class='ocrx_word' id='word_1_146' title='bbox 2142 1685 2264 1748; x_wconf 83' lang='lat' dir='ltr'><strong>sibi</strong></span> 
     </span>
     <span class='ocr_line' id='line_1_19' title="bbox 695 1772 2262 1848; baseline 0.006 -13"><span class='ocrx_word' id='word_1_147' title='bbox 695 1772 919 1841; x_wconf 86' lang='lat' dir='ltr'><strong>liceret</strong></span> <span class='ocrx_word' id='word_1_148' title='bbox 940 1779 1002 1840; x_wconf 92' lang='lat' dir='ltr'><strong>in</strong></span> <span class='ocrx_word' id='word_1_149' title='bbox 1019 1780 1400 1845; x_wconf 73' lang='lat' dir='ltr'><strong>monasterio</strong></span> <span class='ocrx_word' id='word_1_150' title='bbox 1416 1781 1698 1846; x_wconf 84' lang='lat' dir='ltr'><strong>Prateusi</strong></span> <span class='ocrx_word' id='word_1_151' title='bbox 1725 1789 1784 1845; x_wconf 81' lang='lat' dir='ltr'><strong>s.</strong></span> <span class='ocrx_word' id='word_1_152' title='bbox 1808 1783 2113 1847; x_wconf 75' lang='lat' dir='ltr'><strong>vincentii</strong></span> <span class='ocrx_word' id='word_1_153' title='bbox 2147 1790 2262 1848; x_wconf 88' lang='lat' dir='ltr'><strong>Or-</strong></span> 
     </span>
     <span class='ocr_line' id='line_1_20' title="bbox 701 1874 2262 1962; baseline 0.003 -24"><span class='ocrx_word' id='word_1_154' title='bbox 701 1874 870 1940; x_wconf 90' lang='lat' dir='ltr'><strong>dinis</strong></span> <span class='ocrx_word' id='word_1_155' title='bbox 895 1878 1430 1952; x_wconf 84' lang='lat' dir='ltr'><strong>Praedicatorum,</strong></span> <span class='ocrx_word' id='word_1_156' title='bbox 1473 1897 1592 1944; x_wconf 92' lang='lat' dir='ltr'><strong>nec</strong></span> <span class='ocrx_word' id='word_1_157' title='bbox 1619 1880 1915 1962; x_wconf 89' lang='lat' dir='ltr'><strong>precibus</strong></span> <span class='ocrx_word' id='word_1_158' title='bbox 1936 1924 1958 1953; x_wconf 93' lang='lat'><strong>,</strong></span> <span class='ocrx_word' id='word_1_159' title='bbox 1999 1900 2116 1944; x_wconf 87' lang='lat' dir='ltr'><strong>nec</strong></span> <span class='ocrx_word' id='word_1_160' title='bbox 2146 1880 2262 1943; x_wconf 89' lang='lat' dir='ltr'><strong>mi·</strong></span> 
     </span>
     <span class='ocr_line' id='line_1_21' title="bbox 699 1972 2254 2060; baseline 0.001 -23"><span class='ocrx_word' id='word_1_161' title='bbox 699 1972 796 2037; x_wconf 73' lang='lat' dir='ltr'><strong>nis</strong></span> <span class='ocrx_word' id='word_1_162' title='bbox 820 1973 1044 2039; x_wconf 85' lang='lat' dir='ltr'><strong>adduci</strong></span> <span class='ocrx_word' id='word_1_163' title='bbox 1090 1976 1291 2057; x_wconf 82' lang='lat' dir='ltr'><strong>potnit</strong></span> <span class='ocrx_word' id='word_1_164' title='bbox 1309 2018 1330 2049; x_wconf 89' lang='lat'>‚</span> <span class='ocrx_word' id='word_1_165' title='bbox 1360 1985 1433 2040; x_wconf 91' lang='lat' dir='ltr'><strong>ut</strong></span> <span class='ocrx_word' id='word_1_166' title='bbox 1460 1976 1607 2039; x_wconf 88' lang='lat' dir='ltr'><strong>inde</strong></span> <span class='ocrx_word' id='word_1_167' title='bbox 1635 1978 2046 2060; x_wconf 73' lang='lat' dir='ltr'><strong>egrederetur</strong></span> <span class='ocrx_word' id='word_1_168' title='bbox 2065 2021 2088 2049; x_wconf 91' lang='lat'><strong>,</strong></span> <span class='ocrx_word' id='word_1_169' title='bbox 2132 1978 2254 2043; x_wconf 89' lang='lat' dir='ltr'><strong>nisi</strong></span> 
     </span>
     <span class='ocr_line' id='line_1_22' title="bbox 697 2069 2264 2153; baseline 0.004 -22"><span class='ocrx_word' id='word_1_170' title='bbox 697 2069 1069 2153; x_wconf 86' lang='lat' dir='ltr'><strong>interposito</strong></span> <span class='ocrx_word' id='word_1_171' title='bbox 1110 2081 1500 2138; x_wconf 88' lang='lat' dir='ltr'><strong>sacramento</strong></span> <span class='ocrx_word' id='word_1_172' title='bbox 1540 2071 1732 2137; x_wconf 80' lang='lat' dir='ltr'><strong>fidem</strong></span> <span class='ocrx_word' id='word_1_173' title='bbox 1778 2094 1953 2139; x_wconf 84' lang='lat' dir='ltr'><strong>suam</strong></span> <span class='ocrx_word' id='word_1_174' title='bbox 2001 2075 2264 2140; x_wconf 80' lang='lat' dir='ltr'><strong>Genitor</strong></span> 
     </span>
     <span class='ocr_line' id='line_1_23' title="bbox 700 2165 2257 2254; baseline 0.003 -25"><span class='ocrx_word' id='word_1_175' title='bbox 700 2165 1110 2250; x_wconf 73' lang='lat' dir='ltr'><strong>obligavisset</strong></span> <span class='ocrx_word' id='word_1_176' title='bbox 1167 2168 1248 2232; x_wconf 89' lang='lat' dir='ltr'><strong>de</strong></span> <span class='ocrx_word' id='word_1_177' title='bbox 1293 2167 1488 2233; x_wconf 87' lang='lat' dir='ltr'><strong>celeri</strong></span> <span class='ocrx_word' id='word_1_178' title='bbox 1534 2169 1743 2234; x_wconf 90' lang='lat' dir='ltr'><strong>reditu</strong></span> <span class='ocrx_word' id='word_1_179' title='bbox 1802 2171 2257 2254; x_wconf 85' lang='lat' dir='ltr'><strong>permittendo.</strong></span> 
     </span>
     <span class='ocr_line' id='line_1_24' title="bbox 696 2266 2262 2346; baseline 0.004 -19"><span class='ocrx_word' id='word_1_180' title='bbox 696 2267 848 2327; x_wconf 86' lang='lat' dir='ltr'><strong>Cum</strong></span> <span class='ocrx_word' id='word_1_181' title='bbox 875 2285 1028 2330; x_wconf 81' lang='lat' dir='ltr'><strong>vero</strong></span> <span class='ocrx_word' id='word_1_182' title='bbox 1057 2266 1389 2346; x_wconf 85' lang='lat' dir='ltr'><strong>promissis</strong></span> <span class='ocrx_word' id='word_1_183' title='bbox 1428 2266 1540 2329; x_wconf 92' lang='lat' dir='ltr'><strong>ille</strong></span> <span class='ocrx_word' id='word_1_184' title='bbox 1571 2286 1693 2331; x_wconf 93' lang='lat' dir='ltr'><strong>nou</strong></span> <span class='ocrx_word' id='word_1_185' title='bbox 1724 2274 1962 2339; x_wconf 88' lang='lat' dir='ltr'><strong>staret,</strong></span> <span class='ocrx_word' id='word_1_186' title='bbox 2005 2278 2074 2341; x_wconf 76' lang='lat' dir='ltr'><strong>et</strong></span> <span class='ocrx_word' id='word_1_187' title='bbox 2103 2267 2262 2333; x_wconf 89' lang='lat' dir='ltr'><strong>dila·</strong></span> 
     </span>
     <span class='ocr_line' id='line_1_25' title="bbox 697 2352 2253 2446; baseline 0.002 -21"><span class='ocrx_word' id='word_1_188' title='bbox 697 2361 944 2426; x_wconf 84' lang='lat' dir='ltr'><strong>tionem</strong></span> <span class='ocrx_word' id='word_1_189' title='bbox 983 2364 1222 2427; x_wconf 88' lang='lat' dir='ltr'><strong>reditus</strong></span> <span class='ocrx_word' id='word_1_190' title='bbox 1263 2364 1452 2429; x_wconf 81' lang='lat' dir='ltr'><strong>variis</strong></span> <span class='ocrx_word' id='word_1_191' title='bbox 1496 2352 1928 2446; x_wconf 75' lang='lat' dir='ltr'><strong>praetextibus</strong></span> <span class='ocrx_word' id='word_1_192' title='bbox 1970 2386 2253 2431; x_wconf 84' lang='lat' dir='ltr'><strong>causare-</strong></span> 
     </span>
    </p>
   </div>
   <div class='ocr_carea' id='block_1_12' title="bbox 569 2459 2258 2546">
    <p class='ocr_par' dir='ltr' id='par_1_12' title="bbox 569 2459 2258 2546">
     <span class='ocr_line' id='line_1_26' title="bbox 569 2459 2258 2546; baseline 0.002 -24"><span class='ocrx_word' id='word_1_193' title='bbox 569 2466 578 2477; x_wconf 87' lang='lat'><em>&#39;</em></span> <span class='ocrx_word' id='word_1_194' title='bbox 694 2466 835 2532; x_wconf 86' lang='lat' dir='ltr'><strong>tur,</strong></span> <span class='ocrx_word' id='word_1_195' title='bbox 877 2468 1049 2524; x_wconf 83' lang='lat' dir='ltr'><strong>tauta</strong></span> <span class='ocrx_word' id='word_1_196' title='bbox 1073 2459 1211 2543; x_wconf 76' lang='lat' dir='ltr'><strong>ejus</strong></span> <span class='ocrx_word' id='word_1_197' title='bbox 1238 2461 1510 2524; x_wconf 87' lang='lat' dir='ltr'><strong>animum</strong></span> <span class='ocrx_word' id='word_1_198' title='bbox 1539 2462 1873 2545; x_wconf 78' lang='lat' dir='ltr'><strong>aegritudo</strong></span> <span class='ocrx_word' id='word_1_199' title='bbox 1915 2462 2258 2546; x_wconf 89' lang='lat' dir='ltr'><strong>corripuit,</strong></span> 
     </span>
    </p>
   </div>
   <div class='ocr_carea' id='block_1_13' title="bbox 682 2556 2265 5273">
    <p class='ocr_par' dir='ltr' id='par_1_13' title="bbox 682 2556 2260 4585">
     <span class='ocr_line' id='line_1_27' title="bbox 687 2556 2260 2625; baseline 0.002 -4"><span class='ocrx_word' id='word_1_200' title='bbox 687 2563 757 2621; x_wconf 86' lang='lat' dir='ltr'><strong>ut</strong></span> <span class='ocrx_word' id='word_1_201' title='bbox 785 2576 868 2620; x_wconf 84' lang='lat' dir='ltr'><strong>ex</strong></span> <span class='ocrx_word' id='word_1_202' title='bbox 894 2556 1057 2623; x_wconf 83' lang='lat' dir='ltr'><strong>febri</strong></span> <span class='ocrx_word' id='word_1_203' title='bbox 1086 2557 1466 2623; x_wconf 79' lang='lat' dir='ltr'><strong>decumbere</strong></span> <span class='ocrx_word' id='word_1_204' title='bbox 1495 2567 1708 2625; x_wconf 87' lang='lat' dir='ltr'><strong>coacta</strong></span> <span class='ocrx_word' id='word_1_205' title='bbox 1737 2558 1935 2624; x_wconf 78' lang='lat' dir='ltr'><strong>fuerit</strong></span> <span class='ocrx_word' id='word_1_206' title='bbox 1955 2607 1970 2623; x_wconf 92' lang='lat'><strong>.</strong></span> <span class='ocrx_word' id='word_1_207' title='bbox 1998 2566 2131 2624; x_wconf 82' lang='lat' dir='ltr'><strong>Hoc</strong></span> <span class='ocrx_word' id='word_1_208' title='bbox 2165 2581 2260 2624; x_wconf 91' lang='lat' dir='ltr'><strong>ar·</strong></span> 
     </span>
     <span class='ocr_line' id='line_1_28' title="bbox 689 2653 2257 2737; baseline 0.001 -21"><span class='ocrx_word' id='word_1_209' title='bbox 689 2662 988 2737; x_wconf 71' lang='lat' dir='ltr'><strong>gumento</strong></span> <span class='ocrx_word' id='word_1_210' title='bbox 1014 2655 1332 2718; x_wconf 83' lang='lat' dir='ltr'><strong>voluntate</strong></span> <span class='ocrx_word' id='word_1_211' title='bbox 1365 2654 1475 2718; x_wconf 72' lang='lat' dir='ltr'><strong>uei</strong></span> <span class='ocrx_word' id='word_1_212' title='bbox 1503 2653 1961 2721; x_wconf 72' lang='lat' dir='ltr'><strong>manifestatam</strong></span> <span class='ocrx_word' id='word_1_213' title='bbox 1990 2700 2012 2729; x_wconf 90' lang='lat'><strong>‚</strong></span> <span class='ocrx_word' id='word_1_214' title='bbox 2049 2658 2257 2722; x_wconf 89' lang='lat' dir='ltr'><strong>omni·</strong></span> 
     </span>
     <span class='ocr_line' id='line_1_29' title="bbox 682 2750 2255 2834; baseline 0.003 -21"><span class='ocrx_word' id='word_1_215' title='bbox 682 2770 807 2831; x_wconf 88' lang='lat' dir='ltr'><strong>que</strong></span> <span class='ocrx_word' id='word_1_216' title='bbox 849 2750 1224 2834; x_wconf 69' lang='lat' dir='ltr'><strong>cogitatione</strong></span> <span class='ocrx_word' id='word_1_217' title='bbox 1268 2750 1551 2832; x_wconf 85' lang='lat' dir='ltr'><strong>deposita</strong></span> <span class='ocrx_word' id='word_1_218' title='bbox 1578 2752 1659 2816; x_wconf 92' lang='lat' dir='ltr'><strong>de</strong></span> <span class='ocrx_word' id='word_1_219' title='bbox 1702 2772 1778 2817; x_wconf 89' lang='lat' dir='ltr'><strong>ea</strong></span> <span class='ocrx_word' id='word_1_220' title='bbox 1814 2754 1876 2814; x_wconf 92' lang='lat' dir='ltr'><strong>in</strong></span> <span class='ocrx_word' id='word_1_221' title='bbox 1920 2754 2255 2817; x_wconf 81' lang='lat' dir='ltr'><strong>matrimo-</strong></span> 
     </span>
     <span class='ocr_line' id='line_1_30' title="bbox 688 2846 2254 2919; baseline 0.003 -11"><span class='ocrx_word' id='word_1_222' title='bbox 688 2846 857 2909; x_wconf 88' lang='lat' dir='ltr'><strong>nium</strong></span> <span class='ocrx_word' id='word_1_223' title='bbox 890 2848 1191 2912; x_wconf 87' lang='lat' dir='ltr'><strong>tradenda</strong></span> <span class='ocrx_word' id='word_1_224' title='bbox 1216 2891 1236 2919; x_wconf 88' lang='lat'><strong>,</strong></span> <span class='ocrx_word' id='word_1_225' title='bbox 1268 2858 1340 2912; x_wconf 84' lang='lat' dir='ltr'><strong>ut</strong></span> <span class='ocrx_word' id='word_1_226' title='bbox 1363 2846 1443 2912; x_wconf 88' lang='lat' dir='ltr'><strong>ad</strong></span> <span class='ocrx_word' id='word_1_227' title='bbox 1474 2854 1769 2913; x_wconf 84' lang='lat' dir='ltr'><strong>Pratense</strong></span> <span class='ocrx_word' id='word_1_228' title='bbox 1799 2850 2254 2914; x_wconf 64' lang='lat' dir='ltr'><strong>nonasterium</strong></span> 
     </span>
     <span class='ocr_line' id='line_1_31' title="bbox 691 2941 2254 3028; baseline 0.001 -22"><span class='ocrx_word' id='word_1_229' title='bbox 691 2941 970 3017; x_wconf 78' lang='lat' dir='ltr'><strong>rediret,</strong></span> <span class='ocrx_word' id='word_1_230' title='bbox 1012 2944 1264 3010; x_wconf 88' lang='lat' dir='ltr'><strong>tandem</strong></span> <span class='ocrx_word' id='word_1_231' title='bbox 1308 2944 1641 3028; x_wconf 80' lang='lat' dir='ltr'><strong>aliquando</strong></span> <span class='ocrx_word' id='word_1_232' title='bbox 1690 2946 1985 3028; x_wconf 81' lang='lat' dir='ltr'><strong>permisit</strong></span> <span class='ocrx_word' id='word_1_233' title='bbox 2028 2954 2212 3011; x_wconf 75' lang='lat' dir='ltr'><strong>Pater</strong></span> <span class='ocrx_word' id='word_1_234' title='bbox 2237 2990 2254 3008; x_wconf 95' lang='lat'><strong>.</strong></span> 
     </span>
     <span class='ocr_line' id='line_1_32' title="bbox 694 3038 2255 3128; baseline 0.001 -26"><span class='ocrx_word' id='word_1_235' title='bbox 694 3039 790 3102; x_wconf 87' lang='lat' dir='ltr'><strong>lbi</strong></span> <span class='ocrx_word' id='word_1_236' title='bbox 819 3038 1015 3123; x_wconf 78' lang='lat' dir='ltr'><strong>igitur</strong></span> <span class='ocrx_word' id='word_1_237' title='bbox 1044 3041 1348 3105; x_wconf 84' lang='lat' dir='ltr'><strong>tredecim</strong></span> <span class='ocrx_word' id='word_1_238' title='bbox 1380 3060 1577 3107; x_wconf 90' lang='lat' dir='ltr'><strong>annos</strong></span> <span class='ocrx_word' id='word_1_239' title='bbox 1606 3050 1747 3105; x_wconf 89' lang='lat' dir='ltr'><strong>nata</strong></span> <span class='ocrx_word' id='word_1_240' title='bbox 1779 3041 2134 3128; x_wconf 78' lang='lat' dir='ltr'><strong>Religiosae</strong></span> <span class='ocrx_word' id='word_1_241' title='bbox 2162 3044 2255 3105; x_wconf 85' lang='lat' dir='ltr'><strong>vi-</strong></span> 
     </span>
     <span class='ocr_line' id='line_1_33' title="bbox 700 3136 2256 3222; baseline 0.004 -23"><span class='ocrx_word' id='word_1_242' title='bbox 700 3144 802 3201; x_wconf 87' lang='lat' dir='ltr'><strong>tae</strong></span> <span class='ocrx_word' id='word_1_243' title='bbox 831 3136 1183 3202; x_wconf 89' lang='lat' dir='ltr'><strong>tirocinium</strong></span> <span class='ocrx_word' id='word_1_244' title='bbox 1229 3137 1507 3222; x_wconf 75' lang='lat' dir='ltr'><strong>ingressa</strong></span> <span class='ocrx_word' id='word_1_245' title='bbox 1543 3138 1807 3203; x_wconf 88' lang='lat' dir='ltr'><strong>arduum</strong></span> <span class='ocrx_word' id='word_1_246' title='bbox 1853 3138 2256 3222; x_wconf 83' lang='lat' dir='ltr'><strong>perfectionis</strong></span> 
     </span>
     <span class='ocr_line' id='line_1_34' title="bbox 697 3233 2256 3320; baseline 0.006 -26"><span class='ocrx_word' id='word_1_247' title='bbox 697 3233 858 3309; x_wconf 89' lang='lat' dir='ltr'><strong>iter,</strong></span> <span class='ocrx_word' id='word_1_248' title='bbox 900 3234 1068 3317; x_wconf 89' lang='lat' dir='ltr'><strong>quod</strong></span> <span class='ocrx_word' id='word_1_249' title='bbox 1111 3255 1147 3298; x_wconf 86' lang='lat' dir='ltr'><strong>a</strong></span> <span class='ocrx_word' id='word_1_250' title='bbox 1188 3236 1426 3301; x_wconf 88' lang='lat' dir='ltr'><strong>teneris</strong></span> <span class='ocrx_word' id='word_1_251' title='bbox 1469 3236 1649 3302; x_wconf 86' lang='lat' dir='ltr'><strong>annis</strong></span> <span class='ocrx_word' id='word_1_252' title='bbox 1686 3236 1813 3320; x_wconf 84' lang='lat' dir='ltr'><strong>jam</strong></span> <span class='ocrx_word' id='word_1_253' title='bbox 1861 3237 2256 3319; x_wconf 82' lang='lat' dir='ltr'><strong>arripuerat,</strong></span> 
     </span>
     <span class='ocr_line' id='line_1_35' title="bbox 698 3332 2256 3418; baseline -0.002 -21"><span class='ocrx_word' id='word_1_254' title='bbox 698 3341 871 3398; x_wconf 83' lang='lat' dir='ltr'><strong>tanta</strong></span> <span class='ocrx_word' id='word_1_255' title='bbox 896 3332 1086 3396; x_wconf 88' lang='lat' dir='ltr'><strong>animi</strong></span> <span class='ocrx_word' id='word_1_256' title='bbox 1129 3332 1451 3400; x_wconf 87' lang='lat' dir='ltr'><strong>alacritate</strong></span> <span class='ocrx_word' id='word_1_257' title='bbox 1483 3341 1813 3414; x_wconf 84' lang='lat' dir='ltr'><strong>prosecuta</strong></span> <span class='ocrx_word' id='word_1_258' title='bbox 1842 3344 1978 3402; x_wconf 82' lang='lat' dir='ltr'><strong>est,</strong></span> <span class='ocrx_word' id='word_1_259' title='bbox 2019 3342 2089 3397; x_wconf 87' lang='lat' dir='ltr'><strong>ut</strong></span> <span class='ocrx_word' id='word_1_260' title='bbox 2126 3335 2256 3418; x_wconf 68' lang='lat' dir='ltr'><strong>iam</strong></span> 
     </span>
     <span class='ocr_line' id='line_1_36' title="bbox 701 3429 2258 3513; baseline 0.003 -21"><span class='ocrx_word' id='word_1_261' title='bbox 701 3437 834 3492; x_wconf 84' lang='lat' dir='ltr'><strong>tum</strong></span> <span class='ocrx_word' id='word_1_262' title='bbox 880 3430 1176 3495; x_wconf 83' lang='lat' dir='ltr'><strong>virtutum</strong></span> <span class='ocrx_word' id='word_1_263' title='bbox 1221 3429 1517 3513; x_wconf 84' lang='lat' dir='ltr'><strong>exemplo</strong></span> <span class='ocrx_word' id='word_1_264' title='bbox 1566 3430 1923 3495; x_wconf 85' lang='lat' dir='ltr'><strong>senioribus</strong></span> <span class='ocrx_word' id='word_1_265' title='bbox 1966 3433 2258 3497; x_wconf 87' lang='lat' dir='ltr'><strong>omnibus</strong></span> 
     </span>
     <span class='ocr_line' id='line_1_37' title="bbox 703 3524 2256 3611; baseline 0.002 -21"><span class='ocrx_word' id='word_1_266' title='bbox 703 3524 1117 3609; x_wconf 81' lang='lat' dir='ltr'><strong>praeluceret.</strong></span> <span class='ocrx_word' id='word_1_267' title='bbox 1147 3529 1488 3611; x_wconf 79' lang='lat' dir='ltr'><strong>Praecipue</strong></span> <span class='ocrx_word' id='word_1_268' title='bbox 1509 3547 1681 3599; x_wconf 75' lang='lat' dir='ltr'><strong>vero,</strong></span> <span class='ocrx_word' id='word_1_269' title='bbox 1710 3546 1852 3589; x_wconf 88' lang='lat' dir='ltr'><strong>cum</strong></span> <span class='ocrx_word' id='word_1_270' title='bbox 1886 3547 2094 3589; x_wconf 89' lang='lat' dir='ltr'><strong>rerum</strong></span> <span class='ocrx_word' id='word_1_271' title='bbox 2116 3548 2256 3593; x_wconf 83' lang='lat' dir='ltr'><strong>cae·</strong></span> 
     </span>
     <span class='ocr_line' id='line_1_38' title="bbox 703 3622 2259 3705; baseline 0.003 -20"><span class='ocrx_word' id='word_1_272' title='bbox 703 3622 958 3688; x_wconf 86' lang='lat' dir='ltr'><strong>lestium</strong></span> <span class='ocrx_word' id='word_1_273' title='bbox 1002 3623 1507 3705; x_wconf 78' lang='lat' dir='ltr'><strong>contemplationi</strong></span> <span class='ocrx_word' id='word_1_274' title='bbox 1553 3622 1797 3698; x_wconf 80' lang='lat' dir='ltr'><strong>multo,</strong></span> <span class='ocrx_word' id='word_1_275' title='bbox 1843 3644 2025 3703; x_wconf 81' lang='lat' dir='ltr'><strong>quam</strong></span> <span class='ocrx_word' id='word_1_276' title='bbox 2076 3633 2259 3689; x_wconf 88' lang='lat' dir='ltr'><strong>antea</strong></span> 
     </span>
     <span class='ocr_line' id='line_1_39' title="bbox 700 3719 2260 3803; baseline 0.001 -21"><span class='ocrx_word' id='word_1_277' title='bbox 700 3720 1125 3787; x_wconf 76' lang='lat' dir='ltr'><strong>vehementius</strong></span> <span class='ocrx_word' id='word_1_278' title='bbox 1153 3722 1455 3792; x_wconf 84' lang='lat' dir='ltr'><strong>instaret,</strong></span> <span class='ocrx_word' id='word_1_279' title='bbox 1498 3722 1559 3783; x_wconf 92' lang='lat' dir='ltr'><strong>in</strong></span> <span class='ocrx_word' id='word_1_280' title='bbox 1589 3726 1785 3785; x_wconf 85' lang='lat' dir='ltr'><strong>Deum</strong></span> <span class='ocrx_word' id='word_1_281' title='bbox 1831 3719 2260 3803; x_wconf 76' lang='lat' dir='ltr'><strong>frequentissi-</strong></span> 
     </span>
     <span class='ocr_line' id='line_1_40' title="bbox 704 3816 2256 3900; baseline 0.001 -19"><span class='ocrx_word' id='word_1_282' title='bbox 704 3838 808 3883; x_wconf 88' lang='lat' dir='ltr'><strong>me</strong></span> <span class='ocrx_word' id='word_1_283' title='bbox 833 3826 1007 3897; x_wconf 89' lang='lat' dir='ltr'><strong>rapta</strong></span> <span class='ocrx_word' id='word_1_284' title='bbox 1034 3826 1159 3881; x_wconf 89' lang='lat' dir='ltr'><strong>tam</strong></span> <span class='ocrx_word' id='word_1_285' title='bbox 1191 3816 1595 3882; x_wconf 83' lang='lat' dir='ltr'><strong>admirabiles</strong></span> <span class='ocrx_word' id='word_1_286' title='bbox 1611 3825 1854 3882; x_wconf 85' lang='lat' dir='ltr'><strong>ectases</strong></span> <span class='ocrx_word' id='word_1_287' title='bbox 1883 3819 2256 3900; x_wconf 86' lang='lat' dir='ltr'><strong>patiebatur,</strong></span> 
     </span>
     <span class='ocr_line' id='line_1_41' title="bbox 700 3913 2256 3998; baseline -0.001 -20"><span class='ocrx_word' id='word_1_288' title='bbox 700 3925 770 3979; x_wconf 88' lang='lat' dir='ltr'><strong>ut</strong></span> <span class='ocrx_word' id='word_1_289' title='bbox 810 3914 1069 3978; x_wconf 90' lang='lat' dir='ltr'><strong>omnino</strong></span> <span class='ocrx_word' id='word_1_290' title='bbox 1097 3913 1392 3979; x_wconf 83' lang='lat' dir='ltr'><strong>destituta</strong></span> <span class='ocrx_word' id='word_1_291' title='bbox 1419 3914 1708 3978; x_wconf 85' lang='lat' dir='ltr'><strong>sensibus</strong></span> <span class='ocrx_word' id='word_1_292' title='bbox 1748 3914 2145 3998; x_wconf 85' lang='lat' dir='ltr'><strong>judicaretur.</strong></span> <span class='ocrx_word' id='word_1_293' title='bbox 2177 3916 2256 3980; x_wconf 85' lang='lat' dir='ltr'><strong>ll-</strong></span> 
     </span>
     <span class='ocr_line' id='line_1_42' title="bbox 702 4011 2257 4097; baseline 0.001 -23"><span class='ocrx_word' id='word_1_294' title='bbox 702 4012 809 4076; x_wconf 88' lang='lat' dir='ltr'><strong>lud</strong></span> <span class='ocrx_word' id='word_1_295' title='bbox 854 4023 1063 4077; x_wconf 90' lang='lat' dir='ltr'><strong>autem</strong></span> <span class='ocrx_word' id='word_1_296' title='bbox 1103 4012 1166 4074; x_wconf 90' lang='lat' dir='ltr'><strong>in</strong></span> <span class='ocrx_word' id='word_1_297' title='bbox 1209 4032 1284 4075; x_wconf 91' lang='lat' dir='ltr'><strong>ea</strong></span> <span class='ocrx_word' id='word_1_298' title='bbox 1327 4011 1531 4075; x_wconf 86' lang='lat' dir='ltr'><strong>multo</strong></span> <span class='ocrx_word' id='word_1_299' title='bbox 1573 4012 2043 4088; x_wconf 86' lang='lat' dir='ltr'><strong>admirabilius,</strong></span> <span class='ocrx_word' id='word_1_300' title='bbox 2087 4014 2257 4097; x_wconf 90' lang='lat' dir='ltr'><strong>quod</strong></span> 
     </span>
     <span class='ocr_line' id='line_1_43' title="bbox 702 4107 2257 4193; baseline 0.001 -22"><span class='ocrx_word' id='word_1_301' title='bbox 702 4107 820 4171; x_wconf 90' lang='lat' dir='ltr'><strong>hoc</strong></span> <span class='ocrx_word' id='word_1_302' title='bbox 848 4107 986 4189; x_wconf 86' lang='lat' dir='ltr'><strong>ipso</strong></span> <span class='ocrx_word' id='word_1_303' title='bbox 1015 4118 1331 4190; x_wconf 85' lang='lat' dir='ltr'><strong>tempore,</strong></span> <span class='ocrx_word' id='word_1_304' title='bbox 1361 4126 1488 4190; x_wconf 82' lang='lat' dir='ltr'><strong>quo</strong></span> <span class='ocrx_word' id='word_1_305' title='bbox 1520 4115 1644 4172; x_wconf 88' lang='lat' dir='ltr'><strong>tam</strong></span> <span class='ocrx_word' id='word_1_306' title='bbox 1674 4107 2089 4189; x_wconf 80' lang='lat' dir='ltr'><strong>singularibus</strong></span> <span class='ocrx_word' id='word_1_307' title='bbox 2120 4131 2257 4193; x_wconf 81' lang='lat' dir='ltr'><strong>gra-</strong></span> 
     </span>
     <span class='ocr_line' id='line_1_44' title="bbox 705 4206 2259 4278; baseline 0.003 -8"><span class='ocrx_word' id='word_1_308' title='bbox 705 4207 807 4272; x_wconf 87' lang='lat' dir='ltr'><strong>tiis</strong></span> <span class='ocrx_word' id='word_1_309' title='bbox 860 4206 1292 4271; x_wconf 86' lang='lat' dir='ltr'><strong>illustrabatur</strong></span> <span class='ocrx_word' id='word_1_310' title='bbox 1345 4227 1381 4270; x_wconf 89' lang='lat' dir='ltr'><strong>a</strong></span> <span class='ocrx_word' id='word_1_311' title='bbox 1430 4207 1696 4270; x_wconf 90' lang='lat' dir='ltr'><strong>Domino</strong></span> <span class='ocrx_word' id='word_1_312' title='bbox 1722 4251 1744 4278; x_wconf 90' lang='lat'><strong>,</strong></span> <span class='ocrx_word' id='word_1_313' title='bbox 1800 4215 1928 4271; x_wconf 88' lang='lat' dir='ltr'><strong>tam</strong></span> <span class='ocrx_word' id='word_1_314' title='bbox 1978 4209 2259 4274; x_wconf 89' lang='lat' dir='ltr'><strong>demisse</strong></span> 
     </span>
     <span class='ocr_line' id='line_1_45' title="bbox 706 4304 2259 4387; baseline 0.001 -18"><span class='ocrx_word' id='word_1_315' title='bbox 706 4306 1150 4387; x_wconf 79' lang='lat' dir='ltr'><strong>humiliterque</strong></span> <span class='ocrx_word' id='word_1_316' title='bbox 1183 4305 1261 4368; x_wconf 91' lang='lat' dir='ltr'><strong>de</strong></span> <span class='ocrx_word' id='word_1_317' title='bbox 1291 4325 1362 4370; x_wconf 84' lang='lat' dir='ltr'><strong>se</strong></span> <span class='ocrx_word' id='word_1_318' title='bbox 1389 4304 1520 4387; x_wconf 90' lang='lat' dir='ltr'><strong>ipsa</strong></span> <span class='ocrx_word' id='word_1_319' title='bbox 1550 4305 1900 4378; x_wconf 88' lang='lat' dir='ltr'><strong>sentiebat,</strong></span> <span class='ocrx_word' id='word_1_320' title='bbox 1929 4315 1996 4369; x_wconf 91' lang='lat' dir='ltr'><strong>ut</strong></span> <span class='ocrx_word' id='word_1_321' title='bbox 2024 4316 2259 4370; x_wconf 90' lang='lat' dir='ltr'><strong>metne-</strong></span> 
     </span>
     <span class='ocr_line' id='line_1_46' title="bbox 708 4403 2258 4484; baseline 0.001 -16"><span class='ocrx_word' id='word_1_322' title='bbox 708 4411 845 4474; x_wconf 90' lang='lat' dir='ltr'><strong>ret,</strong></span> <span class='ocrx_word' id='word_1_323' title='bbox 891 4422 966 4466; x_wconf 91' lang='lat' dir='ltr'><strong>ne</strong></span> <span class='ocrx_word' id='word_1_324' title='bbox 1012 4412 1327 4484; x_wconf 82' lang='lat' dir='ltr'><strong>tamquam</strong></span> <span class='ocrx_word' id='word_1_325' title='bbox 1371 4403 1576 4466; x_wconf 84' lang='lat' dir='ltr'><strong>minus</strong></span> <span class='ocrx_word' id='word_1_326' title='bbox 1615 4403 1837 4465; x_wconf 89' lang='lat' dir='ltr'><strong>idonea</strong></span> <span class='ocrx_word' id='word_1_327' title='bbox 1876 4411 1934 4465; x_wconf 92' lang='lat' dir='ltr'><strong>et</strong></span> <span class='ocrx_word' id='word_1_328' title='bbox 1979 4405 2258 4469; x_wconf 87' lang='lat' dir='ltr'><strong>omnium</strong></span> 
     </span>
     <span class='ocr_line' id='line_1_47' title="bbox 700 4498 2250 4585; baseline -0.004 -20"><span class='ocrx_word' id='word_1_329' title='bbox 700 4498 1244 4585; x_wconf 81' lang='lat' dir='ltr'><strong>imperfectissima</strong></span> <span class='ocrx_word' id='word_1_330' title='bbox 1275 4520 1310 4564; x_wconf 95' lang='lat' dir='ltr'><strong>a</strong></span> <span class='ocrx_word' id='word_1_331' title='bbox 1338 4499 1715 4565; x_wconf 66' lang='lat' dir='ltr'><strong>monasterio</strong></span> <span class='ocrx_word' id='word_1_332' title='bbox 1741 4500 2187 4565; x_wconf 89' lang='lat' dir='ltr'><strong>dimitteretur.</strong></span> <span class='ocrx_word' id='word_1_333' title='bbox 2229 4533 2250 4559; x_wconf 64' lang='lat'><strong>1.</strong></span> 
     </span>
    </p>

    <p class='ocr_par' dir='ltr' id='par_1_14' title="bbox 697 4597 2265 5273">
     <span class='ocr_line' id='line_1_48' title="bbox 838 4597 2257 4681; baseline 0.002 -20"><span class='ocrx_word' id='word_1_334' title='bbox 838 4627 861 4653; x_wconf 88' lang='lat'><strong>·</strong></span> <span class='ocrx_word' id='word_1_335' title='bbox 912 4599 1172 4681; x_wconf 82' lang='lat' dir='ltr'><strong>Expleto</strong></span> <span class='ocrx_word' id='word_1_336' title='bbox 1234 4597 1619 4661; x_wconf 72' lang='lat' dir='ltr'><strong>probationis</strong></span> <span class='ocrx_word' id='word_1_337' title='bbox 1674 4605 1956 4680; x_wconf 83' lang='lat' dir='ltr'><strong>ternpore</strong></span> <span class='ocrx_word' id='word_1_338' title='bbox 1988 4642 2009 4669; x_wconf 92' lang='lat'><strong>,</strong></span> <span class='ocrx_word' id='word_1_339' title='bbox 2069 4621 2257 4681; x_wconf 86' lang='lat' dir='ltr'><strong>quam</strong></span> 
     </span>
     <span class='ocr_line' id='line_1_49' title="bbox 697 4694 2261 4780; baseline -0.001 -18"><span class='ocrx_word' id='word_1_340' title='bbox 697 4700 936 4762; x_wconf 91' lang='lat' dir='ltr'><strong>tamdiu</strong></span> <span class='ocrx_word' id='word_1_341' title='bbox 965 4696 1428 4778; x_wconf 81' lang='lat' dir='ltr'><strong>concupiverat,</strong></span> <span class='ocrx_word' id='word_1_342' title='bbox 1444 4704 1727 4759; x_wconf 78' lang='lat' dir='ltr'><strong>votorum</strong></span> <span class='ocrx_word' id='word_1_343' title='bbox 1752 4694 2098 4759; x_wconf 88' lang='lat' dir='ltr'><strong>solemnem</strong></span> <span class='ocrx_word' id='word_1_344' title='bbox 2124 4718 2261 4780; x_wconf 89' lang='lat' dir='ltr'><strong>pro·</strong></span> 
     </span>
     <span class='ocr_line' id='line_1_50' title="bbox 700 4792 2260 4875; baseline 0.001 -18"><span class='ocrx_word' id='word_1_345' title='bbox 700 4792 1047 4860; x_wconf 76' lang='lat' dir='ltr'><strong>fossionem</strong></span> <span class='ocrx_word' id='word_1_346' title='bbox 1078 4795 1313 4864; x_wconf 83' lang='lat' dir='ltr'><strong>emisit,</strong></span> <span class='ocrx_word' id='word_1_347' title='bbox 1342 4794 1406 4855; x_wconf 89' lang='lat' dir='ltr'><strong>in</strong></span> <span class='ocrx_word' id='word_1_348' title='bbox 1435 4812 1582 4875; x_wconf 88' lang='lat' dir='ltr'><strong>qua,</strong></span> <span class='ocrx_word' id='word_1_349' title='bbox 1612 4812 1753 4857; x_wconf 89' lang='lat' dir='ltr'><strong>cum</strong></span> <span class='ocrx_word' id='word_1_350' title='bbox 1784 4804 1964 4857; x_wconf 88' lang='lat' dir='ltr'><strong>antea</strong></span> <span class='ocrx_word' id='word_1_351' title='bbox 1995 4795 2260 4860; x_wconf 82' lang='lat' dir='ltr'><strong>Alexan·</strong></span> 
     </span>
     <span class='ocr_line' id='line_1_51' title="bbox 702 4875 2262 4976; baseline -0.001 -18"><span class='ocrx_word' id='word_1_352' title='bbox 702 4894 812 4958; x_wconf 87' lang='lat' dir='ltr'><strong>dra</strong></span> <span class='ocrx_word' id='word_1_353' title='bbox 843 4901 1335 4976; x_wconf 85' lang='lat' dir='ltr'><strong>nuncuparetur,</strong></span> <span class='ocrx_word' id='word_1_354' title='bbox 1364 4890 1724 4953; x_wconf 86' lang='lat' dir='ltr'><strong>Catharinae</strong></span> <span class='ocrx_word' id='word_1_355' title='bbox 1755 4875 1888 4952; x_wconf 77' lang='lat' dir='ltr'><strong>sihi¹</strong></span> <span class='ocrx_word' id='word_1_356' title='bbox 1907 4910 2134 4956; x_wconf 88' lang='lat' dir='ltr'><strong>nomen</strong></span> <span class='ocrx_word' id='word_1_357' title='bbox 2166 4913 2262 4956; x_wconf 87' lang='lat' dir='ltr'><strong>as-</strong></span> 
     </span>
     <span class='ocr_line' id='line_1_52' title="bbox 704 4989 2265 5075; baseline -0.002 -18"><span class='ocrx_word' id='word_1_358' title='bbox 704 4994 992 5075; x_wconf 86' lang='lat' dir='ltr'><strong>sumpsit.</strong></span> <span class='ocrx_word' id='word_1_359' title='bbox 1033 4997 1186 5055; x_wconf 73' lang='lat' dir='ltr'><strong>Rata</strong></span> <span class='ocrx_word' id='word_1_360' title='bbox 1215 4989 1457 5056; x_wconf 81' lang='lat' dir='ltr'><strong>veroin</strong></span> <span class='ocrx_word' id='word_1_361' title='bbox 1500 4998 1793 5069; x_wconf 87' lang='lat' dir='ltr'><strong>suscepto</strong></span> <span class='ocrx_word' id='word_1_362' title='bbox 1822 4990 2149 5054; x_wconf 90' lang='lat' dir='ltr'><strong>sanctioris</strong></span> <span class='ocrx_word' id='word_1_363' title='bbox 2175 4993 2265 5054; x_wconf 85' lang='lat' dir='ltr'><strong>vi-</strong></span> 
     </span>
     <span class='ocr_line' id='line_1_53' title="bbox 700 5087 2264 5155; baseline -0.003 -1"><span class='ocrx_word' id='word_1_364' title='bbox 700 5103 802 5155; x_wconf 86' lang='lat' dir='ltr'><strong>tae</strong></span> <span class='ocrx_word' id='word_1_365' title='bbox 843 5091 1131 5155; x_wconf 86' lang='lat' dir='ltr'><strong>instituto</strong></span> <span class='ocrx_word' id='word_1_366' title='bbox 1174 5089 1297 5153; x_wconf 92' lang='lat' dir='ltr'><strong>sibi</strong></span> <span class='ocrx_word' id='word_1_367' title='bbox 1338 5087 1544 5151; x_wconf 88' lang='lat' dir='ltr'><strong>acrius</strong></span> <span class='ocrx_word' id='word_1_368' title='bbox 1584 5087 2067 5150; x_wconf 88' lang='lat' dir='ltr'><strong>incumbendum</strong></span> <span class='ocrx_word' id='word_1_369' title='bbox 2118 5089 2264 5151; x_wconf 88' lang='lat' dir='ltr'><strong>reli·</strong></span> 
     </span>
     <span class='ocr_line' id='line_1_54' title="bbox 702 5182 2262 5273; baseline -0.001 -24"><span class='ocrx_word' id='word_1_370' title='bbox 702 5189 1014 5273; x_wconf 79' lang='lat' dir='ltr'><strong>giosarum</strong></span> <span class='ocrx_word' id='word_1_371' title='bbox 1043 5186 1338 5248; x_wconf 82' lang='lat' dir='ltr'><strong>virtutum</strong></span> <span class='ocrx_word' id='word_1_372' title='bbox 1369 5184 1604 5255; x_wconf 86' lang='lat' dir='ltr'><strong>studio,</strong></span> <span class='ocrx_word' id='word_1_373' title='bbox 1635 5182 1786 5247; x_wconf 90' lang='lat' dir='ltr'><strong>satis</strong></span> <span class='ocrx_word' id='word_1_374' title='bbox 1815 5183 2114 5265; x_wconf 75' lang='lat' dir='ltr'><strong>explicari</strong></span> <span class='ocrx_word' id='word_1_375' title='bbox 2139 5205 2262 5248; x_wconf 92' lang='lat' dir='ltr'><strong>non</strong></span> 
     </span>
    </p>
   </div>
   <div class='ocr_carea' id='block_1_14' title="bbox 2365 1487 3942 1959">
    <p class='ocr_par' dir='ltr' id='par_1_15' title="bbox 2365 1487 3942 1959">
     <span class='ocr_line' id='line_1_55' title="bbox 2365 1487 3940 1570; baseline -0.002 -20"><span class='ocrx_word' id='word_1_376' title='bbox 2365 1488 2673 1570; x_wconf 87' lang='lat' dir='ltr'><strong>justitiam</strong></span> <span class='ocrx_word' id='word_1_377' title='bbox 2696 1532 2718 1561; x_wconf 89' lang='lat'><strong>,</strong></span> <span class='ocrx_word' id='word_1_378' title='bbox 2748 1489 3117 1570; x_wconf 85' lang='lat' dir='ltr'><strong>sapientiam</strong></span> <span class='ocrx_word' id='word_1_379' title='bbox 3138 1532 3160 1560; x_wconf 90' lang='lat'><strong>,</strong></span> <span class='ocrx_word' id='word_1_380' title='bbox 3192 1487 3715 1570; x_wconf 88' lang='lat' dir='ltr'><strong>pulchritudinem</strong></span> <span class='ocrx_word' id='word_1_381' title='bbox 3739 1528 3762 1559; x_wconf 91' lang='lat'><strong>,</strong></span> <span class='ocrx_word' id='word_1_382' title='bbox 3807 1505 3940 1550; x_wconf 85' lang='lat' dir='ltr'><strong>om·</strong></span> 
     </span>
     <span class='ocr_line' id='line_1_56' title="bbox 2374 1583 3935 1669; baseline -0.003 -21"><span class='ocrx_word' id='word_1_383' title='bbox 2374 1585 2776 1669; x_wconf 88' lang='lat' dir='ltr'><strong>nipotentiam</strong></span> <span class='ocrx_word' id='word_1_384' title='bbox 2809 1587 3241 1650; x_wconf 87' lang='lat' dir='ltr'><strong>meditaretur.</strong></span> <span class='ocrx_word' id='word_1_385' title='bbox 3272 1590 3405 1658; x_wconf 89' lang='lat' dir='ltr'><strong>Quo</strong></span> <span class='ocrx_word' id='word_1_386' title='bbox 3437 1583 3664 1649; x_wconf 76' lang='lat' dir='ltr'><strong>factum</strong></span> <span class='ocrx_word' id='word_1_387' title='bbox 3692 1590 3815 1655; x_wconf 89' lang='lat' dir='ltr'><strong>est,</strong></span> <span class='ocrx_word' id='word_1_388' title='bbox 3845 1591 3935 1655; x_wconf 87' lang='lat' dir='ltr'><strong>nt,</strong></span> 
     </span>
     <span class='ocr_line' id='line_1_57' title="bbox 2375 1683 3939 1766; baseline -0.002 -20"><span class='ocrx_word' id='word_1_389' title='bbox 2375 1704 2515 1746; x_wconf 86' lang='lat' dir='ltr'><strong>cum</strong></span> <span class='ocrx_word' id='word_1_390' title='bbox 2549 1704 2664 1748; x_wconf 90' lang='lat' dir='ltr'><strong>nec</strong></span> <span class='ocrx_word' id='word_1_391' title='bbox 2706 1686 2841 1766; x_wconf 86' lang='lat' dir='ltr'><strong>ipsa</strong></span> <span class='ocrx_word' id='word_1_392' title='bbox 2871 1705 2941 1750; x_wconf 88' lang='lat' dir='ltr'><strong>se</strong></span> <span class='ocrx_word' id='word_1_393' title='bbox 2976 1683 3253 1748; x_wconf 77' lang='lat' dir='ltr'><strong>avellere</strong></span> <span class='ocrx_word' id='word_1_394' title='bbox 3293 1690 3507 1765; x_wconf 87' lang='lat' dir='ltr'><strong>posset</strong></span> <span class='ocrx_word' id='word_1_395' title='bbox 3535 1704 3570 1745; x_wconf 89' lang='lat' dir='ltr'><strong>a</strong></span> <span class='ocrx_word' id='word_1_396' title='bbox 3600 1688 3773 1752; x_wconf 81' lang='lat' dir='ltr'><strong>Deo,</strong></span> <span class='ocrx_word' id='word_1_397' title='bbox 3820 1701 3939 1746; x_wconf 90' lang='lat' dir='ltr'><strong>nec</strong></span> 
     </span>
     <span class='ocr_line' id='line_1_58' title="bbox 2374 1780 3942 1862; baseline -0.003 -15"><span class='ocrx_word' id='word_1_398' title='bbox 2374 1781 2502 1847; x_wconf 86' lang='lat' dir='ltr'><strong>alio</strong></span> <span class='ocrx_word' id='word_1_399' title='bbox 2543 1803 2579 1848; x_wconf 89' lang='lat' dir='ltr'><strong>a</strong></span> <span class='ocrx_word' id='word_1_400' title='bbox 2620 1784 2811 1848; x_wconf 90' lang='lat' dir='ltr'><strong>rebus</strong></span> <span class='ocrx_word' id='word_1_401' title='bbox 2838 1783 3264 1847; x_wconf 82' lang='lat' dir='ltr'><strong>exterioribus</strong></span> <span class='ocrx_word' id='word_1_402' title='bbox 3306 1781 3590 1848; x_wconf 79' lang='lat' dir='ltr'><strong>avocari,</strong></span> <span class='ocrx_word' id='word_1_403' title='bbox 3632 1780 3942 1862; x_wconf 84' lang='lat' dir='ltr'><strong>quidquid</strong></span> 
     </span>
     <span class='ocr_line' id='line_1_59' title="bbox 2376 1876 3940 1959; baseline -0.002 -19"><span class='ocrx_word' id='word_1_404' title='bbox 2376 1878 2494 1940; x_wconf 86' lang='lat' dir='ltr'><strong>sibi</strong></span> <span class='ocrx_word' id='word_1_405' title='bbox 2538 1881 2623 1944; x_wconf 89' lang='lat' dir='ltr'><strong>ob</strong></span> <span class='ocrx_word' id='word_1_406' title='bbox 2654 1877 2873 1944; x_wconf 91' lang='lat' dir='ltr'><strong>oculos</strong></span> <span class='ocrx_word' id='word_1_407' title='bbox 2917 1880 3399 1949; x_wconf 85' lang='lat' dir='ltr'><strong>obversaretur,</strong></span> <span class='ocrx_word' id='word_1_408' title='bbox 3444 1877 3750 1959; x_wconf 83' lang='lat' dir='ltr'><strong>quidquid</strong></span> <span class='ocrx_word' id='word_1_409' title='bbox 3778 1876 3940 1941; x_wconf 77' lang='lat' dir='ltr'><strong>acci-</strong></span> 
     </span>
    </p>
   </div>
   <div class='ocr_carea' id='block_1_15' title="bbox 2338 1974 3935 2058">
    <p class='ocr_par' dir='ltr' id='par_1_16' title="bbox 2338 1974 3935 2058">
     <span class='ocr_line' id='line_1_60' title="bbox 2338 1974 3935 2058; baseline -0.002 -19"><span class='ocrx_word' id='word_1_410' title='bbox 2338 1974 2343 1979; x_wconf 80' lang='grc'><strong>’</strong></span> <span class='ocrx_word' id='word_1_411' title='bbox 2373 1985 2547 2056; x_wconf 88' lang='lat' dir='ltr'><strong>peret</strong></span> <span class='ocrx_word' id='word_1_412' title='bbox 2579 1978 2874 2050; x_wconf 87' lang='lat' dir='ltr'><strong>auribus,</strong></span> <span class='ocrx_word' id='word_1_413' title='bbox 2908 1976 3211 2058; x_wconf 83' lang='lat' dir='ltr'><strong>quidquid</strong></span> <span class='ocrx_word' id='word_1_414' title='bbox 3243 1976 3574 2057; x_wconf 80' lang='lat' dir='ltr'><strong>attingeret</strong></span> <span class='ocrx_word' id='word_1_415' title='bbox 3606 1975 3935 2047; x_wconf 88' lang='lat' dir='ltr'><strong>sensibus,</strong></span> 
     </span>
    </p>
   </div>
   <div class='ocr_carea' id='block_1_16' title="bbox 2363 2073 3965 5079">
    <p class='ocr_par' dir='ltr' id='par_1_17' title="bbox 2363 2073 3965 5079">
     <span class='ocr_line' id='line_1_61' title="bbox 2371 2073 3938 2155; baseline -0.002 -18"><span class='ocrx_word' id='word_1_416' title='bbox 2371 2074 2575 2138; x_wconf 88' lang='lat' dir='ltr'><strong>omnia</strong></span> <span class='ocrx_word' id='word_1_417' title='bbox 2597 2074 2769 2140; x_wconf 87' lang='lat' dir='ltr'><strong>illam</strong></span> <span class='ocrx_word' id='word_1_418' title='bbox 2796 2074 2855 2136; x_wconf 94' lang='lat' dir='ltr'><strong>in</strong></span> <span class='ocrx_word' id='word_1_419' title='bbox 2883 2081 3076 2137; x_wconf 84' lang='lat' dir='ltr'><strong>Deum</strong></span> <span class='ocrx_word' id='word_1_420' title='bbox 3095 2075 3273 2155; x_wconf 85' lang='lat' dir='ltr'><strong>quasi</strong></span> <span class='ocrx_word' id='word_1_421' title='bbox 3297 2073 3606 2136; x_wconf 73' lang='lat' dir='ltr'><strong>violenter</strong></span> <span class='ocrx_word' id='word_1_422' title='bbox 3626 2080 3938 2154; x_wconf 69' lang='lat' dir='ltr'><strong>raperent,</strong></span> 
     </span>
     <span class='ocr_line' id='line_1_62' title="bbox 2371 2169 3936 2255; baseline -0.001 -24"><span class='ocrx_word' id='word_1_423' title='bbox 2371 2169 2802 2255; x_wconf 85' lang='lat' dir='ltr'><strong>majoremque</strong></span> <span class='ocrx_word' id='word_1_424' title='bbox 2855 2190 3111 2252; x_wconf 91' lang='lat' dir='ltr'><strong>semper</strong></span> <span class='ocrx_word' id='word_1_425' title='bbox 3155 2190 3361 2239; x_wconf 84' lang='lat' dir='ltr'><strong>escam</strong></span> <span class='ocrx_word' id='word_1_426' title='bbox 3415 2169 3936 2250; x_wconf 86' lang='lat' dir='ltr'><strong>suppeditarent,</strong></span> 
     </span>
     <span class='ocr_line' id='line_1_63' title="bbox 2369 2264 3945 2350; baseline -0.003 -22"><span class='ocrx_word' id='word_1_427' title='bbox 2369 2286 2491 2347; x_wconf 84' lang='lat' dir='ltr'><strong>qua</strong></span> <span class='ocrx_word' id='word_1_428' title='bbox 2523 2287 2674 2331; x_wconf 88' lang='lat' dir='ltr'><strong>suus</strong></span> <span class='ocrx_word' id='word_1_429' title='bbox 2703 2265 2813 2329; x_wconf 90' lang='lat' dir='ltr'><strong>ille</strong></span> <span class='ocrx_word' id='word_1_430' title='bbox 2845 2268 3005 2350; x_wconf 75' lang='lat' dir='ltr'><strong>ignis</strong></span> <span class='ocrx_word' id='word_1_431' title='bbox 3027 2266 3404 2330; x_wconf 88' lang='lat' dir='ltr'><strong>immensum</strong></span> <span class='ocrx_word' id='word_1_432' title='bbox 3435 2266 3729 2329; x_wconf 79' lang='lat' dir='ltr'><strong>evaderet</strong></span> <span class='ocrx_word' id='word_1_433' title='bbox 3757 2265 3821 2326; x_wconf 90' lang='lat' dir='ltr'><strong>in</strong></span> <span class='ocrx_word' id='word_1_434' title='bbox 3853 2264 3945 2325; x_wconf 79' lang='lat' dir='ltr'><strong>in-</strong></span> 
     </span>
     <span class='ocr_line' id='line_1_64' title="bbox 2368 2361 3934 2430; baseline -0.004 -2"><span class='ocrx_word' id='word_1_435' title='bbox 2368 2364 2681 2428; x_wconf 84' lang='lat' dir='ltr'><strong>cendium.</strong></span> <span class='ocrx_word' id='word_1_436' title='bbox 2727 2365 2883 2428; x_wconf 81' lang='lat' dir='ltr'><strong>Hinc</strong></span> <span class='ocrx_word' id='word_1_437' title='bbox 2911 2385 3098 2429; x_wconf 82' lang='lat' dir='ltr'><strong>veces</strong></span> <span class='ocrx_word' id='word_1_438' title='bbox 3139 2362 3291 2427; x_wconf 81' lang='lat' dir='ltr'><strong>illae</strong></span> <span class='ocrx_word' id='word_1_439' title='bbox 3320 2361 3691 2430; x_wconf 85' lang='lat' dir='ltr'><strong>continuae,</strong></span> <span class='ocrx_word' id='word_1_440' title='bbox 3736 2361 3934 2424; x_wconf 87' lang='lat' dir='ltr'><strong>ronti·</strong></span> 
     </span>
     <span class='ocr_line' id='line_1_65' title="bbox 2369 2456 3937 2542; baseline -0.001 -21"><span class='ocrx_word' id='word_1_441' title='bbox 2369 2478 2489 2522; x_wconf 89' lang='lat' dir='ltr'><strong>nna</strong></span> <span class='ocrx_word' id='word_1_442' title='bbox 2516 2458 2627 2524; x_wconf 85' lang='lat' dir='ltr'><strong>illa</strong></span> <span class='ocrx_word' id='word_1_443' title='bbox 2648 2461 2939 2541; x_wconf 88' lang='lat' dir='ltr'><strong>suspiria,</strong></span> <span class='ocrx_word' id='word_1_444' title='bbox 2959 2459 3427 2542; x_wconf 85' lang='lat' dir='ltr'><strong>quibusiuterni</strong></span> <span class='ocrx_word' id='word_1_445' title='bbox 3461 2458 3620 2540; x_wconf 77' lang='lat' dir='ltr'><strong>ignis</strong></span> <span class='ocrx_word' id='word_1_446' title='bbox 3643 2456 3937 2520; x_wconf 82' lang='lat' dir='ltr'><strong>exhalare</strong></span> 
     </span>
     <span class='ocr_line' id='line_1_66' title="bbox 2367 2555 3929 2622; baseline -0.003 0"><span class='ocrx_word' id='word_1_447' title='bbox 2367 2559 2712 2622; x_wconf 82' lang='lat' dir='ltr'><strong>conabatur</strong></span> <span class='ocrx_word' id='word_1_448' title='bbox 2731 2558 3039 2622; x_wconf 73' lang='lat' dir='ltr'><strong>ardoremz</strong></span> <span class='ocrx_word' id='word_1_449' title='bbox 3060 2558 3212 2622; x_wconf 81' lang='lat' dir='ltr'><strong>Hinc</strong></span> <span class='ocrx_word' id='word_1_450' title='bbox 3243 2566 3333 2620; x_wconf 89' lang='lat' dir='ltr'><strong>tot</strong></span> <span class='ocrx_word' id='word_1_451' title='bbox 3367 2555 3459 2617; x_wconf 92' lang='lat' dir='ltr'><strong>illi</strong></span> <span class='ocrx_word' id='word_1_452' title='bbox 3485 2555 3770 2619; x_wconf 74' lang='lat' dir='ltr'><strong>delectus</strong></span> <span class='ocrx_word' id='word_1_453' title='bbox 3793 2574 3929 2617; x_wconf 85' lang='lat' dir='ltr'><strong>cor-</strong></span> 
     </span>
     <span class='ocr_line' id='line_1_67' title="bbox 2368 2650 3932 2736; baseline -0.004 -17"><span class='ocrx_word' id='word_1_454' title='bbox 2368 2654 2543 2736; x_wconf 89' lang='lat' dir='ltr'><strong>poris</strong></span> <span class='ocrx_word' id='word_1_455' title='bbox 2571 2664 2637 2719; x_wconf 91' lang='lat' dir='ltr'><strong>et</strong></span> <span class='ocrx_word' id='word_1_456' title='bbox 2664 2666 2792 2719; x_wconf 90' lang='lat' dir='ltr'><strong>tam</strong></span> <span class='ocrx_word' id='word_1_457' title='bbox 2841 2654 3021 2736; x_wconf 78' lang='lat' dir='ltr'><strong>longa</strong></span> <span class='ocrx_word' id='word_1_458' title='bbox 3054 2653 3331 2734; x_wconf 85' lang='lat' dir='ltr'><strong>deliquia</strong></span> <span class='ocrx_word' id='word_1_459' title='bbox 3354 2678 3387 2724; x_wconf 41' lang='lat'><strong>‚¹</strong></span> <span class='ocrx_word' id='word_1_460' title='bbox 3419 2653 3653 2735; x_wconf 88' lang='lat' dir='ltr'><strong>quihus</strong></span> <span class='ocrx_word' id='word_1_461' title='bbox 3692 2650 3932 2733; x_wconf 70' lang='lat' dir='ltr'><strong>iugiter</strong></span> 
     </span>
     <span class='ocr_line' id='line_1_68' title="bbox 2364 2749 3936 2832; baseline -0.004 -17"><span class='ocrx_word' id='word_1_462' title='bbox 2364 2751 2666 2815; x_wconf 79' lang='lat' dir='ltr'><strong>charitate</strong></span> <span class='ocrx_word' id='word_1_463' title='bbox 2694 2750 3017 2814; x_wconf 82' lang='lat' dir='ltr'><strong>vulnerata</strong></span> <span class='ocrx_word' id='word_1_464' title='bbox 3060 2749 3433 2832; x_wconf 73' lang='lat' dir='ltr'><strong>languebatz</strong></span> <span class='ocrx_word' id='word_1_465' title='bbox 3483 2749 3639 2811; x_wconf 79' lang='lat' dir='ltr'><strong>Hinc</strong></span> <span class='ocrx_word' id='word_1_466' title='bbox 3665 2749 3936 2811; x_wconf 85' lang='lat' dir='ltr'><strong>crebrae</strong></span> 
     </span>
     <span class='ocr_line' id='line_1_69' title="bbox 2365 2843 3933 2929; baseline -0.003 -20"><span class='ocrx_word' id='word_1_467' title='bbox 2365 2845 2515 2912; x_wconf 89' lang='lat' dir='ltr'><strong>illae</strong></span> <span class='ocrx_word' id='word_1_468' title='bbox 2545 2847 3075 2929; x_wconf 71' lang='lat' dir='ltr'><strong>peotestationes,</strong></span> <span class='ocrx_word' id='word_1_469' title='bbox 3118 2847 3348 2927; x_wconf 85' lang='lat' dir='ltr'><strong>quibus</strong></span> <span class='ocrx_word' id='word_1_470' title='bbox 3377 2862 3447 2909; x_wconf 80' lang='lat' dir='ltr'><strong>se</strong></span> <span class='ocrx_word' id='word_1_471' title='bbox 3477 2845 3728 2926; x_wconf 85' lang='lat' dir='ltr'><strong>quidem</strong></span> <span class='ocrx_word' id='word_1_472' title='bbox 3774 2843 3933 2905; x_wconf 89' lang='lat' dir='ltr'><strong>indi-</strong></span> 
     </span>
     <span class='ocr_line' id='line_1_70' title="bbox 2366 2942 3965 3028; baseline -0.002 -21"><span class='ocrx_word' id='word_1_473' title='bbox 2366 2964 2552 3028; x_wconf 75' lang='lat' dir='ltr'><strong>gnam</strong></span> <span class='ocrx_word' id='word_1_474' title='bbox 2595 2964 2739 3010; x_wconf 87' lang='lat' dir='ltr'><strong>esse</strong></span> <span class='ocrx_word' id='word_1_475' title='bbox 2782 2946 3149 3017; x_wconf 86' lang='lat' dir='ltr'><strong>asserebat,</strong></span> <span class='ocrx_word' id='word_1_476' title='bbox 3179 2964 3341 3025; x_wconf 84' lang='lat' dir='ltr'><strong>qnae</strong></span> <span class='ocrx_word' id='word_1_477' title='bbox 3384 2942 3528 3026; x_wconf 78' lang='lat' dir='ltr'><strong>igne</strong></span> <span class='ocrx_word' id='word_1_478' title='bbox 3571 2942 3786 3006; x_wconf 83' lang='lat' dir='ltr'><strong>divino</strong></span> <span class='ocrx_word' id='word_1_479' title='bbox 3829 2961 3965 3021; x_wconf 36' lang='lat' dir='ltr'><strong>ac·-</strong></span> 
     </span>
     <span class='ocr_line' id='line_1_71' title="bbox 2366 3038 3936 3121; baseline -0.004 -15"><span class='ocrx_word' id='word_1_480' title='bbox 2366 3042 2734 3108; x_wconf 87' lang='lat' dir='ltr'><strong>cenderetur</strong></span> <span class='ocrx_word' id='word_1_481' title='bbox 2756 3085 2778 3114; x_wconf 90' lang='lat'><strong>‚</strong></span> <span class='ocrx_word' id='word_1_482' title='bbox 2809 3042 2944 3109; x_wconf 82' lang='lat' dir='ltr'><strong>fieri</strong></span> <span class='ocrx_word' id='word_1_483' title='bbox 2975 3051 3184 3105; x_wconf 66' lang='lat' dir='ltr'><strong>umen</strong></span> <span class='ocrx_word' id='word_1_484' title='bbox 3217 3040 3471 3103; x_wconf 87' lang='lat' dir='ltr'><strong>minime</strong></span> <span class='ocrx_word' id='word_1_485' title='bbox 3504 3060 3728 3121; x_wconf 82' lang='lat' dir='ltr'><strong>posse,</strong></span> <span class='ocrx_word' id='word_1_486' title='bbox 3758 3047 3824 3101; x_wconf 88' lang='lat' dir='ltr'><strong>ut</strong></span> <span class='ocrx_word' id='word_1_487' title='bbox 3856 3038 3936 3101; x_wconf 89' lang='lat' dir='ltr'><strong>si-</strong></span> 
     </span>
     <span class='ocr_line' id='line_1_72' title="bbox 2368 3136 3933 3206; baseline -0.004 0"><span class='ocrx_word' id='word_1_488' title='bbox 2368 3161 2447 3205; x_wconf 85' lang='lat' dir='ltr'><strong>ne</strong></span> <span class='ocrx_word' id='word_1_489' title='bbox 2490 3162 2569 3206; x_wconf 90' lang='lat' dir='ltr'><strong>eo</strong></span> <span class='ocrx_word' id='word_1_490' title='bbox 2612 3141 2802 3205; x_wconf 82' lang='lat' dir='ltr'><strong>vitam</strong></span> <span class='ocrx_word' id='word_1_491' title='bbox 2856 3139 3252 3204; x_wconf 78' lang='lat' dir='ltr'><strong>traduceret:</strong></span> <span class='ocrx_word' id='word_1_492' title='bbox 3304 3140 3464 3203; x_wconf 76' lang='lat' dir='ltr'><strong>Hinc</strong></span> <span class='ocrx_word' id='word_1_493' title='bbox 3506 3138 3741 3201; x_wconf 84' lang='lat' dir='ltr'><strong>uberes</strong></span> <span class='ocrx_word' id='word_1_494' title='bbox 3783 3136 3933 3200; x_wconf 86' lang='lat' dir='ltr'><strong>illae</strong></span> 
     </span>
     <span class='ocr_line' id='line_1_73' title="bbox 2368 3234 3940 3321; baseline -0.006 -18"><span class='ocrx_word' id='word_1_495' title='bbox 2368 3238 2694 3321; x_wconf 79' lang='lat' dir='ltr'><strong>gestientis</strong></span> <span class='ocrx_word' id='word_1_496' title='bbox 2721 3238 2906 3302; x_wconf 88' lang='lat' dir='ltr'><strong>animi</strong></span> <span class='ocrx_word' id='word_1_497' title='bbox 2925 3237 3277 3319; x_wconf 82' lang='lat' dir='ltr'><strong>voluptates</strong></span> <span class='ocrx_word' id='word_1_498' title='bbox 3296 3246 3362 3300; x_wconf 87' lang='lat' dir='ltr'><strong>et</strong></span> <span class='ocrx_word' id='word_1_499' title='bbox 3382 3234 3754 3299; x_wconf 82' lang='lat' dir='ltr'><strong>caelestium</strong></span> <span class='ocrx_word' id='word_1_500' title='bbox 3788 3254 3940 3315; x_wconf 77' lang='lat' dir='ltr'><strong>gau-</strong></span> 
     </span>
     <span class='ocr_line' id='line_1_74' title="bbox 2369 3332 3940 3417; baseline -0.004 -18"><span class='ocrx_word' id='word_1_501' title='bbox 2369 3334 2617 3399; x_wconf 80' lang='lat' dir='ltr'><strong>diorum</strong></span> <span class='ocrx_word' id='word_1_502' title='bbox 2682 3335 2949 3400; x_wconf 85' lang='lat' dir='ltr'><strong>deliciae</strong></span> <span class='ocrx_word' id='word_1_503' title='bbox 2975 3377 2995 3407; x_wconf 91' lang='lat'><strong>,</strong></span> <span class='ocrx_word' id='word_1_504' title='bbox 3040 3353 3194 3417; x_wconf 85' lang='lat' dir='ltr'><strong>quas</strong></span> <span class='ocrx_word' id='word_1_505' title='bbox 3214 3378 3235 3405; x_wconf 92' lang='lat'><strong>,</strong></span> <span class='ocrx_word' id='word_1_506' title='bbox 3285 3353 3422 3398; x_wconf 86' lang='lat' dir='ltr'><strong>cum</strong></span> <span class='ocrx_word' id='word_1_507' title='bbox 3479 3333 3717 3395; x_wconf 87' lang='lat' dir='ltr'><strong>diutius</strong></span> <span class='ocrx_word' id='word_1_508' title='bbox 3773 3332 3940 3393; x_wconf 89' lang='lat' dir='ltr'><strong>inter</strong></span> 
     </span>
     <span class='ocr_line' id='line_1_75' title="bbox 2367 3430 3933 3517; baseline -0.004 -22"><span class='ocrx_word' id='word_1_509' title='bbox 2367 3443 2625 3517; x_wconf 77' lang='lat' dir='ltr'><strong>angusta</strong></span> <span class='ocrx_word' id='word_1_510' title='bbox 2668 3434 2944 3515; x_wconf 86' lang='lat' dir='ltr'><strong>pectoris</strong></span> <span class='ocrx_word' id='word_1_511' title='bbox 2988 3432 3082 3494; x_wconf 87' lang='lat' dir='ltr'><strong>sui</strong></span> <span class='ocrx_word' id='word_1_512' title='bbox 3127 3430 3392 3496; x_wconf 81' lang='lat' dir='ltr'><strong>confinia</strong></span> <span class='ocrx_word' id='word_1_513' title='bbox 3435 3432 3761 3494; x_wconf 83' lang='lat' dir='ltr'><strong>continere</strong></span> <span class='ocrx_word' id='word_1_514' title='bbox 3807 3448 3933 3491; x_wconf 89' lang='lat' dir='ltr'><strong>non</strong></span> 
     </span>
     <span class='ocr_line' id='line_1_76' title="bbox 2375 3526 3937 3615; baseline -0.006 -21"><span class='ocrx_word' id='word_1_515' title='bbox 2375 3540 2588 3615; x_wconf 89' lang='lat' dir='ltr'><strong>posset</strong></span> <span class='ocrx_word' id='word_1_516' title='bbox 2607 3574 2627 3603; x_wconf 94' lang='lat'><strong>,</strong></span> <span class='ocrx_word' id='word_1_517' title='bbox 2658 3532 2722 3593; x_wconf 96' lang='lat' dir='ltr'><strong>in</strong></span> <span class='ocrx_word' id='word_1_518' title='bbox 2750 3532 2992 3594; x_wconf 86' lang='lat' dir='ltr'><strong>vultum</strong></span> <span class='ocrx_word' id='word_1_519' title='bbox 3022 3529 3364 3593; x_wconf 82' lang='lat' dir='ltr'><strong>identidem</strong></span> <span class='ocrx_word' id='word_1_520' title='bbox 3397 3529 3812 3609; x_wconf 85' lang='lat' dir='ltr'><strong>erumpebant</strong></span> <span class='ocrx_word' id='word_1_521' title='bbox 3840 3526 3937 3589; x_wconf 87' lang='lat' dir='ltr'><strong>di·</strong></span> 
     </span>
     <span class='ocr_line' id='line_1_77' title="bbox 2367 3623 3930 3713; baseline -0.005 -21"><span class='ocrx_word' id='word_1_522' title='bbox 2367 3629 2508 3694; x_wconf 81' lang='lat' dir='ltr'><strong>vino</strong></span> <span class='ocrx_word' id='word_1_523' title='bbox 2536 3628 2871 3713; x_wconf 89' lang='lat' dir='ltr'><strong>splendore</strong></span> <span class='ocrx_word' id='word_1_524' title='bbox 2893 3628 3076 3711; x_wconf 77' lang='lat' dir='ltr'><strong>longe</strong></span> <span class='ocrx_word' id='word_1_525' title='bbox 3097 3627 3349 3708; x_wconf 84' lang='lat' dir='ltr'><strong>lateque</strong></span> <span class='ocrx_word' id='word_1_526' title='bbox 3380 3626 3747 3689; x_wconf 80' lang='lat' dir='ltr'><strong>radiantem:</strong></span> <span class='ocrx_word' id='word_1_527' title='bbox 3770 3623 3930 3686; x_wconf 79' lang='lat' dir='ltr'><strong>Hinc</strong></span> 
     </span>
     <span class='ocr_line' id='line_1_78' title="bbox 2367 3721 3934 3805; baseline -0.004 -14"><span class='ocrx_word' id='word_1_528' title='bbox 2367 3736 2645 3794; x_wconf 86' lang='lat' dir='ltr'><strong>ecstases</strong></span> <span class='ocrx_word' id='word_1_529' title='bbox 2683 3726 2833 3791; x_wconf 89' lang='lat' dir='ltr'><strong>illae</strong></span> <span class='ocrx_word' id='word_1_530' title='bbox 2877 3721 3321 3795; x_wconf 85' lang='lat' dir='ltr'><strong>admirabiles,</strong></span> <span class='ocrx_word' id='word_1_531' title='bbox 3365 3723 3592 3805; x_wconf 88' lang='lat' dir='ltr'><strong>quibus</strong></span> <span class='ocrx_word' id='word_1_532' title='bbox 3636 3743 3749 3803; x_wconf 91' lang='lat' dir='ltr'><strong>per</strong></span> <span class='ocrx_word' id='word_1_533' title='bbox 3792 3721 3934 3784; x_wconf 86' lang='lat' dir='ltr'><strong>dies</strong></span> 
     </span>
     <span class='ocr_line' id='line_1_79' title="bbox 2370 3822 3937 3910; baseline -0.004 -25"><span class='ocrx_word' id='word_1_534' title='bbox 2370 3827 2646 3910; x_wconf 84' lang='lat' dir='ltr'><strong>integros</strong></span> <span class='ocrx_word' id='word_1_535' title='bbox 2677 3825 2966 3889; x_wconf 87' lang='lat' dir='ltr'><strong>sensibus</strong></span> <span class='ocrx_word' id='word_1_536' title='bbox 2997 3825 3294 3887; x_wconf 88' lang='lat' dir='ltr'><strong>destituta</strong></span> <span class='ocrx_word' id='word_1_537' title='bbox 3316 3866 3335 3892; x_wconf 90' lang='lat'><strong>,</strong></span> <span class='ocrx_word' id='word_1_538' title='bbox 3380 3831 3446 3886; x_wconf 89' lang='lat' dir='ltr'><strong>et</strong></span> <span class='ocrx_word' id='word_1_539' title='bbox 3472 3822 3535 3882; x_wconf 90' lang='lat' dir='ltr'><strong>iu</strong></span> <span class='ocrx_word' id='word_1_540' title='bbox 3566 3839 3713 3884; x_wconf 89' lang='lat' dir='ltr'><strong>aera</strong></span> <span class='ocrx_word' id='word_1_541' title='bbox 3743 3836 3937 3900; x_wconf 82' lang='lat' dir='ltr'><strong>quan·</strong></span> 
     </span>
     <span class='ocr_line' id='line_1_80' title="bbox 2368 3918 3931 4006; baseline -0.007 -18"><span class='ocrx_word' id='word_1_542' title='bbox 2368 3926 2581 4006; x_wconf 85' lang='lat' dir='ltr'><strong>doque</strong></span> <span class='ocrx_word' id='word_1_543' title='bbox 2607 3923 2852 3988; x_wconf 89' lang='lat' dir='ltr'><strong>sublata</strong></span> <span class='ocrx_word' id='word_1_544' title='bbox 2875 3922 3056 3988; x_wconf 88' lang='lat' dir='ltr'><strong>unice</strong></span> <span class='ocrx_word' id='word_1_545' title='bbox 3082 3942 3226 3987; x_wconf 89' lang='lat' dir='ltr'><strong>cum</strong></span> <span class='ocrx_word' id='word_1_546' title='bbox 3263 3927 3390 3984; x_wconf 85' lang='lat' dir='ltr'><strong>Deo</strong></span> <span class='ocrx_word' id='word_1_547' title='bbox 3418 3918 3931 3989; x_wconf 87' lang='lat' dir='ltr'><strong>conversabatur,</strong></span> 
     </span>
     <span class='ocr_line' id='line_1_81' title="bbox 2367 4010 3931 4101; baseline -0.008 -14"><span class='ocrx_word' id='word_1_548' title='bbox 2367 4031 2424 4087; x_wconf 88' lang='lat' dir='ltr'><strong>et</strong></span> <span class='ocrx_word' id='word_1_549' title='bbox 2465 4023 2626 4083; x_wconf 87' lang='lat' dir='ltr'><strong>miro</strong></span> <span class='ocrx_word' id='word_1_550' title='bbox 2656 4020 2930 4101; x_wconf 79' lang='lat' dir='ltr'><strong>quodam</strong></span> <span class='ocrx_word' id='word_1_551' title='bbox 2960 4018 3293 4101; x_wconf 90' lang='lat' dir='ltr'><strong>splendore</strong></span> <span class='ocrx_word' id='word_1_552' title='bbox 3322 4017 3610 4082; x_wconf 83' lang='lat' dir='ltr'><strong>micabat:</strong></span> <span class='ocrx_word' id='word_1_553' title='bbox 3644 4014 3798 4078; x_wconf 78' lang='lat' dir='ltr'><strong>Hinc</strong></span> <span class='ocrx_word' id='word_1_554' title='bbox 3818 4010 3931 4075; x_wconf 84' lang='lat' dir='ltr'><strong>lux</strong></span> 
     </span>
     <span class='ocr_line' id='line_1_82' title="bbox 2363 4109 3926 4197; baseline -0.006 -17"><span class='ocrx_word' id='word_1_555' title='bbox 2363 4118 2469 4181; x_wconf 87' lang='lat' dir='ltr'><strong>illa</strong></span> <span class='ocrx_word' id='word_1_556' title='bbox 2491 4116 2784 4182; x_wconf 85' lang='lat' dir='ltr'><strong>caelestis</strong></span> <span class='ocrx_word' id='word_1_557' title='bbox 2802 4115 3170 4197; x_wconf 83' lang='lat' dir='ltr'><strong>speciesque</strong></span> <span class='ocrx_word' id='word_1_558' title='bbox 3200 4112 3585 4178; x_wconf 85' lang='lat' dir='ltr'><strong>coruscantis</strong></span> <span class='ocrx_word' id='word_1_559' title='bbox 3604 4109 3926 4192; x_wconf 84' lang='lat' dir='ltr'><strong>cujusdam</strong></span> 
     </span>
     <span class='ocr_line' id='line_1_83' title="bbox 2364 4209 3927 4295; baseline -0.004 -20"><span class='ocrx_word' id='word_1_560' title='bbox 2364 4214 2651 4279; x_wconf 87' lang='lat' dir='ltr'><strong>flammae</strong></span> <span class='ocrx_word' id='word_1_561' title='bbox 2670 4257 2691 4282; x_wconf 75' lang='grc'>,</span> <span class='ocrx_word' id='word_1_562' title='bbox 2736 4232 2924 4295; x_wconf 83' lang='lat' dir='ltr'><strong>quam</strong></span> <span class='ocrx_word' id='word_1_563' title='bbox 2956 4232 3035 4277; x_wconf 84' lang='lat' dir='ltr'><strong>ex</strong></span> <span class='ocrx_word' id='word_1_564' title='bbox 3065 4231 3175 4276; x_wconf 89' lang='lat' dir='ltr'><strong>ore</strong></span> <span class='ocrx_word' id='word_1_565' title='bbox 3205 4210 3529 4291; x_wconf 87' lang='lat' dir='ltr'><strong>oculisque</strong></span> <span class='ocrx_word' id='word_1_566' title='bbox 3559 4209 3927 4280; x_wconf 86' lang='lat' dir='ltr'><strong>emittebat,</strong></span> 
     </span>
     <span class='ocr_line' id='line_1_84' title="bbox 2369 4306 3926 4393; baseline -0.007 -15"><span class='ocrx_word' id='word_1_567' title='bbox 2369 4335 2511 4378; x_wconf 89' lang='lat' dir='ltr'><strong>cum</strong></span> <span class='ocrx_word' id='word_1_568' title='bbox 2538 4313 2636 4378; x_wconf 88' lang='lat' dir='ltr'><strong>vel</strong></span> <span class='ocrx_word' id='word_1_569' title='bbox 2670 4311 3029 4375; x_wconf 84' lang='lat' dir='ltr'><strong>Dominicae</strong></span> <span class='ocrx_word' id='word_1_570' title='bbox 3070 4308 3381 4373; x_wconf 84' lang='lat' dir='ltr'><strong>Passionis</strong></span> <span class='ocrx_word' id='word_1_571' title='bbox 3412 4306 3705 4393; x_wconf 76' lang='lat' dir='ltr'><strong>mysteria</strong></span> <span class='ocrx_word' id='word_1_572' title='bbox 3749 4324 3926 4370; x_wconf 87' lang='lat' dir='ltr'><strong>reco-</strong></span> 
     </span>
     <span class='ocr_line' id='line_1_85' title="bbox 2372 4402 3925 4485; baseline -0.006 -10"><span class='ocrx_word' id='word_1_573' title='bbox 2372 4415 2568 4483; x_wconf 90' lang='lat' dir='ltr'><strong>leret,</strong></span> <span class='ocrx_word' id='word_1_574' title='bbox 2600 4409 2698 4474; x_wconf 84' lang='lat' dir='ltr'><strong>vel</strong></span> <span class='ocrx_word' id='word_1_575' title='bbox 2731 4429 2945 4473; x_wconf 89' lang='lat' dir='ltr'><strong>sacrae</strong></span> <span class='ocrx_word' id='word_1_576' title='bbox 2992 4406 3412 4471; x_wconf 82' lang='lat' dir='ltr'><strong>Eucharistiae</strong></span> <span class='ocrx_word' id='word_1_577' title='bbox 3442 4404 3674 4485; x_wconf 84' lang='lat' dir='ltr'><strong>pabulo</strong></span> <span class='ocrx_word' id='word_1_578' title='bbox 3701 4402 3925 4466; x_wconf 77' lang='lat' dir='ltr'><strong>refice-</strong></span> 
     </span>
     <span class='ocr_line' id='line_1_86' title="bbox 2373 4500 3935 4587; baseline -0.009 -13"><span class='ocrx_word' id='word_1_579' title='bbox 2373 4521 2565 4576; x_wconf 81' lang='lat' dir='ltr'><strong>retur:</strong></span> <span class='ocrx_word' id='word_1_580' title='bbox 2595 4510 2746 4572; x_wconf 81' lang='lat' dir='ltr'><strong>Hinc</strong></span> <span class='ocrx_word' id='word_1_581' title='bbox 2769 4504 3512 4587; x_wconf 78' lang='lat' dir='ltr'><strong>deniquefervidissimae</strong></span> <span class='ocrx_word' id='word_1_582' title='bbox 3545 4502 3694 4564; x_wconf 76' lang='lat' dir='ltr'><strong>illae</strong></span> <span class='ocrx_word' id='word_1_583' title='bbox 3715 4500 3935 4563; x_wconf 87' lang='lat' dir='ltr'><strong>adhor-</strong></span> 
     </span>
     <span class='ocr_line' id='line_1_87' title="bbox 2374 4596 3933 4688; baseline -0.009 -14"><span class='ocrx_word' id='word_1_584' title='bbox 2374 4612 2642 4674; x_wconf 85' lang='lat' dir='ltr'><strong>tationes</strong></span> <span class='ocrx_word' id='word_1_585' title='bbox 2669 4606 2835 4671; x_wconf 90' lang='lat' dir='ltr'><strong>omni</strong></span> <span class='ocrx_word' id='word_1_586' title='bbox 2866 4603 3071 4688; x_wconf 77' lang='lat' dir='ltr'><strong>gladio</strong></span> <span class='ocrx_word' id='word_1_587' title='bbox 3103 4601 3348 4682; x_wconf 88' lang='lat' dir='ltr'><strong>ancipiti</strong></span> <span class='ocrx_word' id='word_1_588' title='bbox 3375 4596 3933 4681; x_wconf 86' lang='lat' dir='ltr'><strong>penetrabiliores,</strong></span> 
     </span>
     <span class='ocr_line' id='line_1_88' title="bbox 2372 4695 3934 4790; baseline -0.009 -20"><span class='ocrx_word' id='word_1_589' title='bbox 2372 4709 2604 4790; x_wconf 88' lang='lat' dir='ltr'><strong>quihus</strong></span> <span class='ocrx_word' id='word_1_590' title='bbox 2633 4704 3003 4786; x_wconf 72' lang='lat' dir='ltr'><strong>saepissime</strong></span> <span class='ocrx_word' id='word_1_591' title='bbox 3033 4700 3101 4761; x_wconf 91' lang='lat' dir='ltr'><strong>in</strong></span> <span class='ocrx_word' id='word_1_592' title='bbox 3131 4699 3271 4779; x_wconf 89' lang='lat' dir='ltr'><strong>ipso</strong></span> <span class='ocrx_word' id='word_1_593' title='bbox 3302 4696 3530 4761; x_wconf 85' lang='lat' dir='ltr'><strong>mentis</strong></span> <span class='ocrx_word' id='word_1_594' title='bbox 3556 4713 3821 4758; x_wconf 78' lang='lat' dir='ltr'><strong>excessu</strong></span> <span class='ocrx_word' id='word_1_595' title='bbox 3853 4695 3934 4756; x_wconf 90' lang='lat' dir='ltr'><strong>de</strong></span> 
     </span>
     <span class='ocr_line' id='line_1_89' title="bbox 2375 4792 3934 4887; baseline -0.011 -17"><span class='ocrx_word' id='word_1_596' title='bbox 2375 4814 2614 4887; x_wconf 80' lang='lat' dir='ltr'><strong>sponso</strong></span> <span class='ocrx_word' id='word_1_597' title='bbox 2645 4823 2760 4867; x_wconf 88' lang='lat' dir='ltr'><strong>suo</strong></span> <span class='ocrx_word' id='word_1_598' title='bbox 2803 4799 3017 4864; x_wconf 85' lang='lat' dir='ltr'><strong>divino</strong></span> <span class='ocrx_word' id='word_1_599' title='bbox 3048 4807 3170 4861; x_wconf 89' lang='lat' dir='ltr'><strong>tam</strong></span> <span class='ocrx_word' id='word_1_600' title='bbox 3202 4795 3327 4861; x_wconf 86' lang='lat' dir='ltr'><strong>alta</strong></span> <span class='ocrx_word' id='word_1_601' title='bbox 3352 4836 3372 4868; x_wconf 91' lang='lat'>‚</span> <span class='ocrx_word' id='word_1_602' title='bbox 3416 4803 3541 4858; x_wconf 89' lang='lat' dir='ltr'><strong>tam</strong></span> <span class='ocrx_word' id='word_1_603' title='bbox 3572 4792 3890 4873; x_wconf 89' lang='lat' dir='ltr'><strong>praeclara</strong></span> <span class='ocrx_word' id='word_1_604' title='bbox 3912 4833 3934 4861; x_wconf 89' lang='lat'><strong>‚</strong></span> 
     </span>
     <span class='ocr_line' id='line_1_90' title="bbox 2374 4887 3936 4983; baseline -0.011 -19"><span class='ocrx_word' id='word_1_605' title='bbox 2374 4913 2501 4967; x_wconf 89' lang='lat' dir='ltr'><strong>tam</strong></span> <span class='ocrx_word' id='word_1_606' title='bbox 2533 4896 2854 4983; x_wconf 78' lang='lat' dir='ltr'><strong>magnifica</strong></span> <span class='ocrx_word' id='word_1_607' title='bbox 2897 4894 3327 4977; x_wconf 86' lang='lat' dir='ltr'><strong>praedicabat,</strong></span> <span class='ocrx_word' id='word_1_608' title='bbox 3369 4899 3435 4953; x_wconf 87' lang='lat' dir='ltr'><strong>ut</strong></span> <span class='ocrx_word' id='word_1_609' title='bbox 3466 4887 3699 4954; x_wconf 85' lang='lat' dir='ltr'><strong>amoris</strong></span> <span class='ocrx_word' id='word_1_610' title='bbox 3742 4887 3936 4949; x_wconf 83' lang='lat' dir='ltr'><strong>divini</strong></span> 
     </span>
     <span class='ocr_line' id='line_1_91' title="bbox 2372 4986 3933 5079; baseline -0.009 -14"><span class='ocrx_word' id='word_1_611' title='bbox 2372 5003 2685 5065; x_wconf 76' lang='lat' dir='ltr'><strong>flammam</strong></span> <span class='ocrx_word' id='word_1_612' title='bbox 2742 4998 2808 5058; x_wconf 94' lang='lat' dir='ltr'><strong>in</strong></span> <span class='ocrx_word' id='word_1_613' title='bbox 2868 4994 3024 5079; x_wconf 89' lang='lat' dir='ltr'><strong>ipsis</strong></span> <span class='ocrx_word' id='word_1_614' title='bbox 3069 4994 3259 5055; x_wconf 87' lang='lat' dir='ltr'><strong>etiam</strong></span> <span class='ocrx_word' id='word_1_615' title='bbox 3314 4986 3585 5070; x_wconf 88' lang='lat' dir='ltr'><strong>lapideis</strong></span> <span class='ocrx_word' id='word_1_616' title='bbox 3631 4987 3933 5052; x_wconf 74' lang='lat' dir='ltr'><strong>cordibus</strong></span> 
     </span>
    </p>
   </div>
   <div class='ocr_carea' id='block_1_17' title="bbox 2375 5096 3939 5274">
    <p class='ocr_par' dir='ltr' id='par_1_18' title="bbox 2375 5096 3939 5274">
     <span class='ocr_line' id='line_1_92' title="bbox 2375 5096 2863 5162; baseline -0.027 -1"><span class='ocrx_word' id='word_1_617' title='bbox 2375 5096 2786 5162; x_wconf 83' lang='lat' dir='ltr'><strong>excitavisset.</strong></span> <span class='ocrx_word' id='word_1_618' title='bbox 2840 5123 2863 5148; x_wconf 84' lang='grc'><strong>.</strong></span> 
     </span>
     <span class='ocr_line' id='line_1_93' title="bbox 2511 5178 3939 5274; baseline -0.013 -16"><span class='ocrx_word' id='word_1_619' title='bbox 2511 5225 2533 5250; x_wconf 75' lang='grc' dir='ltr'>ι</span> <span class='ocrx_word' id='word_1_620' title='bbox 2587 5198 2802 5274; x_wconf 82' lang='lat' dir='ltr'><strong>Neque</strong></span> <span class='ocrx_word' id='word_1_621' title='bbox 2829 5209 2980 5255; x_wconf 83' lang='lat' dir='ltr'><strong>vero</strong></span> <span class='ocrx_word' id='word_1_622' title='bbox 3009 5186 3302 5252; x_wconf 87' lang='lat' dir='ltr'><strong>caelestis</strong></span> <span class='ocrx_word' id='word_1_623' title='bbox 3333 5191 3639 5264; x_wconf 89' lang='lat' dir='ltr'><strong>Sponsus,</strong></span> <span class='ocrx_word' id='word_1_624' title='bbox 3668 5178 3771 5261; x_wconf 88' lang='lat' dir='ltr'><strong>qui</strong></span> <span class='ocrx_word' id='word_1_625' title='bbox 3804 5197 3939 5263; x_wconf 78' lang='lat' dir='ltr'><strong>gra·</strong></span> 
     </span>
    </p>
   </div>
   <div class='ocr_carea' id='block_1_18' title="bbox 699 5276 3934 5473">
    <p class='ocr_par' dir='ltr' id='par_1_19' title="bbox 699 5276 3934 5473">
     <span class='ocr_line' id='line_1_94' title="bbox 699 5276 3933 5369; baseline -0.005 -20"><span class='ocrx_word' id='word_1_626' title='bbox 699 5295 949 5369; x_wconf 81' lang='lat' dir='ltr'><strong>potest,</strong></span> <span class='ocrx_word' id='word_1_627' title='bbox 1001 5290 1232 5365; x_wconf 74' lang='lat' dir='ltr'><strong>quanta</strong></span> <span class='ocrx_word' id='word_1_628' title='bbox 1274 5282 1464 5344; x_wconf 90' lang='lat' dir='ltr'><strong>animi</strong></span> <span class='ocrx_word' id='word_1_629' title='bbox 1510 5281 1906 5345; x_wconf 87' lang='lat' dir='ltr'><strong>contentione</strong></span> <span class='ocrx_word' id='word_1_630' title='bbox 1963 5280 2267 5362; x_wconf 74' lang='lat' dir='ltr'><strong>gloriosas</strong></span> <span class='ocrx_word' id='word_1_631' title='bbox 2381 5292 2529 5355; x_wconf 79' lang='lat' dir='ltr'><strong>tiam</strong></span> <span class='ocrx_word' id='word_1_632' title='bbox 2558 5299 2730 5354; x_wconf 83' lang='lat' dir='ltr'><strong>sua&#39;m</strong></span> <span class='ocrx_word' id='word_1_633' title='bbox 2765 5287 2974 5351; x_wconf 82' lang='lat' dir='ltr'><strong>Servis</strong></span> <span class='ocrx_word' id='word_1_634' title='bbox 3003 5284 3134 5349; x_wconf 88' lang='lat' dir='ltr'><strong>suis</strong></span> <span class='ocrx_word' id='word_1_635' title='bbox 3163 5285 3268 5345; x_wconf 88' lang='lat' dir='ltr'><strong>dat</strong></span> <span class='ocrx_word' id='word_1_636' title='bbox 3299 5279 3666 5350; x_wconf 76' lang='lat' dir='ltr'><strong>affluenter,</strong></span> <span class='ocrx_word' id='word_1_637' title='bbox 3696 5276 3933 5338; x_wconf 87' lang='lat' dir='ltr'><strong>minora</strong></span> 
     </span>
     <span class='ocr_line' id='line_1_95' title="bbox 705 5377 3934 5473; baseline -0.005 -24"><span class='ocrx_word' id='word_1_638' title='bbox 705 5384 884 5457; x_wconf 69' lang='lat' dir='ltr'><strong>illus,</strong></span> <span class='ocrx_word' id='word_1_639' title='bbox 916 5384 1142 5466; x_wconf 68' lang='lat' dir='ltr'><strong>quibus</strong></span> <span class='ocrx_word' id='word_1_640' title='bbox 1171 5381 1340 5447; x_wconf 75' lang='lat' dir='ltr'><strong>Ordo</strong></span> <span class='ocrx_word' id='word_1_641' title='bbox 1368 5379 1872 5444; x_wconf 67' lang='lat' dir='ltr'><strong>Praedicatorum</strong></span> <span class='ocrx_word' id='word_1_642' title='bbox 1900 5381 2175 5443; x_wconf 76' lang='lat' dir='ltr'><strong>abundat</strong></span> <span class='ocrx_word' id='word_1_643' title='bbox 2204 5390 2267 5444; x_wconf 81' lang='lat' dir='ltr'><strong>el</strong></span> <span class='ocrx_word' id='word_1_644' title='bbox 2383 5409 2598 5473; x_wconf 67' lang='lat' dir='ltr'><strong>passus</strong></span> <span class='ocrx_word' id='word_1_645' title='bbox 2627 5395 2725 5451; x_wconf 70' lang='lat' dir='ltr'><strong>est</strong></span> <span class='ocrx_word' id='word_1_646' title='bbox 2752 5385 2850 5448; x_wconf 83' lang='lat' dir='ltr'><strong>hic</strong></span> <span class='ocrx_word' id='word_1_647' title='bbox 2868 5384 2929 5446; x_wconf 87' lang='lat' dir='ltr'><strong>in</strong></span> <span class='ocrx_word' id='word_1_648' title='bbox 2962 5381 3149 5447; x_wconf 79' lang='lat' dir='ltr'><strong>terris</strong></span> <span class='ocrx_word' id='word_1_649' title='bbox 3179 5377 3457 5446; x_wconf 76' lang='lat' dir='ltr'><strong>exhiberi</strong></span> <span class='ocrx_word' id='word_1_650' title='bbox 3487 5383 3756 5458; x_wconf 77' lang='lat' dir='ltr'><strong>Sponsae</strong></span> <span class='ocrx_word' id='word_1_651' title='bbox 3788 5391 3934 5436; x_wconf 68' lang='lat' dir='ltr'><strong>suae</strong></span> 
     </span>
    </p>
   </div>
  </div>
 </body>
</html>
