4442 6300
992 472 1099 523 ³20
2022 480 2227 527 ACTA
2268 478 2472 529 cmo
2488 477 2919 549 NizATtouls

820 621 1238 720 ignoramus
1270 672 1289 706 ,
1324 620 1522 694 varia
1560 643 1711 691 esse
1758 619 2278 693 miraculorum
2314 647 2580 721 genera
2615 675 2634 705 ,
2669 624 2906 699 varios
2934 620 3222 725 gradus·
3258 622 3532 694 Verum
3589 623 3678 692 si·
3712 620 3888 705 haec
3944 619 4040 695 ad

820 731 936 807 illa
975 737 1211 809 minus
1243 737 1702 839 aequiparari
1743 736 1989 811 valent
2014 794 2038 828 ,
2075 736 2544 813 nihilominus
2577 737 2757 811 haec
2793 758 3098 842 quoque
3134 739 3231 811 ita
3293 754 3602 815 naturae
3658 741 3846 813 vires
3899 763 4038 811 ex-

818 851 1098 926 cedunt
1128 907 1149 942 ,
1187 871 1274 926 ut
1309 852 1626 928 dubitari
1667 851 1875 928 nullo
1912 853 2132 930 modo
2170 863 2391 959 possit
2418 910 2440 945 ,
2475 856 2658 957 quin
2694 859 2834 930 sint
2867 857 3256 930 sanctitatis
3323 881 3634 946 eorum,
3690 855 3782 930 ad
3835 881 4036 958 quo-

819 997 983 1043 rum
1025 972 1277 1048 merita
1318 971 1507 1046 facta
1541 988 1713 1046 sunt
1739 1027 1759 1063 ,
1792 969 2252 1051 luculentum
2290 996 2854 1075 expressumque
2889 976 3021 1048 Dei
3065 975 3570 1048 testimonium.

973 1092 1084 1163 Ex
1126 1089 1205 1161 iis
1230 1143 1250 1176 ‚
1285 1115 1475 1190 quae
1510 1090 1866 1164 hactenus
1898 1089 2094 1164 dicta
2125 1107 2300 1162 sunt
2327 1143 2349 1178 ,
2383 1091 2551 1163 satis
2585 1107 2894 1192 apparet
2919 1142 2944 1177 ,
3014 1112 3232 1191 quam
3295 1106 3467 1192 apte
3532 1092 3606 1161 in
3669 1088 3812 1163 boc
3872 1092 4028 1192 ipso

820 1203 941 1277 SS.
983 1204 1501 1308 Apostolorum
1541 1209 1743 1281 Petri
1781 1224 1863 1282 et
1895 1206 2099 1282 Pauli
2134 1205 2515 1281 laetissimo
2550 1204 2668 1279 die
2706 1205 3105 1279 hodiernae
3145 1206 3719 1289 canonizationis
3760 1203 4029 1279 solem-

818 1323 936 1395 nia
974 1321 1471 1397 celebrentur.
1506 1325 1720 1399 Nunc
1756 1341 1997 1398 autem
2028 1380 2051 1416 ,
2088 1326 2436 1426 quoniam
2474 1349 2709 1426 prope
2746 1329 2967 1398 Aram
2999 1325 3446 1397 consistimus
3471 1378 3492 1415 ,
3528 1323 3669 1397 sub
3705 1349 3848 1425 qua
3893 1349 4028 1397 eoa·

818 1438 1156 1512 rumdem
1194 1441 1575 1515 beatorum
1612 1440 2136 1544 Apostolorum
2172 1443 2453 1514 cineres
2487 1457 2563 1514 et
2600 1466 2751 1514 ossa
2786 1438 3024 1541 jacent
3050 1495 3072 1532 ,
3106 1439 3300 1542 quid⁸
3321 1438 3520 1515 aliud
3569 1457 3787 1519 restat
3812 1490 3835 1530 ,
3889 1441 4024 1517 nisi

814 1573 904 1628 ut
939 1554 1033 1629 ad
1068 1583 1194 1634 vos
1221 1612 1242 1647 ‚
1273 1556 1563 1659 gloriosi
1599 1558 2122 1661 Apostolorum
2158 1560 2535 1660 Principes
2561 1613 2584 1646 ‚
2618 1562 3024 1631 orationem
3059 1572 3380 1643 nostram
3414 1573 3492 1635 et
3562 1582 3817 1660 preces
3874 1556 4026 1653 huf

816 1670 1084 1746 militer
1117 1677 1689 1751 convertamus?
1728 1676 1851 1748 Tu
1885 1674 2181 1778 quidem
2215 1730 2237 1765 ‚
2275 1674 2675 1748 beatissime
2712 1676 2934 1748 Petre
2961 1676 2990 1766 ,‘
3019 1672 3526 1749 venerabilem
3588 1675 3787 1747 hunc
3845 1672 4023 1755 Cle,-

816 1816 983 1863 rum
1021 1790 1113 1864 de
1153 1790 1371 1866 Caelo
1408 1795 1687 1895 respice
1713 1847 1733 1883 ,
1768 1795 1897 1895 qui
1934 1792 2060 1866 abs
2095 1808 2168 1866 te
2205 1794 2557 1895 originem
2590 1791 2801 1866 ducit
2828 1846 2848 1882 ,
2881 1794 3163 1894 quique
3199 1793 3473 1867 nomini
3522 1807 3652 1864 tuo
3713 1789 4024 1881 devotus

818 1924 891 1984 te
931 1927 1295 2013 perpetuo
1334 1909 1511 1985 colit
1542 1939 1559 1983 ε
1596 1912 1899 2014 Respice
1936 1927 2015 1983 et
2047 1911 2193 1985 Nos
2219 1964 2242 2001 ,
2277 1913 2409 2013 qui
2443 1911 2521 1983 in
2561 1909 2750 1983 hanc
2776 1911 3182 2012 principem
3222 1909 3546 1983 omnium
3583 1906 4038 1989 Cathedram.

817 2054 858 2096 a
898 2042 968 2097 te
1007 2025 1406 2101 institutam
1435 2080 1455 2116 ‚
1487 2042 1568 2099 et
1602 2051 1792 2127 quae
1829 2023 2313 2100 Ecclesiarum
2351 2029 2678 2100 omnium
2737 2028 3038 2099 unitatis
3095 2041 3205 2101 est
3261 2043 3604 2100 centrum
3631 2080 3654 2115 ,
3711 2026 4023 2128 impares

813 2140 982 2215 licet
1018 2147 1291 2216 meritis
1323 2197 1343 2233 ,
1372 2146 1847 2217 succeoeimus.
1889 2144 2012 2215 Tu
2034 2169 2230 2218 vero
2253 2198 2274 2232 ,
2315 2143 2710 2218 beatissime
2745 2147 3027 2219 Doctor
3060 2145 3412 2218 Gentium
3448 2141 3673 2217 Paule
3698 2196 3720 2233 ,
3768 2168 4020 2246 popu-

807 2256 958 2330 lum
1000 2260 1201 2332 hunc
1224 2314 1244 2350 ,
1277 2285 1495 2361 quem
1535 2275 1610 2332 te
1647 2286 1825 2363 prae
1855 2250 2113 2333 ceteris
2148 2258 2451 2362 diligere
2479 2315 2502 2350 ,
2540 2278 2823 2363 tuoque
2857 2259 3065 2335 cordi
3099 2261 3484 2359 inhaerere
3518 2316 3538 2347 ,
3588 2257 3816 2333 literis
3875 2262 4019 2337 tuis

807 2373 1251 2479 significabas
1277 2431 1297 2467 ‚
1333 2393 1803 2479 peramanter
1837 2379 2139 2480 respice.
2175 2375 2293 2454 Ad
2331 2403 2456 2453 vos
2492 2380 2684 2450 enim
2714 2434 2733 2466 ,
2772 2379 3121 2451 Parentes
3151 2376 3456 2480 optimi,
3487 2392 3565 2448 et
3622 2377 4030 2449 amantissi-

808 2494 905 2565 mi
942 2492 1160 2568 Urbis
1194 2490 1412 2594 hujus
1439 2495 1739 2567 Patroni
1770 2547 1792 2584 ,
1828 2496 1901 2566 in
1939 2491 2395 2595 tanta-hujus
2427 2492 2571 2569 diei
2607 2490 3032 2568 celebritate
3057 2551 3077 2582 ,
3115 2491 3373 2568 fiducia
3403 2490 3612 2595 pleni
3676 2490 4017 2594 confugi-

809 2636 968 2682 mus
995 2664 1016 2699 ‚
1052 2627 1136 2682 ut
1169 2663 1190 2700 ,
1228 2611 1476 2687 vestris
1510 2612 2166 2685 intervenientibus
2205 2612 2479 2685 meritis
2506 2664 2527 2701 ,
2563 2639 2603 2683 a
2639 2612 2796 2684 Deo
2835 2612 3307 2714 impetremus
3361 2607 3755 2683 catholicae
3811 2607 4014 2683 Fidei

809 2730 1413 2828 propagationem
1450 2779 1473 2815 ,
1511 2726 1877 2799 Romanae
1915 2723 2279 2801 Ecclesiae
2307 2780 2329 2817 ,
2361 2753 2553 2828 quae
2587 2729 2952 2828 sanguinis
2986 2727 3205 2803 vestri
3241 2729 3484 2828 pretio
3518 2722 3821 2799 fundata
3855 2740 3966 2798 est
3991 2779 4017 2816 ,

807 2840 1314 2916 exaltationem
1352 2859 1431 2916 et
1468 2858 1727 2916 sartam
1766 2859 2025 2917 tectam
2065 2841 2522 2948 Apostolicae
2560 2841 2776 2945 hujus
2812 2843 3015 2917 Sedis
3048 2841 3468 2946 dignitatem
3491 2892 3514 2933 ‚
3572 2840 3782 2943 cujus
3849 2840 4020 2919 vin-³

805 2956 1001 3031 dices
1032 2973 1107 3031 et
1148 2976 1734 3061 propugnatores
1768 2985 1896 3036 vos
1926 2985 2216 3063 semper
2252 2961 2600 3035 extitistis.
2634 2958 2751 3035 Ad
2788 2986 2917 3038 vos
2959 2959 3229 3035 deinde
3287 2961 3828 3048 convertimur,
3887 2959 4018 3033 Fi-

804 3073 984 3150 delis
1009 3130 1030 3166 ,
1065 3073 1363 3150 Camille
1393 3131 1414 3169 ,
1450 3078 1671 3151 Petre
1704 3132 1726 3170 ,
1764 3078 2040 3181 Joseph
2071 3132 2091 3169 ,
2126 3095 2203 3152 et
2238 3079 2630 3154 Catharina
2655 3132 2680 3170 ,
2714 3103 2901 3182 quos
2933 3078 3155 3153 modo
3202 3092 3457 3164 nostro
3515 3070 3710 3180 apud
3772 3077 4012 3154 Deum

801 3197 1311 3268 intercessores
1347 3192 1510 3269 fore
1542 3192 1842 3269 solemni
1878 3197 2028 3269 ritu
2084 3194 2650 3286 declaravimus,
2709 3217 3040 3298 quosque
3102 3193 3436 3270 fidelibus
3494 3190 3783 3297 populis
3844 3209 4012 3268 tan-

799 3336 1018 3412 quam
1058 3309 1425 3413 praeclara
1462 3315 1821 3388 virtutum
1859 3311 2184 3416 exempla
2222 3318 2778 3417 proposuimus.
2812 3315 2960 3388 Vos
2993 3338 3294 3414 quoque
3331 3310 3583 3388 humili
3619 3310 3845 3386 corde
3869 3311 4012 3386 ob-

799 3443 1198 3517 testamur,
1233 3445 1320 3501 ut
1353 3430 1804 3504 christianam
1844 3427 2338 3531 Religionem,
2373 3446 2458 3502 ut
2493 3428 2790 3518 Fidem,
2825 3445 2911 3501 ut
2944 3428 3264 3530 denique
3323 3425 3811 3531 Apostolicam
3871 3425 4010 3501 Se-

801 3543 967 3619 dem
1002 3482 1200 3648 aputi
1235 3548 1467 3620 Deum
1508 3545 1957 3620 orationibus
1994 3550 2246 3621 vestris
2282 3563 2527 3649 tegere
2562 3572 2646 3620 ac
2682 3550 2875 3620 tueri
2912 3544 3351 3649 dignemini3
3389 3545 3613 3620 Nobis
3672 3565 4010 3647 praeser-

800 3663 926 3735 tim
966 3665 1041 3735 in
1077 3666 1437 3736 aerumnis
1464 3718 1485 3753 ,
1519 3663 1785 3766 quibus
1821 3666 1895 3735 in
1927 3663 2115 3736 diem
2154 3663 2666 3738 conflictamur
2695 3719 2715 3755 ,
2753 3680 2828 3737 et
2861 3663 3127 3766 quibus
3161 3665 3360 3737 Petri
3401 3660 3726 3737 navicula
3778 3658 4004 3763 jacta-

799 3795 927 3851 tur
955 3833 976 3868 ‚
1014 3804 1232 3880 opem
1272 3777 1763 3879 auxiliumque
1800 3777 2122 3852 (livinum
2165 3778 2664 3882 implorantes.
2698 3780 2846 3883 Spe
2883 3807 3136 3882 magna
3169 3780 3473 3853 nitimur
3496 3831 3520 3872 ,
3548 3779 3825 3869 Deum,
3850 3777 4005 3851 Vo-

800 3895 911 3966 bis
948 3892 1568 3968 intercedentibus
1594 3948 1614 3982 ,
1648 3896 1796 3969 Nos
1830 3898 1903 3968 in
1948 3895 2186 3969 medio
2223 3900 2400 3972 mari
2441 3896 2933 4002 periclitantes
2966 3923 3119 3971 non
3158 3886 3612 3969 relicturum.
3645 3894 4008 3968 Habemus

800 4013 991 4083 enim
1033 4027 1399 4113 perpetuo
1431 4028 1601 4085 ante
1639 4011 1889 4087 oculos
1923 4015 2227 4089 Petrum
2275 4018 2353 4087 in
2415 4015 2664 4092 mediis
2724 4012 3074 4088 fluctibus
3131 4038 3356 4115 super
3413 4036 3635 4113 aquas
3681 4014 3908 4102 ,maris
3961 4039 4020 4094 a,

798 4130 1115 4202 Domino
1150 4127 1522 4203 ambulare
1560 4128 1829 4231 jussum
1860 4185 1881 4222 ,
1916 4147 1995 4205 et
2026 4130 2406 4234 naufragio
2447 4136 2691 4236 perire
2731 4148 3175 4205 metuentem
3208 4157 3224 4204 ε
3262 4130 3497 4221 Quem
3561 4129 4006 4230 Augustinus

799 4244 1226 4319 advertens:
1264 4247 1345 4319 In
1386 4271 1574 4320 unns
1602 4301 1622 4337 ,
1658 4250 1899 4349 inquit
1927 4304 1947 4339 ,
1984 4273 2366 4323 nemum·
2394 4274 2740 4324 Tirunsns
2788 4251 3074 4326 Ps‘rnus
3104 4302 3124 4338 ,
3184 4273 3274 4321 m·
3331 4267 3548 4320 mcu-
3578 4271 3597 4318 ε
3664 4247 3954 4322 Domus
3981 4300 4003 4337 ,

799 4387 1012 4435 situs
1051 4383 1175 4436 ms.
1207 4364 1563 4436 Ponaicrr
1598 4389 1774 4438 snm
1808 4368 2143 4442 Dominus
2178 4392 2483 4456 munu3
2522 4391 2612 4442 Βι-
2649 4391 2960 4452 Qusmws
2998 4390 3333 4442 lncnsrs‘r
3370 4385 3663 4438 Dicens:
3697 4364 4006 4438 Monncas

796 4499 985 4552 mom
1015 4533 1035 4569 ,
1072 4503 1164 4552 ur
1203 4501 1375 4564 Quin
1410 4506 1784 4555 nuni-rss'ri
1812 4483 1851 4554 Ῥ
1892 4477 2137 4557 rsusn'
2169 4510 2209 4557 A
2247 4509 2627 4559 uncrinus
2659 4509 2865 4558 nsrrr
2896 4538 2917 4575 ,
2949 4509 3040 4557 ΕΤ
3063 4477 3575 4558 'consummat
3597 4503 4007 4554 inflamu-

801 4621 949 4670 rlm
983 4621 1172 4670 susm
1199 4655 1218 4686 ,
1254 4619 1485 4683 smus
1524 4619 2126 4676 mms‘suximuu
2157 4625 2668 4676 ros‘ruun‘rsu
2709 4583 2959 4676 remen
2997 4625 3139 4675 non
3199 4624 3412 4674 sinn·-
3470 4601 3782 4673 Demum
3843 4596 4008 4700 glo-

794 4717 967 4787 riosi
1007 4716 1383 4817 Principes
1420 4714 1942 4819 Apostolorum
1973 4772 1994 4809 ,
2029 4719 2381 4820 Beatique
2418 4744 2664 4822 nuper
2701 4724 2776 4792 in
2812 4717 3250 4792 Sanctorum
3313 4712 3737 4816 catalogum
3789 4711 4000 4788 relati

793 4827 1017 4908 lenite
1056 4833 1233 4905 iram
1266 4834 1399 4907 Dei
1437 4834 1512 4906 in
1538 4832 1813 4908 ‘furore
1848 4859 1982 4907 suo
2019 4849 2252 4907 terras
2289 4840 2658 4938 arguentis
2688 4864 2706 4910 ε
2742 4851 3039 4910 exorate
3076 4836 3656 4937 omnipotentem
3714 4831 4003 4920 Princi-

796 4971 963 5047 pem
1003 4949 1236 5048 pacis,
1272 4951 1348 5022 in
1386 4946 1595 5049 cujus
1632 4951 1964 5025 manibus
1996 4966 2169 5024 sunt
2202 4951 2430 5026 corda
2458 4955 2744 5054 Regum.
2775 5006 2793 5042 ,
2831 4970 2910 5025 et
2944 4951 3080 5026 sub
3139 4976 3292 5054 quo
3361 4962 3764 5024 curvantur
3794 5001 3838 5038 ,‚
3872 4949 4000 5048 qui

791 5078 1096 5167 portant
1131 5066 1446 5154 Orbem,
1484 5083 1567 5138 ut
1601 5068 2030 5154 chrjstianos
2064 5069 2446 5172 Principes
2479 5070 2844 5144 diuturnis
2879 5072 3180 5146 nimium
3212 5065 3508 5144 dissidiis
3532 5066 3724 5146 inter
3757 5089 3832 5152 so
3869 5061 4005 5139 de-

795 5193 1167 5252 certantes
1204 5183 1272 5252 in
1317 5182 1656 5285 pristinae
1692 5184 2065 5258 charitatis
2100 5209 2518 5288 compagem
2565 5190 2922 5284 restituat.
