4442 6300
912 536 1023 587 2¹.)ss

1911 542 2116 595 ACTA
2157 542 2811 597 ‹tANoNtzATtoms

729 681 1067 754 comitutu
1098 684 1325 765 Capita
1358 682 1797 765 Apostolorum
1829 686 2182 750 veneraturi
2215 705 2294 750 eo
2409 687 2617 751 datam
2659 684 3024 751 facinorosis
3053 687 3459 761 bominibus,
3502 686 3868 752 scelerum
3849 709 3965 751 nn·

726 778 1289 858 progrederentur.
1339 780 1506 863 quod
1551 780 1682 863 jam
1736 792 1959 864 quater
2000 781 2294 867 religiose
2403 784 2683 864 punitate
2712 783 3062 865 promissa,
3083 784 3493 848 habitandam
3525 785 3854 849 concessit.
3887 792 3967 848 At

729 894 887 938 serv·
891 888 968 936 ιιι
981 898 1036 936 m
1068 887 1184 940 est.

1046 1076 1525 1135 BENEDtCTUS
1570 1078 1976 1138 Et‘lSCOPUS

1107 1270 1346 1327 Sssavcs
1405 1271 1747 1329 Sssavoatu
1795 1273 1913 1331 Dm

1010 1463 1101 1521 Aa
1120 1473 1480 1538 perpetuam
1513 1468 1604 1525 rot·
1641 1469 2012 1527 neomesiam.

853 1652 1257 1718 Admirabilis
1304 1656 1654 1738 Sapientiae
1703 1657 1814 1719 Dei
1878 1655 2286 1727 sublimitas,

725 1750 903 1830 cujus
951 1752 1209 1831 provida
1255 1752 1669 1836 dispositione
1718 1753 2029 1818 mundana
2079 1761 2285 1835 Regna

725 1848 1227 1937 constituuntur,
1270 1861 1340 1913 ut
1372 1851 1689 1916 Ecclesiae
1732 1850 2080 1924 Fidelinm,
2124 1872 2288 1933 qnae

727 1945 940 2007 divino
966 1947 1256 2010 comitata
1285 1949 1598 2032 adjutorio
1617 1949 2052 2031 peregrinatur
2079 1949 2139 2011 in
2162 1958 2287 2012 ter-

725 2042 855 2113 ris,
901 2042 994 2105 vel
1028 2044 1540 2126 amplificandae,
1583 2045 1680 2109 vel
1714 2047 2141 2116 exercendae,
2186 2045 2284 2110 vel

727 2140 1209 2215 custodiendae,
1251 2141 1708 2206 alternantibus
1751 2142 1906 2205 miro
1935 2143 2156 2206 ordine
2201 2142 2290 2205 vi-

724 2235 938 2308 cibus,
968 2238 1329 2312 inserviant,
1358 2239 1774 2303 voluntariam
1807 2240 2055 2303 humani
2089 2247 2287 2305 Gene-

716 2333 802 2396 ris
832 2335 1190 2400 caecitatem
1214 2380 1235 2409 ,
1265 2348 1331 2402 et
1360 2337 1698 2418 proclivem
1733 2338 1795 2399 in
1827 2338 2142 2402 deteriora
2179 2350 2286 2400 ne·

722 2430 984 2512 quitiam
1024 2434 1344 2498 secretiori
1375 2434 1638 2497 consilio
1662 2480 1682 2506 ,
1726 2444 1788 2498 et
1818 2435 2023 2498 altiori
2054 2436 2286 2517 pietate

718 2530 1188 2605 commiserans,
1219 2551 1358 2593 cum
1386 2531 1748 2595 adveniente
1778 2530 2131 2614 temporum
2156 2532 2286 2614 ple·

708 2622 1035 2695 nitudine,
1085 2629 1454 2692 sedentibus
1494 2628 1911 2702 intenebris,
1958 2639 2022 2693 et
2062 2632 2282 2693 ambu-

715 2720 992 2786 lantibus
1035 2724 1098 2787 in
1131 2726 1346 2789 umbra
1395 2727 1614 2790 mortis
1659 2727 2063 2810 Evangelicae
2111 2727 2279 2792 Fidei

715 2817 921 2883 lucem
953 2821 1278 2884 effundere
1300 2822 1706 2895 decrevisset,
1738 2830 2078 2886 Romanum
2105 2844 2284 2907 prae-

718 2916 961 2998 paravit
991 2918 1329 3000 Imperium
1356 2964 1376 2993 ,
1408 2929 1474 2982 ut
1505 2921 1924 3003 promptiores
1949 2924 2024 2984 ad
2057 2942 2282 2986 omnes

716 3012 986 3096 Populos
1024 3014 1405 3097 praedicatio
1444 3017 1731 3082 veritatis
1774 3017 2034 3082 baberet
2074 3038 2282 3084 acces·

719 3130 827 3175 sus
847 3155 867 3184 ,
897 3131 1058 3194 quos
1088 3111 1271 3174 unius
1298 3113 1578 3178 Civitatis
1608 3114 1954 3181 dominatio
1984 3116 2278 3182 sociaret.

717 3210 1044 3272 Imbuendi
1074 3217 1279 3273 autem
1326 3211 1664 3295 Evangelio
1707 3214 1918 3276 mundi
1955 3215 2281 3296 partibus,

717 3311 969 3387 accepta
1001 3325 1115 3387 per
1142 3306 1438 3390 Spiritum
1470 3314 1761 3373 Sanctum
1795 3310 2065 3374 omnium
2114 3309 2282 3374 locu-

712 3402 885 3463 tione
914 3400 1303 3484 linguarum,
1347 3404 1676 3470 duodecim
1719 3405 2033 3487 Apostolis
2075 3407 2284 3471 distri-

716 3497 912 3570 butis,
942 3500 1341 3565 beatissimus
1369 3509 1588 3566 Petrus
1621 3503 1907 3586 Princeps
1937 3506 2281 3586 Apostolici

717 3594 973 3659 Ordinis
1002 3596 1081 3659 ad
1110 3604 1330 3662 Arcem
1364 3600 1616 3662 Romani
1636 3599 1986 3663 destinatur
2003 3604 2282 3683 Imperii,

715 3701 783 3756 ut
812 3714 884 3757 ea
914 3702 1118 3775 capta,
1146 3703 1213 3757 et
1240 3694 1299 3755 iu
1329 3695 1698 3777 obsequium
1736 3695 1901 3759 Fidei
1926 3697 2277 3782 subjugata,

714 3789 961 3854 facilius
986 3789 1314 3854 universus
1346 3791 1532 3855 Orbis
1572 3791 1904 3855 humilitati
1937 3795 2148 3858 Crucis
2179 3817 2276 3860 su·

715 3888 911 3970 perba
933 3886 1095 3951 colla
1127 3887 1543 3952 submitteret.
1583 3889 1669 3950 Ad
1695 3888 1848 3952 banc
1882 3898 2096 3972 postea
2130 3897 2281 3955 Coa-

714 3983 1002 4067 postolns
1029 3984 1167 4068 ejus
1199 3983 1448 4056 Paulus,
1479 3985 1620 4049 aliis
1651 3988 1998 4069 peragratis
2035 3990 2279 4070 provin·

717 4083 833 4146 ciis
855 4124 875 4153 ,
904 4082 1276 4155 adveniens,
1318 4082 1538 4146 labore
1571 4093 1635 4146 et
1667 4085 1907 4149 meritis
1938 4084 2032 4148 illi
2061 4106 2283 4151 conso·

717 4181 915 4242 ciatus
959 4187 1093 4251 est,
1139 4186 1205 4242 ut
1241 4188 1431 4243 Roma
1478 4188 1786 4244 tantorum
1833 4181 2276 4264 Apostolorum

718 4276 936 4339 edocta
965 4276 1316 4359 Magisterio
1336 4319 1358 4349 ,
1387 4277 2035 4360 quae-superstitionis
2067 4280 2278 4344 studio

715 4371 1009 4453 profanos
1039 4374 1314 4437 omnium
1349 4374 1620 4456 gentium
1653 4375 1862 4439 cultus
1892 4387 2078 4458 atque
2110 4397 2279 4441 erro-

712 4489 818 4534 res
846 4479 1210 4553 receperat,
1252 4472 1530 4535 veritatis
1560 4493 1773 4537 amore
1813 4484 2059 4537 sauctae
2091 4483 2277 4556 atque

713 4567 1153 4632 immaculatae
1181 4568 1366 4632 unius
1396 4569 1505 4632 Dei
1546 4568 1888 4652 Religionis
1919 4571 2109 4635 Sedes
2139 4592 2278 4636 eva-

718 4666 917 4729 deret.
953 4666 1059 4729 lsti
1106 4666 1270 4729 enim
1303 4677 1447 4730 sunt
1491 4674 1805 4731 Romanae
1836 4669 2019 4731 Urbis
2062 4674 2276 4734 Patres

714 4762 976 4845 verique
1010 4764 1396 4832 conditores,
1430 4763 1536 4844 qui
1567 4781 1705 4826 eam
1739 4765 1962 4846 Regnis
1991 4764 2278 4829 caelesti·

718 4858 839 4922 bus
866 4859 1340 4924 adscribendam
1369 4858 1739 4922 melioribus
1756 4860 2044 4942 auspiciis
2072 4872 2137 4926 et
2155 4861 2280 4925 for·

717 4955 1141 5020 tunatioribus
1162 4954 1362 5017 initiis
1385 4954 1812 5026 condiderunt,
1841 4975 1962 5018 non
1981 4955 2100 5030 illi,
2123 4979 2277 5039 quo-

712 5070 855 5113 rum
889 5051 1170 5113 manibus
1199 5059 1459 5134 cognato
1479 5050 1774 5132 sanguine
1806 5051 2059 5135 pollutis
2079 5054 2278 5135 prima

716 5149 1033 5214 moenium
1077 5147 1481 5212 fundamenta
1521 5146 1718 5209 locata
1746 5156 1934 5223 sunt,
1978 5171 2013 5213 e
2044 5153 2276 5233 quibus

713 5243 811 5320 is,
857 5244 963 5327 qui
995 5243 1054 5307 ei
1085 5263 1309 5308 nomen
1353 5244 1565 5318 dedit,
1610 5242 1879 5310 fraterna
1908 5250 2101 5312 caede
2145 5247 2277 5312 foe-

822 5455 908 5528 (a)
949 5457 998 5509 S.
1043 5457 1152 5509 Leo
1196 5457 1364 5510 Serm.
1409 5455 1467 5509 in
1508 5459 1638 5511 Nat.
1684 5459 1790 5529 Ap.
1836 5460 1986 5512 Ῥεῖν.
2028 5472 2080 5513 ee
2124 5461 2289 5513 Pu'ul.

2402 901 2550 944 vero
2595 881 2697 945 isti
2743 902 2779 945 e
2808 880 3087 944 tenebris
3131 881 3526 946 idololatriae
3558 883 3631 943 ad
3681 881 3846 945 Fidei
3877 881 3969 944 l'u-

2404 997 2546 1040 men
2575 985 2916 1050 evocatam,
2946 985 3189 1061 hang«
3175 978 3308 1041 lica
3340 980 3602 1041 veritate
3637 978 3963 1052 imbutam,

2401 1071 2761 1139 christianis
2809 1085 3088 1138 ornatam
3133 1076 3509 1148 virtutibus,
3554 1084 3620 1140 et
3665 1078 3741 1138 ad
3795 1077 3962 1153 Caeli

2405 1171 2856 1243 sublimitatem
2903 1180 3170 1237 erectam
3203 1175 3484 1255 pretioso
3525 1172 3821 1255 sangnine
3851 1194 3968 1237 suo

2401 1277 2865 1341 consecrarunt,
2893 1278 2958 1333 et
2980 1270 3176 1334 sacris
3206 1275 3549 1352 Corporum
3577 1291 3825 1332 suornm
3858 1278 3963 1335 Se·

2401 1366 2677 1447 pulchris
2724 1367 3023 1432 adversus
3067 1364 3408 1431 furentium
3455 1368 3832 1432 baeresnm'
3818 1370 3965 1430 insi-

2399 1462 2584 1536 dias,
2613 1471 2677 1528 et
2706 1463 3034 1528 frementis
3063 1454 3386 1527 infernalis
3415 1463 3613 1528 bostis
3638 1464 3914 1545 impetun
3936 1508 3958 1539 ,

2402 1566 2691 1642 tanquam
2742 1561 2991 1624 duobus
3027 1559 3415 1624 firmissimis
3459 1561 3782 1623 munivere
3819 1572 3963 1643 ‘pre-

2398 1655 2796 1739 pugnaculis.
2827 1662 3056 1720 Beatus
3085 1666 3294 1722 autem
3329 1656 3669 1739 Apostolus
3697 1664 3917 1721 Petrus
3939 1702 3962 1734 ,

2399 1753 2775 1819 Sacerdotali
2804 1754 2961 1818 Sede
2996 1762 3252 1818 Romam
3283 1753 3577 1818 translata
3603 1799 3624 1827 ,
3663 1748 3810 1820 cum
3839 1756 3964 1838 pri-

2395 1850 2694 1932 vilegium
2718 1851 3046 1934 potestatis
3063 1872 3099 1914 a
3123 1851 3366 1916 Christo
3389 1852 3650 1916 Domino
3666 1861 3961 1934 acceptae

2395 1947 2471 2010 ad
2502 1966 2723 2011 omnes
2750 1970 2899 2013 suos
2935 1949 3316 2013 transmittat
3343 1947 3648 2012 haeredes
3669 1991 3690 2021 ,
3737 1968 3957 2031 supre*

2400 2042 2484 2103 mi
2507 2043 2798 2109 culminis
2818 2044 3307 2129 praerogativam
3329 2044 3796 2125 quodammodo
3817 2065 3959 2109 cum

2395 2159 2467 2203 ea
2518 2142 3047 2216 communicavit,
3094 2143 3253 2206 adeo
3304 2151 3373 2205 ut
3418 2160 3531 2224 per
3578 2142 3741 2205 beati
3795 2143 3961 2207 Petri

2398 2237 2767 2301 Catbedram
2798 2239 3087 2321 Princeps
3118 2259 3190 2304 ac
3219 2244 3410 2321 Caput
3443 2238 3632 2302 orbis
3659 2238 3862 2309 tieret,
3894 2248 3963 2304 et

2397 2334 2468 2396 in
2493 2335 2861 2400 immensum
2893 2335 3210 2420 Religione
3236 2336 3447 2397 Divina
3478 2334 3615 2417 ejus
3645 2345 3960 2401 cresceret

2394 2432 2704 2515 dignitas,
2744 2434 2924 2518 cujus
2953 2433 3136 2497 latias
3166 2451 3352 2515 quam
3387 2432 3805 2498 dominatione
3837 2441 3965 2496 ter-

2392 2548 2541 2593 rena
2572 2551 2684 2614 per
2725 2540 2923 2595 totum
2959 2532 3188 2596 Orbem
3229 2531 3723 2613 protendebatur
3753 2539 3961 2596 aucto-

2393 2626 2566 2691 ritas.
2595 2634 2797 2703 Quare
2827 2629 2949 2694 etsi
2975 2630 3035 2690 iu
3059 2635 3415 2693 Sanctorum
3449 2627 3956 2692 solemnitatibus

2392 2742 2725 2792 commune
2757 2728 3190 2792 universorum
3219 2725 3526 2789 Fidelium
3562 2726 3784 2807 deceat
3813 2746 3955 2790 esse

2391 2824 2680 2904 gaudium
2703 2867 2725 2897 ,
2769 2845 2911 2889 cum
2943 2825 3025 2886 ob
3058 2823 3205 2886 fidei
3249 2822 3552 2886 unitatem
3586 2820 3648 2883 in
3679 2824 3956 2905 acceptis

2391 2940 2425 2984 a
2469 2927 2601 2985 Deo
2647 2941 2759 3005 per
2799 2928 3024 2986 Servos
3067 2942 3215 2986 suos
3257 2919 3581 2985 beneficiis
3620 2920 3958 2995 indiscreta

2393 3017 2472 3080 sit
2503 3018 2781 3081 omnium
2830 3018 3115 3092 utilitas;
3157 3016 3251 3101 (a)
3283 3025 3488 3097 tamen
3519 3015 3756 3079 Natalis
3799 3022 3959 3097 Apo-

2391 3113 2699 3179 stolorum
2740 3114 2908 3179 Petri
2936 3123 2995 3180 et
3047 3113 3213 3182 Pauli
3257 3111 3566 3178 festivitas
3606 3119 3856 3194 praeter
3882 3111 3956 3175 il-

2387 3207 2513 3275 lam
2543 3213 2955 3277 reverentiam
2978 3255 3000 3285 ,
3032 3221 3216 3293 quam
3251 3217 3385 3274 toto
3415 3215 3739 3273 Terrarum
3786 3210 3954 3275 Orbe

2391 3307 2779 3389 promeruit,
2823 3307 3076 3391 speciali
3105 3315 3169 3371 et
3203 3306 3449 3390 propria
3493 3314 3803 3370 Romanae
3847 3312 3955 3370 Ur·

2392 3405 2491 3468 bis
2516 3404 2903 3470 exultatione
2932 3404 3280 3469 veneranda
3310 3412 3410 3468 est
3432 3445 3454 3475 ,
3484 3409 3558 3464 ut
3580 3403 3689 3465 ubi
3721 3402 3953 3483 praeei-

2390 3520 2653 3582 puerum
2685 3500 3127 3582 Apostolorum
3164 3498 3547 3585 glorificatas
3580 3507 3676 3562 est
3704 3499 3951 3573 exitus,

2392 3598 2529 3661 ibi
2512 3618 2573 3662 ιιι
2603 3597 2707 3663 die
2737 3598 3020 3684 martyrii
3050 3615 3270 3663 eorum
3298 3595 3382 3661 sit
3408 3594 3690 3660 laetitiae
3733 3594 3957 3661 Princi-

2389 3705 2586 3779 patus.
2629 3725 2636 3732 -

2513 3792 2682 3855 Vivit
2711 3792 2956 3858 adbuc
2936 3813 2999 3855 ιιι
3047 3799 3256 3855 mente
3284 3788 3643 3859 bominum,
3691 3797 3758 3854 et
3784 3787 3952 3855 nulla

2391 3909 2656 3973 unquam
2701 3890 2941 3955 delebit
2988 3888 3267 3961 oblivio,
3309 3895 3493 3951 ¹natus
3539 3886 3850 3950 memoria
3885 3893 3952 3949 et

2391 3987 2770 4059 recordatio,
2803 3985 3229 4068 quammerito
3258 3994 3325 4048 et
3354 3992 3588 4067 quanto
3609 4002 3722 4064 pet·
3751 3991 3951 4046 totum

2391 4084 2668 4156 Orbem,
2701 4084 2814 4148 sed
2842 4083 3173 4166 praecipue
3203 4082 3263 4143 in
3292 4081 3405 4145 bac
3434 4079 3611 4143 Alma
3644 4080 3806 4143 Urbe
3841 4089 3950 4142 no·

2390 4189 2517 4244 stra
2559 4178 2747 4244 fuerit
2773 4201 2809 4243 a
2839 4181 3061 4261 primis
3104 4178 3426 4243 Ecclesiae
3456 4175 3685 4253 seculis
3712 4175 3948 4246 celebri

2387 4275 2595 4351 cultu,
2639 4287 2706 4342 et
2736 4276 3061 4360 splendida
3105 4276 3501 4340 solemnitate
3543 4274 3775 4337 Natalis
3815 4271 3950 4338 dies

2389 4375 2716 4438 beatorum
2748 4374 3183 4456 Apostolorum
3214 4373 3590 4436 celebratus.
3622 4370 3945 4453 Siquidem

2384 4491 2457 4535 ea
2489 4472 2589 4536 die
2613 4472 2900 4535 traditum
2932 4483 3050 4545 est,
3086 4479 3391 4534 Romanos
3418 4461 3748 4533 Pontifices
3776 4473 3951 4530 Prae-

2386 4569 2752 4633 decessores
2781 4574 3037 4633 Nostros
3080 4567 3444 4650 primumin
3475 4566 3737 4629 Basilica
3781 4566 3948 4628 beati

2385 4667 2548 4731 Petri
2595 4667 2656 4730 ia
2686 4668 3025 4741 Vaticano,
3069 4665 3291 4729 deinde
3323 4665 3385 4725 in
3426 4662 3622 4727 altera
3667 4660 3946 4748 Apostoli

2385 4764 2557 4848 Pauli
2604 4764 2714 4827 Via
2745 4764 3013 4829 Ostiensi
3056 4770 3308 4827 Sacrum
3341 4760 3677 4824 immortali
3713 4768 3842 4823 Deo
3886 4760 3947 4821 in

2388 4847 2690 4926 bonorem¹
2712 4862 3062 4943 Principum
3097 4858 3535 4943 Apostolorum
3569 4857 3794 4921 fecisse
3816 4903 3838 4933 ,
3881 4864 3950 4919 et

2387 4966 2728 5022 Romanum
2759 4959 3060 5039 Populum
3096 4956 3610 5040 frequentissimo
3637 4962 3852 5024 coetu,
3883 4961 3951 5036 et

2386 5053 2624 5120 celebri
2670 5074 2968 5120 concursu
3001 5064 3333 5136 utramque
3367 5051 3688 5115 Basilicam
3734 5070 3943 5113 sacras

2388 5150 2824 5231 Apostolorum
2856 5151 3174 5232 Reliquias
3201 5155 3642 5213 veneraturum
3672 5146 3946 5208 invisere

2387 5246 2691 5324 solitum;
2739 5248 2870 5312 imo
2917 5247 2999 5317 ad
3048 5246 3334 5313 eamdem
3381 5244 3731 5310 solemnem
3778 5243 3946 5305 diem
