4442 6300
1562 550 1907 615 ‹2⁸³ansz
1960 549 2424 603 sannionum
2470 551 2632 601 arez.

3448 548 3560 603 2⁹3

506 693 759 759 Gratiae
796 692 1219 777 appellatum,
1253 694 1313 755 in
1346 715 1471 776 quo
1500 692 1763 757 totidem
1804 692 2064 756 praelati
2178 702 2438 758 ornatus
2460 737 2481 767 ,
2524 691 2653 758 sive
2697 713 3097 774 quocumque
3139 688 3265 756 alio
3294 690 3581 774 ejusdem
3618 699 3733 755 Ro·

504 797 806 856 Votantes
847 794 1175 857 habentur.
1226 799 1291 855 ln
1338 792 1558 855 horum
1614 811 1767 855 sane
1808 810 2067 855 ursmaro
2180 808 2395 852 manae
2443 788 2665 853 Curiae
2708 809 3000 862 munere,
3026 786 3129 853 vel
3157 786 3372 853 officio
3403 788 3734 853 decoratus
3785 842 3789 847 .

502 892 629 953 Nos
657 891 891 970 pariter
917 890 1096 963 olim,
1125 890 1275 953 dum
1306 891 1367 950 in
1391 889 1734 955 Minoribus
1758 908 2064 961 essentus,
2176 885 2564 968 reperiatur,
2613 887 3021 969 praecipimus
3060 884 3317 965 insuper
3368 894 3431 949 et
3489 887 3735 952 manda-

504 984 702 1057 fuisse
757 988 1137 1071 gloriamur.
1193 995 1383 1052 Porro
1442 1008 1758 1070 nunqnam
1814 988 2062 1068 utrique

500 1088 798 1149 vetantes
830 1095 1122 1167 tanquam
1154 1085 1217 1147 in
1247 1086 1377 1148 sive
1407 1085 1703 1165 Corporis
1720 1084 1902 1155 ,sive
1930 1084 2059 1148 Tri·

506 1181 756 1246 bunalis
771 1184 1043 1266 speciem
1067 1184 1466 1258 conveniunu
1496 1204 1569 1247 ea
1603 1192 1857 1263 propter
1888 1180 2060 1246 nulla

503 1278 757 1359 quidem
791 1280 903 1343 hac
932 1278 998 1341 in
1031 1288 1208 1360 parte
1240 1278 1592 1345 necessaria
1622 1286 1721 1343 est
1758 1277 2062 1360 Apostoli-

500 1395 611 1439 cae
637 1383 889 1443 nostrae
921 1376 1343 1460 providentiae
1373 1376 1567 1452 rati03
1599 1377 1709 1440 sed
1742 1377 1861 1443 hoc
1890 1396 2064 1458 prae·

507 1473 727 1537 sertim
763 1474 1178 1555 praecipimus
1221 1483 1287 1538 et
1339 1476 1743 1545 mandamns:
1796 1484 1865 1540 ut
1914 1495 2066 1553 qino·

508 1568 904 1652 tiescnmqne
948 1582 1073 1636 tam
1134 1572 1249 1653 ipsi
1304 1574 1669 1656 Signaturae
1725 1572 2011 1636 Iustitiae
2041 1617 2063 1648 ,

505 1686 690 1748 quam
722 1667 1089 1750 signaturam
1135 1669 1382 1733 Gratiae
1426 1677 1727 1734 Votantes
1775 1688 1886 1752 pro
1934 1667 2064 1733 suia

498 1774 791 1846 respectu
826 1765 1059 1847 proprii
1092 1766 1448 1830 ‘tribunalis
1469 1767 1732 1831 seorsim
1755 1766 2062 1830 obeundis

500 1859 1044 1944 adimplendisque
1075 1863 1444 1957 muneribus
1468 1864 1738 1927 invicem
1771 1862 2062 1928 conveni·

498 1977 567 2022 re
608 1958 879 2028 debent,
911 1960 1079 2024 idem
1112 1959 1274 2022 inter
1296 1961 1476 2039 ipsos
1505 1970 1633 2023 tum
1663 1960 1724 2022 in
1758 1960 2063 2036 sedendo,

499 2062 631 2118 tum
662 2055 726 2117 in
755 2065 996 2129 votum,
1029 2057 1162 2121 sive
1196 2058 1556 2142 suffragium
1593 2057 1855 2123 serendo
1883 2078 2063 2139 prae·

496 2153 821 2218 cedentiae
863 2155 1034 2219 Ordo
1062 2165 1387 2227 servetur,
1427 2156 1533 2237 qui
1566 2157 1642 2219 ad
1676 2155 1831 2219 hanc
1862 2176 2062 2238 usque

498 2251 663 2315 diem
706 2261 1430 2334 retentasservatnsqne
1472 2263 1590 2318 est.
1637 2255 1945 2329 Quoniam
1990 2260 2057 2318 ut

500 2345 835 2429 plurimum
863 2348 1148 2413 accidere
1181 2358 1421 2430 potest,
1451 2360 1516 2413 nt
1551 2351 1682 2415 sive
1714 2372 1896 2422 unus,
1932 2350 2063 2416 sive

493 2443 707 2525 plures
721 2464 801 2507 ex
823 2451 1086 2526 utroque
1110 2445 1473 2524 signatur-ae
1496 2449 1787 2512 Iustitiae
1825 2455 1887 2509 et
1914 2454 2064 2513 Gra-

496 2540 622 2605 tiae
653 2539 971 2603 Trition-nti
1007 2545 1304 2606 Votantes
1330 2565 1721 2627 quacumque
1753 2565 1830 2607 ex
1876 2564 2062 2608 causa

497 2634 625 2698 sive
664 2636 1061 2709 Praelatitio,
1093 2639 1223 2702 sive
1253 2661 1644 2723 quocumque
1681 2641 1808 2704 alio
1840 2641 2057 2706 habitu

496 2723 692 2796 induti
736 2735 1214 2851 Qmodolibet
1259 2748 1326 2803 et
1371 2739 1750 2821 ubicumque
1802 2738 2059 2804 insimul

495 2832 758 2914 reperiri
801 2834 1081 2915 possint·
1122 2836 1288 2900 Hinc
1334 2845 1476 2909 est,
1507 2838 1677 2919 qnod
1711 2843 1837 2901 Noa
1883 2848 2061 2903 motu

499 2928 787 3010 proprio,
833 2949 906 2996 ac
947 2952 1028 2995 ex
1057 2941 1230 2997 certa
1261 2955 1349 2998 σοι
1336 2934 1562 3006 entia,
1589 2941 1652 2996 et
1685 2944 1926 3002 matura
1956 2935 2062 2999 de-

497 3024 869 3091 liberatione
912 3028 1181 3103 nostris,
1227 3030 1435 3113 deque
1464 3030 1858 3113 Apostolicae
1885 3041 2059 3115 pote·

497 3123 677 3188 atatis
717 3118 1102 3206 plenitudine
1133 3128 1422 3196 volumus
1450 3137 1515 3194 et
1549 3129 1912 3193 mandamus
1936 3171 1957 3202 ,
1988 3134 2058 3194 ut

496 3220 558 3283 in
599 3220 957 3307 hujusmodi
1003 3236 1305 3290 conventu
1354 3227 1465 3291 ille
1514 3236 1792 3312 Votafls,
1833 3227 1938 3308 qui
1995 3227 2059 3289 in

498 3337 614 3384 suo
653 3319 976 3384 Tribunali
1004 3323 1360 3406 antiquior,
1390 3335 1454 3389 et
1487 3326 1657 3409 prior
1681 3325 2061 3390 constitutus

496 3413 726 3492 fuerit,
779 3418 899 3481 hoc
950 3420 1137 3484 modo
1181 3423 1553 3504 praecedat,
1580 3423 1889 3488 'videlicet
1914 3449 1932 3486 ε
1986 3428 2060 3487 Ut

493 3521 731 3579 Votans
761 3515 928 3598 prior
949 3517 1012 3579 in
1034 3518 1712 3601 signaturae-Justitiae
1741 3520 2062 3585 Tribunali
2088 3544 2097 3554 ·

496 3611 821 3684 adlectus,
864 3635 1050 3696 quam
1116 3615 1480 3700 signatur-ae
1539 3609 1783 3683 Gratiae
1827 3626 2061 3684 Votans

495 3707 561 3769 in
605 3731 721 3774 suo
761 3711 1078 3775 admissus
1121 3710 1349 3786 fuerit,
1393 3714 1536 3779 huic
1580 3714 1858 3778 secundo
1889 3716 2061 3781 dicto

498 3805 862 3889 Signaturae
908 3809 1151 3872 Gratiae
1180 3810 1428 3873 Votanti
1458 3813 1793 3893 praecedat
1824 3811 1935 3877 ille
1967 3813 2057 3878 si-

498 3911 794 3985 gnaturae
837 3906 1131 3970 Justitiae
1178 3911 1448 3983 Votans3
1503 3905 1590 3973 ita
1635 3910 1874 3990 pariter
1914 3910 2060 3975 huic

502 3999 867 4082 Signatnrae
912 4003 1209 4068 Justitiae
1251 4006 1501 4070 Votunti
1532 4008 1908 4086 praecedere
1950 4007 2058 4071 de·

497 4094 645 4160 beat
676 4095 786 4159 ille
816 4098 1177 4180 signaturae
1225 4103 1477 4167 Gratiae
1501 4111 1766 4169 votans,
1798 4105 1907 4184 qui
1953 4124 2059 4169 an·

498 4199 752 4274 tequam
784 4193 1143 4275 signaturae
1174 4199 1465 4263 Iustitiae
1496 4200 1559 4261 in
1602 4220 1785 4263 suum
1838 4200 2057 4263 Tribu-

497 4287 603 4351 nal
653 4277 1128 4366 admitteretur,
1163 4294 1292 4376 jam
1345 4297 1406 4357 in
1458 4295 1777 4378 proprium
1836 4295 2057 4360 itidem

493 4384 789 4449 Tribunal
832 4396 1129 4471 receptus
1166 4388 1401 4454 fueratz
1433 4391 1610 4465 Quod
1643 4392 1692 4453 si
1724 4392 2059 4474 contigerit

494 4483 678 4546 ambo
704 4482 964 4549 alterius
999 4487 1359 4571 signatur-ae
1385 4496 1683 4551 Votantes
1707 4489 1929 4553 eodem
1951 4489 2060 4554 die

495 4599 813 4662 quemque
859 4582 1185 4646 'tribunali
1214 4585 1584 4648 constitutos
1628 4583 1861 4657 fuisse,
1908 4595 2055 4649 tunc

496 4678 931 4757 praecedentia
989 4679 1082 4742 illi
1143 4681 1367 4754 detur,
1422 4682 1527 4795 qui
1581 4681 1643 4744 in
1703 4681 2056 4749 Pras-latura

495 4793 887 4858 quacumque
919 4778 1239 4860 antiquior
1264 4789 1331 4844 et
1356 4781 1533 4862 prior
1555 4779 1882 4860 reperitur.
1907 4788 2054 4845 Tra-

493 4869 684 4933 ditam
727 4872 934 4954 itaque
964 4886 1393 4959 statutamque
1438 4877 1737 4960 regulam·
1772 4879 1834 4938 in
1882 4898 2059 4957 prae·

497 4966 732 5039 missis,
765 4969 1110 5037 dummodo
1140 4974 1353 5038 nullus
1381 4974 1543 5039 alins
1572 4974 2053 5055 praecedentiae

493 5060 715 5128 titulus
744 5065 1129 5141 intercedat,
1160 5072 1413 5138 omnino
1443 5069 1810 5133 servandam
1843 5081 2053 5136 custo·

495 5158 915 5244 diendamque
948 5151 1090 5228 esse
1119 5166 1407 5231 volumus
1436 5176 1499 5230 et
1522 5168 1910 5231 mandamus.
1937 5177 2051 5233 Ve-

496 5274 637 5318 rum
680 5279 822 5321 cum
867 5259 1098 5342 aliquis
1124 5270 1360 5328 Votans
1403 5263 1664 5328 alterius
1695 5265 2057 5330 Tribunalia

490 5348 849 5434 hujusmodi
896 5358 1028 5421 sive
1090 5359 1439 5443 Episcopali
1493 5360 1850 5425 charactere
1908 5363 2055 5427 insi·

494 5451 736 5530 gnitus,
769 5451 901 5517 sive
934 5455 1340 5520 protonotarii
1378 5456 1715 5539 Apostolici
1751 5457 2052 5542 dignitate

2179 1005 2360 1058 mus,
2402 994 2470 1049 ut
2514 984 2682 1047 nulla
2726 983 2932 1046 habita
2988 982 3350 1065 signaturae
3405 984 3735 1056 Iustitiae,

2173 1089 2280 1144 aut
2326 1082 2570 1147 Gratiae
2599 1082 2883 1146 volantis
2926 1082 3195 1151 ratione,
3239 1081 3351 1144 sed
3383 1100 3456 1145 ea
3490 1082 3737 1159 dumta-

2172 1186 2275 1240 xat
2319 1180 2755 1260 praecedentia
2784 1177 3003 1241 illaesa
3039 1187 3394 1252 remaneat,
3426 1201 3585 1259 quac
3620 1187 3738 1242 Vo-

2174 1274 2328 1338 tanti
2373 1285 2664 1359 respectu
2709 1275 2841 1341 sive
2886 1274 3257 1339 characteris
3303 1275 3734 1357 Episcopalis,

2175 1373 2306 1437 sive
2354 1374 2677 1458 Dignitatis
2723 1371 3137 1437 protonotarii
3172 1373 3547 1454 Apostolici,
3605 1376 3736 1439 sive

2172 1470 2450 1554 cujusvis
2475 1469 2740 1536 alterius
2767 1469 3046 1533 muneris
3088 1468 3586 1550 praecedentiam
3620 1472 3735 1537 hac

2172 1566 2237 1629 in
2271 1589 2339 1632 re
2384 1568 2757 1650 requirentis
2786 1567 3087 1648 competit
3131 1573 3195 1627 et
3238 1568 3528 1631 debetur.
3558 1570 3739 1632 Deni-

2175 1684 2298 1748 que
2328 1666 2659 1733 statuimus
2679 1674 2744 1729 et
2763 1665 3158 1730 decernimus
3186 1665 3542 1749 hujusmodi
3567 1687 3740 1751 prae-

2173 1764 2526 1828 cedentiam
2550 1808 2570 1837 ,
2604 1784 2748 1829 cum
2783 1762 2983 1845 quivis
3003 1770 3233 1827 Votans
3263 1762 3324 1824 in
3357 1773 3622 1846 utroque
3647 1765 3738 1828 Si·

2172 1868 2470 1945 gnaturae
2499 1862 2789 1926 loetitiae
2813 1867 2877 1925 et
2897 1860 3139 1927 Gratiae
3161 1860 3477 1925 'tribunali
3512 1863 3743 1927 adscri-

2174 1968 2316 2040 ptus
2345 1959 2531 2024 fuerit
2557 2002 2579 2033 ,
2610 1980 2644 2022 a
2672 1959 2987 2040 primaeva
3017 1958 3214 2041 ipsius
3245 1960 3531 2023 Votantis
3560 1961 3619 2022 in
3651 1960 3740 2023 al·

2173 2064 2311 2122 tero
2340 2058 2663 2139 utriusque
2694 2056 3053 2138 signaturae
3083 2054 3405 2121 Tribunali
3441 2057 3743 2141 receptio·

2175 2174 2254 2218 ne
2286 2163 2346 2220 et
2378 2154 2805 2227 admissione,
2833 2162 2897 2218 et
2927 2173 3048 2217 uon
3074 2154 3256 2217 aliter
3282 2174 3424 2220 esse
3458 2163 3741 2236 repeten-

2174 2252 2316 2316 dam
2349 2260 2414 2317 et
2443 2252 2879 2345 deliniendam.
2919 2258 3333 2316 Decea-nentes
3363 2251 3532 2336 ipsas
3558 2273 3739 2336 prae·

2173 2358 2386 2414 sentes
2412 2348 2648 2413 Literas
2690 2366 2946 2430 semper
2989 2345 3199 2412 firmas
3226 2348 3465 2413 validas
3505 2358 3572 2413 et
3614 2351 3743 2414 effi·

2175 2466 2353 2510 caces
2383 2446 2516 2510 exi
2503 2455 2652 2509 tere
2696 2456 2786 2509 ct
2793 2443 2970 2517 l'orc,
3014 2464 3291 2527 suosque
3326 2445 3646 2529 plenarios
3674 2455 3741 2514 et

2173 2544 2448 2627 integros
2477 2544 2740 2611 effectus
2771 2541 2983 2609 sortiri
3015 2551 3075 2607 et
3107 2542 3434 2616 obtinere,
3468 2565 3541 2610 ac
3572 2545 3742 2622 illis,

2173 2642 2252 2706 ad
2285 2662 2443 2725 quos
2472 2649 2736 2723 spectat,
2767 2652 2828 2705 et
2862 2660 2974 2723 pro
3004 2648 3291 2723 tempore
3315 2643 3743 2724 quandocum-

2174 2759 2297 2822 que
2343 2739 2695 2822 ‘spectabit‚
2739 2737 3100 2820 plenissime
3142 2737 3509 2822 suffragari,
3551 2748 3617 2804 et
3656 2743 3739 2806 ab

2172 2836 2268 2903 eis
2299 2837 2646 2918 respective
2665 2832 3117 2900 inviolabiliter
3140 2835 3490 2910 observari,
3520 2837 3736 2921 sicque

2170 2935 2233 2997 in
2261 2934 2619 3017 praemissis
2648 2951 2759 3014 per
2801 2952 3230 3015 quoscumque
3260 2933 3512 2999 ludices
3557 2936 3736 2999 Ordi-

2170 3032 2379 3096 narios
2400 3074 2422 3105 ‚
2465 3040 2528 3096 e't
2564 3029 2892 3111 Delegatos
2921 3030 3112 3094 etiam
3147 3035 3485 3109 Causarum
3517 3034 3733 3097 Palatii

2169 3126 2512 3216 Apostolici
2540 3127 2870 3193 Auditores
2885 3126 3155 3211 judicari
3188 3135 3254 3192 et
3272 3127 3519 3193 definiri
3543 3132 3734 3195 debe-

2174 3247 2289 3298 re,
2332 3249 2404 3291 ac
2436 3226 2676 3290 irritum
2722 3234 2788 3290 et
2818 3225 3042 3297 inane,
3084 3224 3135 3288 si
3179 3245 3363 3290 secus
3408 3247 3598 3309 super
3638 3228 3736 3292 his

2170 3345 2205 3388 a
2264 3343 2580 3406 quoquam
2631 3322 2856 3405 quavis
2909 3323 3284 3385 auctoritate
3331 3323 3602 3387 scienter
3627 3327 3728 3389 vel

2170 3420 2528 3505 ignoranter
2573 3419 2909 3501 contigerit
2948 3419 3266 3484 attentari.
3303 3425 3438 3484 Non
3486 3422 3738 3485 obstan·

2170 3519 2340 3583 tibus
2367 3517 2934 3582 Constitutionibus
2951 3524 3014 3581 et
3045 3515 3548 3581 ordinationibus
3577 3526 3738 3599 Apo·

2173 3615 2415 3682 stolicis
2444 3659 2465 3687 ,
2524 3616 2875 3695 ceterisque
2942 3614 3272 3679 contrariis
3339 3614 3736 3694 quibuscum-

2174 3735 2318 3797 que.
2370 3720 2590 3777 Datum
2655 3720 2880 3776 Romae
2931 3712 3094 3793 apud
3141 3718 3423 3775 Sanctam
3475 3713 3730 3777 Mariam

2168 3811 2471 3895 majorem
2504 3811 2622 3874 sub
2654 3808 2894 3872 Annulo
2913 3807 3246 3874 piscatoria
3272 3807 3377 3872 die
3402 3817 3533 3873 vn.
3565 3811 3731 3874 lunii
3817 3859 3824 3864 .

2168 3909 2575 3975 unccxtvl.
2606 3904 3010 3971 Pontificatus
3040 3907 3243 3971 nostri
3274 3911 3448 3972 Anno
3477 3914 3687 3974 Sexto.

2802 4104 2876 4161 D.
2904 4100 3083 4163 Card.
3129 4099 3518 4164 Passionem.

2296 4301 2454 4360 Toto
2483 4301 2690 4358 antem
2733 4314 2813 4358 eo
2860 4293 3115 4358 octiduo
3165 4292 3360 4358 voluit
3401 4296 3730 4370 Pontifex,

2168 4401 2238 4459 ut
2279 4401 2553 4474 Vespere
2593 4391 2842 4472 aliquae
2880 4392 3203 4456 Laicorum
3245 4391 3730 4458 confraternita-

2169 4498 2268 4553 tes
2287 4489 2367 4552 ab
2400 4488 2914 4552 Eminentissimo
2932 4486 3237 4551 cardinali
3269 4489 3451 4553 Urbis
3487 4490 3730 4555 vicario

2165 4587 2494 4669 eligendae
2512 4584 2772 4667 supplici
2792 4585 2911 4647 ritu
2935 4585 3177 4648 adirent
3196 4605 3335 4648 eam
3362 4587 3726 4661 Ecclesiam,

2167 4685 2275 4749 uhi
2301 4704 2518 4766 preces
2544 4684 2794 4747 habitae
2823 4702 3001 4747 mane
3033 4681 3316 4758 fuerant,
3348 4684 3565 4748 ultimo
3593 4694 3728 4749 tan·

2165 4781 2310 4845 dem
2341 4781 2753 4845 solemnitatis
2795 4780 2896 4844 die
2919 4781 3002 4843 ad
3033 4789 3507 4847 Lateranensem
3555 4784 3725 4848 Basi-

2166 4878 2393 4948 licam,
2444 4897 2567 4941 nen
2608 4876 2812 4942 solnm
2855 4878 3201 4959 composita
3245 4879 3723 4962 supplicantium

2162 4977 2407 5062 agmina
2447 4975 2894 5058 procederent,
2936 4976 3049 5040 sed
3081 4976 3572 5041 Eminentissimi
3619 4985 3725 5043 Pa-

2162 5084 2339 5148 tres,
2382 5073 2488 5156 qui
2517 5071 2799 5147 vellent,
2829 5071 3057 5135 iterum
3091 5074 3414 5144 vestibus,
3458 5083 3522 5137 et
3551 5076 3720 5157 qnod

2165 5157 2482 5255 pecuiiare
2530 5179 2678 5240 est,
2728 5171 2920 5232 etiam
2972 5170 3193 5252 cappis
3248 5171 3488 5242 rubris,
3542 5193 3723 5238 mane

2162 5269 2458 5333 adessent
2477 5266 2818 5332 Pontificali
2834 5268 3082 5332 Missae.
3113 5274 3257 5331 Post
3277 5269 3599 5334 meridiem
3619 5277 3726 5335 Se·

2164 5372 2385 5438 nator,
2430 5363 2822 5445 conscripti,
2870 5372 2933 5428 et
2976 5364 3314 5428 Centuriati
3363 5386 3397 5428 e
3450 5374 3724 5431 Romano

2163 5461 2401 5545 Populo
2439 5461 2768 5536 homines,
2811 5459 3222 5545 frequentiori
3253 5484 3382 5546 quo
3425 5471 3722 5546 possent,
