4442 6300
911 530 1019 583 ⁴00

844 677 924 730 03
947 677 1186 728 clausum
1215 672 1352 727 olim
1382 674 1700 729 cardinales
1728 675 1999 731 habebant
2024 692 2195 749 nsque
2232 676 2301 730 ad

722 762 1019 819 secundum
1047 765 1133 817 rel
1163 765 1378 817 tertium
1414 764 1823 817 consistorium
1847 803 1862 831 ,
1893 763 2028 819 ibid.

841 854 919 907 03
961 868 1074 903 non
1123 852 1464 921 aperiebatur
1499 852 1607 905 nisi
1661 852 1860 906 auditis
1915 843 2291 907 cardinalium

724 937 1005 1009 suffragiis
1029 976 1043 1004 ,
1071 937 1205 992 s’bt‘d.

850 1028 927 1082 03
953 1026 1123 1080 modo
1152 1028 1531 1096 praetermissa
1564 1028 1957 1099 suffragiorum
1985 1029 2210 1094 latione,
2241 1038 2299 1082 ut

722 1116 1024 1186 plurimum
1055 1132 1203 1167 novo
1231 1116 1514 1169 Cardinali
1545 1117 1821 1171 clauditur
1869 1126 1925 1171 et
1973 1119 2212 1188 aperitur
2238 1118 2295 1169 in

724 1202 924 1257 eodem
952 1203 1305 1257 consistorio
1328 1241 1345 1269 ,
1373 1201 1510 1257 ibid.

847 1293 925 1347 03
950 1290 1236 1346 claudendi
1262 1330 1279 1358 ,
1306 1300 1361 1345 et
1386 1291 1666 1363 aperiendi
1696 1293 1929 1347 formula
1958 1330 1974 1359 ,
1996 1310 2126 1364 pag.
2152 1294 2244 1348 29.

1486 1470 1533 1521 P

833 1645 1154 1699 Pallaricini
1182 1647 1414 1700 Lazarus
1467 1644 1933 1718 Archiepiscopus
1983 1647 2297 1703 Thebarum

724 1734 1139 1787 commendatur
1159 1773 1175 1799 ‚
1198 1750 1327 1804 pag.
1356 1735 1447 1787 30.

836 1821 1215 1875 Cardinalatns
1241 1822 1573 1892 Dignitatem
1605 1830 1850 1887 recusat,
1878 1822 2011 1878 ibid.

831 1911 1101 1965 Laudatus
1124 1931 1150 1961 a
1178 1911 1323 1979 Papa
1351 1927 1533 1963 coram
1562 1910 1949 1966 cardinalibus
1987 1914 2047 1965 in
2100 1913 2299 1966 Consi-

724 1999 899 2053 storio
929 2000 1148 2053 Secreto
1168 2040 1186 2066 ,
1218 1999 1352 2052 ibid.

835 2087 1147 2157 Epigraphe
1175 2087 1522 2140 Monumenti
1552 2090 1668 2156 ejus
1699 2089 1994 2141 memoriae
2042 2090 2204 2143 erecti
2239 2089 2298 2141 in

726 2175 976 2227 Ecclesia
1002 2175 1172 2227 sancti
1197 2174 1482 2228 francisci
1509 2176 1577 2229 de
1606 2177 1773 2229 Paula
1817 2176 1885 2230 ad
1935 2178 2155 2231 Montes
2206 2194 2295 2231 ex-

729 2263 990 2316 scribitur
1011 2301 1027 2328 ,
1050 2279 1179 2333 pag.
1208 2264 1298 2316 31.

834 2351 1188 2405 ΡαΙΙαυίοἰηί
1209 2353 1438 2422 Opilius
1464 2351 1832 2407 Abbreviator
1858 2354 1927 2408 de
1971 2355 2146 2408 Parco
2184 2357 2299 2409 Ma-

723 2437 830 2508 jori
861 2438 1136 2508 ablegatus
1164 2440 1402 2493 Nuntius
1431 2440 1498 2491 ad
1524 2442 1800 2494 Joanncm
1848 2441 2208 2495 Theodorum
2265 2460 2295 2496 e

721 2526 971 2579 Ducibus
998 2527 1251 2582 Barariae
1273 2565 1289 2592 ‚
1317 2528 1367 2581 ei
1394 2527 1565 2582 defert
1594 2529 1848 2582 Galerum
1890 2529 2116 2582 rubrum
2148 2533 2299 2583 Pon-

727 2614 979 2666 tificalem
1007 2622 1059 2668 et
1086 2616 1189 2666 alia
1218 2615 1595 2668 cardinalatus
1624 2617 1869 2688 insignia
1889 2656 1904 2684 ,
1928 2636 2057 2688 pag.
2079 2618 2173 2671 2⁹.

837 2702 1095 2756 Polliam
1120 2704 1440 2757 pontificale
1468 2715 1648 2774 petere
1693 2724 1755 2758 ac
1805 2709 2082 2777 postulare
2137 2708 2298 2762 unice

729 2798 939 2860 spectat
965 2790 1029 2842 ad
1061 2791 1489 2845 consistoriales
1517 2791 1829 2846 Advocatos
1851 2831 1867 2859 ‚
1891 2812 2020 2863 pag.
2051 2794 2175 2847 Μή.

839 2878 893 2930 Α
920 2879 1353 2949 Coadjutoribus
1380 2896 1492 2931 non
1522 2882 1726 2950 petitur
1751 2883 1978 2936 nomine
2022 2884 2255 2954 proprio
2276 2924 2296 2951 ,

718 2984 849 3038 poe.
880 2966 1005 3021 uli.

838 3057 1026 3123 Panes
1051 3054 1162 3108 dno
1186 3056 1363 3124 magni
1396 3073 1533 3109 unus
1563 3076 1693 3109 auro
1716 3096 1732 3123 ‚
1760 3058 1897 3111 alter
1923 3067 2145 3128 argento
2189 3059 2301 3112 illi-

726 3144 809 3211 ti,
838 3152 892 3198 et
916 3145 1114 3197 extanti
1144 3146 1405 3199 caelatura
1433 3147 1718 3216 gentilitiis
1746 3146 2035 3200 Pontificis
2063 3147 2300 3216 Insigni·

726 3232 831 3284 bus
859 3233 1033 3285 ornati
1066 3233 1369 3286 offeruntur
1394 3235 1573 3303 Papae
1600 3254 1627 3286 a
1653 3235 2042 3290 cardinalibus
2070 3237 2300 3307 Presby-

709 3321 859 3373 'teris
915 3320 1106 3374 Sacrae
1158 3321 1385 3375 Rituum
1439 3324 1866 3393 congregationi
1924 3326 2260 3395 Praepositis
2282 3364 2297 3392 ,

720 3425 853 3478 pag.
880 3406 1005 3458 321.

838 3496 1003 3564 Papa
1029 3503 1110 3549 est
1134 3495 1352 3550 visibile
1379 3498 1655 3552 Ecclesiae
1682 3500 1857 3568 caput
1880 3537 1896 3564 ‚
1917 3518 2044 3570 pag.
2077 3505 2127 3553 1.

842 3581 1136 3636 Successor
1160 3583 1301 3637 beati
1333 3586 1480 3639 Petri
1503 3621 1519 3651 ‚
1546 3594 1601 3639 et
1624 3587 1763 3639 Jesu
1799 3587 2005 3641 Christi
2022 3590 2295 3655 vicarius,

726 3665 861 3721 ibid.
891 3681 946 3722 es
965 3687 1094 3740 pag.
1121 3670 1245 3725 3⁰8.

842 3757 1139 3826 supremus
1166 3758 1441 3812 Ecclesiae
1459 3759 1751 3813 Hierarcha
1779 3760 1845 3815 de
1871 3762 2160 3814 Servorum
2189 3745 2322 3816 nei'

725 3843 1134 3898 Beatificatione
1162 3855 1216 3899 et
1238 3847 1530 3899 Beatorum
1560 3849 1992 3903 canonizatione
2019 3850 2180 3904 unice
2207 3850 2299 3906 de—

727 3930 902 3984 ceruit
919 3969 940 3997 ,
971 3930 1102 3985 ibid.

837 4017 1033 4086 Gregis
1061 4018 1268 4071 Christi
1303 4021 1532 4088 Custos,
1555 4039 1686 4090 pog-
1712 4021 1840 4076 288.

837 4108 905 4158 In
935 4108 1147 4175 signum
1177 4108 1404 4177 Imperii
1432 4111 1602 4163 utitur
1623 4112 1847 4180 Regno,
1874 4119 1929 4166 et
1968 4112 2026 4165 in
2080 4114 2298 4185 signnm

724 4194 1063 4247 Pontificalis
1091 4194 1375 4266 diguitatis
1403 4198 1573 4250 utitur
1596 4198 1763 4252 Μία-ει
1782 4238 1802 4264 ,
1826 4217 1958 4268 pag.
1984 4200 2112 4254 306.

834 4283 1041 4336 Unicus
1067 4284 1305 4337 veritatis
1333 4286 1609 4356 Interprcs
1633 4324 1648 4352 ,
1675 4295 1730 4340 et
1776 4289 2087 4359 Religionis
2138 4290 2299 4343 Anti-

723 4379 832 4424 ates
848 4409 867 4438 ,
891 4388 1020 4441 pag.
1047 4371 1171 4424 312.

833 4459 980 4528 Papa
1014 4461 1211 4512 Victor
1237 4462 1315 4514 11.
1346 4462 1645 4515 Ecclesiam
1689 4465 2104 4519 Aicstettensem
2133 4486 2148 4531 ς
2201 4466 2299 4520 Ni-

724 4547 909 4599 colaus
939 4549 1014 4598 11.
1043 4548 1420 4601 Florentinam
1447 4587 1461 4615 ,
1491 4560 1543 4604 et
1571 4553 1880 4605 Alexander
1908 4556 1982 4605 11.
2022 4557 2292 4609 Lucanam

723 4635 993 4689 retinuero
1044 4653 1166 4688 cum
1219 4638 1546 4692 Pontificatu
1599 4641 1655 4692 in
1722 4640 2251 4700 administrationem
2276 4682 2292 4710 ,

718 4739 848 4793 pag.
876 4723 965 4775 33.

836 4813 980 4881 Papa
1007 4812 1267 4866 Nicolans
1295 4815 1364 4868 V.
1394 4817 1605 4885 primus
1633 4819 1776 4871 inter
1820 4819 2117 4873 Pontifices
2145 4821 2299 4890 pedi-

723 4897 828 4950 bus
856 4899 1109 4966 gradiens
1136 4902 1355 4970 publice
1387 4923 1486 4972 per
1509 4906 1621 4957 vias
1650 4909 1861 4961 Romae
1891 4911 2294 4962 Sacramentum

725 4985 921 5040 detulit
946 4990 1003 5041 in
1034 4991 1123 5043 die
1151 4992 1286 5043 festo
1315 4995 1585 5063 Corporis
1613 4996 1821 5047 Christi
1850 5034 1865 5060 ,
1889 5014 2017 5065 pag.
2051 4996 2173 5050 132.

835 5075 980 5144 Papa
1008 5079 1120 5129 Leo
1147 5077 1226 5130 Χ.
1246 5081 1628 5134 ministrorum
1656 5081 1896 5135 humeris
1918 5084 2143 5136 subvehi
2174 5103 2297 5140 coe·

722 5163 806 5232 pit
831 5164 888 5214 iu
921 5163 1332 5232 supplicatione
1359 5168 1600 5236 ejusdcm
1632 5167 1739 5220 diei
1771 5170 1887 5221 sesti
1914 5208 1928 5233 ‚
1955 5170 2088 5224 ibid.

835 5251 1166 5320 Popiliana·
1189 5264 1246 5306 et
1271 5271 1454 5309 aereae
1497 5258 1862 5324 campanulae
1917 5258 2241 5314 deferuntur
2267 5283 2297 5315 a

724 5338 977 5391 Basilicia
1004 5340 1173 5394 Urbis
1192 5381 1214 5409 ,
1243 5352 1292 5396 et
1324 5345 1643 5416 collegiatis
1673 5344 1989 5416 Insignibus
2043 5349 2103 5400 in
2157 5350 2296 5421 Sup-

2007 528 2246 584 thEx
2284 529 2576 585 numu.

2400 675 2794 746 plicationibus
2820 685 2941 732 ante
2968 677 3205 733 Crucem
3235 676 3295 728 in
3324 675 3542 747 signum
3598 674 3973 741 nati-iendis,

2394 783 2526 836 pag.
2555 766 2682 818 308.

2510 854 2836 908 Parmensis
2860 865 2916 907 et
2941 853 3313 907 Placentinus
3338 853 3592 905 Ducatus.
3636 851 3784 907 Vide
3833 850 3975 905 Pm-

2400 952 2651 993 curator.

2510 1028 2770 1082 Par-ochi
2792 1029 3157 1082 Ecclesiamm
3205 1030 3471 1082 Rectores
3522 1027 3974 1095 circumpositam

2400 1117 2547 1169 collo
2579 1117 2976 1170 sacerdotalem
3008 1119 3203 1169 stolam
3227 1155 3243 1180 ,
3274 1127 3335 1169 ut
3384 1135 3431 1167 a>
3464 1118 3656 1169 ceteris
3684 1115 3754 1167 dc
3808 1115 3974 1167 clero

2400 1205 2774 1259 discernantur
2793 1243 2807 1271 ,
2841 1206 3067 1258 [ndulto
3094 1205 3394 1258 Pontificio
3423 1204 3674 1257 deserunt
3704 1202 3873 1256 modo
3911 1203 3975 1254 in

2400 1293 2640 1364 publicis
2666 1294 3167 1361 processionibus,
3191 1310 3320 1362 pag.
3349 1293 3476 1347 80⁴.

2506 1381 2784 1434 Parocbus
2813 1380 3006 1434 diebus
3034 1383 3220 1434 saltem
3251 1380 3403 1433 festis
3431 1379 3770 1433 saarificium
3816 1376 3977 1431 offet-

2399 1485 2457 1522 το
2485 1477 2697 1522 tenetur
2721 1486 2822 1538 pro
2850 1470 3070 1538 Populo
3094 1506 3109 1534 ,
3134 1486 3261 1537 pag.
3294 1470 3378 1519 10.
3476 1502 3481 1511 .

2511 1557 2986 1610 Patriam-karum
3013 1558 3296 1625 Suffragia.
3324 1556 3468 1609 vida
3494 1552 3787 1624 Episcopi.
3890 1600 3895 1607 a

2511 1646 2791 1700 Patricius
2814 1645 3062 1698 Mai-ebio
3088 1647 3359 1698 Joannes.
3384 1645 3533 1697 Vide
3559 1647 3834 1699 Joannes.

2514 1735 2565 1787 S.
2595 1735 2815 1787 Paulus
2839 1734 3162 1804 Apostolus.
3189 1732 3332 1786 Vide
3360 1732 3502 1785 int'ra
3531 1733 3622 1786 SS.
3651 1733 3884 1796 Petrus,
3918 1741 3975 1783 et

2400 1823 2636 1875 Paulus.

2510 1911 2730 1964 Paulus
2764 1910 2911 1979 Papa
2937 1911 3036 1962 tv.
3064 1910 3480 1980 Neapolitanam
3530 1905 3828 1962 Ecclesiam
3856 1922 3976 1959 non

2396 1997 2611 2050 dimisit
2638 2001 2805 2053 factus
2834 2000 3086 2051 Pontifex
3105 2037 3121 2064 ‚
3145 2017 3275 2068 pag.
3308 1999 3397 2050 32.

2510 2088 2727 2140 Primus
2750 2125 2766 2152 ‚
2790 2090 2884 2157 qui
2915 2087 2986 2140 ob
3016 2087 3247 2140 defectas
3276 2087 3431 2139 senio
3457 2086 3600 2139 vires
3623 2123 3637 2148 ‚
3664 2093 3720 2138 et
3754 2083 3821 2136 ad
3878 2100 3969 2134 an-

2400 2173 2630 2243 gendam
2668 2177 2911 2245 mysterii
2942 2178 3269 2246 majestatem
3295 2212 3311 2239 ,
3341 2175 3533 2243 gestari
3557 2175 3687 2228 sella
3715 2172 3887 2224 voluit
3911 2173 3971 2222 in

2401 2263 2813 2332 supplicatione
2843 2265 3116 2333 Corporis
3144 2263 3387 2326 Christi,
3410 2280 3542 2332 pag.
3567 2263 3689 2314 132.

2509 2352 2798 2417 Decrevit,
2829 2361 2885 2404 ut
2911 2351 3222 2403 vaticanam
3252 2351 3558 2419 Regionem
3580 2386 3597 2414 ,
3646 2348 3969 2417 ‘Urbemque

2396 2439 2697 2491 Leoninam
2723 2478 2739 2505 ‚
2766 2459 2872 2510 qua
2910 2440 3343 2509 Supplicationis
3391 2455 3596 2507 pompa
3646 2438 3966 2505 circumagi-

2399 2535 2487 2579 tur
2509 2565 2525 2593 ,
2554 2544 2848 2597 expansum
2879 2530 2982 2581 late
3012 2530 3188 2581 velum
3218 2526 3609 2597 obumbraret,
3632 2544 3760 2596 pag.
3792 2525 3914 2577 133.

2508 2616 2597 2668 Aa
2632 2615 2805 2669 divini
2834 2617 3007 2669 cultus
3030 2616 3346 2686 elegantiam
3387 2614 3663 2684 lampades
3699 2613 3967 2683 excogita·
4076 2651 4099 2664 .

2397 2701 2512 2767 vit,
2551 2721 2686 2774 quae
2725 2721 2843 2755 cera
2866 2741 2881 2768 ‚
2915 2720 3028 2755 non
3070 2704 3195 2755 oleo
3234 2702 3727 2764 concionarentur.
3778 2716 3974 2771 easqup

2400 2791 2588 2844 ardere
2617 2791 2674 2843 in
2703 2791 2999 2843 Pontificio
3029 2792 3240 2847 Sacello
3269 2791 3462 2856 voluit,
3478 2807 3607 2860 pag.
3633 2787 3749 2840 1³20
3776 2799 3831 2840 ee
3848 2788 3973 2839 1³3.

2509 2878 2816 2931 Pauluts'us
2860 2877 3168 2932 cardinalis
3213 2877 3490 2929 Fabritius
3544 2875 3691 2928 Sacri
3734 2873 3971 2942 Collegii

2405 2965 2655 3019 Decanus
2685 2966 2984 3020 Ecclesiam
3012 2968 3311 3019 Titularem
3336 2967 3435 3018 SS.
3453 2966 3493 3016 J
3499 2964 3714 3029 oannis,
3741 2972 3795 3016 et
3816 2962 3970 3015 Pauli

2397 3070 2539 3124 pene
2567 3073 2595 3108 a
2624 3056 2990 3108 fundamentis
3022 3056 3259 3108 restitnit
3280 3092 3295 3120 ,
3318 3071 3447 3124 pag.
3470 3053 3564 3105 2⁹.

2511 3143 2816 3199 Paulatim
2840 3144 3149 3200 cardinalis
3186 3144 3454 3198 Camillus
3493 3138 3851 3195 Consistorio
3883 3137 3977 3191 Se·

2400 3239 2547 3285 creto
2578 3233 2817 3302 primum
2846 3235 3108 3298 interest,
3132 3251 3260 3302 pag.
3291 3234 3380 3285 1⁷.

2510 3321 2592 3373 Os
2618 3323 2669 3374 ei
2698 3322 2987 3389 clauditur,
3016 3321 3151 3382 ibid,
3180 3330 3235 3375 et
3259 3321 3501 3391 aperitur
3524 3320 3581 3372 in
3607 3316 3803 3372 eodem
3824 3318 3973 3368 con·

2399 3408 2622 3461 sistorio
2648 3446 2665 3474 ,
2686 3428 2812 3480 pag.
2841 3411 2931 3463 21.

2510 3499 2778 3551 Omnium
2830 3500 3040 3575 primus
3067 3499 3213 3568 juxta
3238 3497 3600 3551 novissimum
3642 3495 3739 3548 SS.
3784 3494 3853 3544 D.
3895 3491 3968 3544 N.

2399 3585 2575 3655 Papae
2604 3586 2892 3640 Decretum
2924 3586 3227 3640 absolvitur
3267 3607 3296 3638 a
3335 3586 3571 3639 Vinculo
3598 3582 3871 3636 Ecclesiae
3908 3577 3969 3636 in

2400 3673 2653 3728 Partibus
2698 3675 3011 3730 infidelium
3050 3675 3330 3729 existentis
3351 3713 3367 3741 ,
3395 3692 3506 3745 quo
3535 3671 3814 3727 tenebatur
3848 3677 3973 3722 ante

2364 3809 2367 3813 ,
2398 3762 2814 3818 Promotionem
2836 3804 2856 3831 ,
2881 3782 3009 3833 pag.
3039 3765 3130 3817 31.

2507 3849 2685 3905 Habet
2722 3852 2779 3903 in
2819 3853 3064 3904 Titulum
3122 3850 3424 3904 Ecclesiam
3464 3850 3563 3903 SS.
3602 3846 3840 3900 Joannis
3864 3881 3880 3910 ,
3915 3851 3974 3897 et

2397 3936 2553 3989 Pauli
2583 3937 2648 3989 ab
2679 3938 2964 3991 Avunculo
2992 3956 3093 3991 suo
3121 3939 3417 3991 restitutam
3442 3974 3457 4002 ,
3480 3955 3610 4006 pag.
3636 3936 3728 3988 2⁹.

2512 4027 2922 4079 Per-iseromata
2962 4028 3100 4080 mira
3144 4036 3257 4080 arte
3298 4025 3571 4080 elaborata
3609 4026 3666 4076 in
3705 4020 3969 4089 Hospitio

2399 4113 2707 4183 Pauperum
2764 4114 3138 4168 Invi-lidorum
3180 4115 3245 4166 ad
3287 4114 3518 4183 Tyberis
3553 4115 3754 4181 Ripam
3802 4109 3976 4178 inspi-

2400 4200 2621 4255 ciuntur
2663 4219 2900 4271 appensa
2940 4202 3007 4254 ad
3046 4203 3315 4255 Parietem
3357 4203 3528 4255 Aul-e
3574 4197 3975 4253 Parat'renario·

2400 4306 2520 4341 rum
2548 4289 2605 4341 in
2636 4289 2910 4356 Quirinali
2943 4291 3151 4342 Palatio
3178 4328 3193 4353 ,
3216 4307 3345 4358 pag.
3375 4290 3466 4341 32.

2513 4379 2781 4430 Contexta
2824 4376 2956 4430 baec
3002 4376 3212 4429 fuerant
3255 4377 3408 4444 jussu
3450 4377 3664 4443 Papae,
3709 4372 3805 4442 qui
3842 4379 3976 4440 post

2403 4464 2891 4517 canonizationem
2934 4465 3027 4517 illa
3070 4465 3220 4516 misit
3242 4463 3555 4515 Bononiam
3577 4501 3596 4527 ,
3636 4471 3697 4514 ut
3734 4462 3804 4512 iis
3840 4474 3972 4512 con-

2398 4554 2722 4607 vestirentur
2762 4548 3029 4621 parietes,
3074 4553 3168 4623 qui
3220 4551 3465 4606 Chorum
3513 4547 3972 4619 Metropolitanae

2396 4641 2679 4705 ambiunt,
2708 4640 2841 4694 ibid.

2508 4731 2599 4784 Ss.
2630 4733 2851 4797 Petrus,
2882 4740 2936 4781 ee
2963 4731 3181 4783 Paulus
3204 4729 3602 4797 Apostolorum
3642 4724 3928 4792 Principes
3953 4760 3970 4788 ,

2398 4827 2523 4871 sunt
2550 4819 2741 4872 Almae
2769 4819 2934 4871 Urbis
2961 4819 3172 4871 Romae
3201 4820 3383 4870 Patres
3407 4854 3422 4882 ,
3461 4825 3515 4869 et
3551 4816 3661 4869 veri
3702 4813 3973 4867 condito-

2394 4923 2480 4960 res
2500 4944 2516 4972 ,
2539 4921 2670 4976 pag.
2697 4905 2826 4959 296.

2509 4997 2752 5049 Octiduo
2776 5013 2964 5049 eornm
2995 4996 3216 5049 Festum
3257 4996 3404 5049 diem
3450 5012 3574 5049 cum
3621 4992 3881 5064 cappella
3916 4998 3973 5042 et

2397 5085 2568 5138 Missa
2588 5085 2896 5138 Pontificali
2921 5087 2976 5136 in
3000 5086 3295 5156 designatis
3316 5084 3576 5152 Ecclesiis
3594 5081 3843 5140 habenda
3861 5080 3970 5132 sol-

2390 5173 2632 5230 lemnius
2662 5173 3117 5245 celebrari-voluit
3141 5173 3468 5229 Benedictus
3487 5173 3642 5228 XlV.
3665 5172 3808 5225 Vide
3832 5171 3972 5224 Con·

2390 5261 2610 5317 stitueio
2632 5300 2645 5314 .
2866 5271 2875 5280 ·
3936 5281 3943 5288 ·

2424 5355 2435 5382 ²
2510 5351 2784 5405 Ecclesiae
2813 5352 2870 5403 in
2900 5351 3051 5414 Urbe
3078 5360 3437 5405 monumento
3466 5352 3652 5424 aliquo
3675 5388 3691 5417 ,
3718 5350 3976 5422 velipso·
