4442 6300
1498 516 1844 584 ocimu.
1912 514 2381 570 sanctonum
2426 515 2587 569 mc,

564 663 807 745 Corpus
862 679 1046 724 suum
1103 659 1309 723 inedia
1330 703 1351 731 ‚
1404 660 1667 734 ciliciis,
1726 660 1959 745 vigiliis
1982 705 2002 732 ‚

441 759 704 840 aliisque
730 760 998 823 dirersis
1024 759 1405 823 cruciatibus
1435 763 1811 823 macerabat.

563 865 694 922 Hac
722 858 785 920 in
815 878 883 922 re
914 878 1102 920 unum
1130 877 1248 938 pro
1278 856 1568 923 omnibus
1597 859 1747 920 mibi
1768 857 2004 922 suffice-

441 976 508 1020 re
537 957 824 1030 ridetur,
854 956 1021 1037 qnod
1056 976 1282 1036 nempe
1311 962 1543 1043 martyr
1569 957 1864 1020 occubuit
1890 1002 1909 1016 .
1942 958 2005 1016 c't

444 1054 805 1118 misericors
846 1055 1140 1139 Dominus
1184 1054 1326 1138 ejus
1369 1056 1773 1120 sanctitatem
1823 1054 2006 1117 mira·

440 1151 603 1217 culis
630 1151 1081 1233 comprobavit.

564 1256 867 1334 martyres
897 1249 1061 1314 enim
1093 1259 1231 1313 sunt
1252 1269 1438 1313 verae
1465 1249 1611 1315 fidei
1629 1250 2008 1333 margaritae

441 1346 611 1413 omui
640 1347 878 1412 honore
897 1345 1090 1430 digni,
1119 1348 1183 1411 et
1215 1347 1536 1413 Ecclesiae
1559 1356 1852 1412 constans
1870 1367 2008 1413 mos

325 1448 336 1453 ’
411 1444 563 1511 ‘fuit
587 1452 652 1507 et
678 1451 817 1514 est,
839 1463 1061 1507 eorum
1089 1442 1579 1509 intercessiones
1611 1446 1921 1511 invocare.

569 1547 860 1607 Ceterum
890 1562 993 1608 me
1022 1543 1325 1608 submitto
1354 1544 1822 1626 sapientissimo
1845 1541 2012 1626 judi-

445 1639 570 1715 cio,
591 1648 657 1704 et
684 1659 985 1723 supremo
1007 1639 1263 1713 oraculo
1292 1647 1790 1707 SANCTITATIS
1819 1648 2008 1708 TUAE.

539 1837 925 1900 anctum„
955 1836 1212 1899 nunu
1253 1840 1600 1901 Vincentini
1622 1838 1927 1914 Archiou·

751 1954 972 2012 scopus
999 1938 1360 2001 modestae
1389 1936 1702 2029 desistens.

567 2131 824 2192 minos
862 2149 897 2193 a
942 2128 1323 2214 stgmartnga
1369 2127 1633 2201 Fidelis,
1679 2130 1838 2195 adeo
1878 2149 2013 2193 om·

442 2223 616 2288 nium
646 2224 942 2290 excelluit
977 2226 1311 2309 splendore
1338 2227 1668 2302 virtutum,
1688 2234 1757 2292 ut
1788 2227 2012 2292 merito

446 2327 867 2387 §Auernus
897 2330 1225 2397 vssSTRA,
1258 2325 1562 2391 solemnis
1590 2326 2015 2390 canonizatio·

446 2421 547 2485 nis
571 2421 630 2484 ei
653 2420 922 2485 honora-s
943 2421 1311 2487 decreverit.
1329 2432 1405 2487 At
1421 2440 1564 2489 oum
1584 2443 1699 2506 per
1718 2422 2016 2487 scelesto·

446 2513 1089 2584 rum'naereticorum
1120 2519 1447 2586 saevitiam
1472 2567 1492 2596 ‚
1533 2523 1733 2587 effuso
1776 2521 2016 2604 sangui·

446 2634 526 2680 ne
550 2660 571 2690 ‚
602 2624 668 2681 et
697 2623 867 2682 tanta
897 2616 1339 2682 miraculorum
1380 2618 1582 2684 omnis
1623 2618 1873 2703 generis
1912 2638 2016 2684 co·

445 2714 546 2797 pia
589 2713 920 2780 illustrarit
963 2715 1304 2781 Ecclesiam
1347 2716 1498 2791 Dei,
1541 2723 1909 2793 Sanctorum
1940 2716 2012 2778 il·

447 2811 577 2877 lum
624 2812 888 2879 Cultum·
915 2814 1307 2898 promereri,
1349 2824 1416 2879 et
1459 2815 1751 2897 gloriosis
1788 2820 2016 2901 Marty-

448 2929 587 2975 rum
618 2909 821 2976 Fastis
842 2910 1117 2976 adscribi
1143 2914 1365 2995 posse,
1392 2912 1658 2981 inficiari
1689 2934 1877 2979 nemo
1908 2934 2041 2979 un·-

451 3029 636 3092 quam
664 3008 920 3092 poterit.

585 3207 854 3272 SIHON
877 3208 1069 3272 arim
1090 3208 1583 3287 Areniopiseopm
1611 3211 1876 3287 Τηαὴοῃ.

1075 3308 1392 3371 Ansium.

572 3502 1033 3564 BEATtssmss
1086 3505 1337 3564 PATER
1364 3526 1386 3561 π
1426 3504 1654 3565 Beatus
1707 3497 1934 3565 Fidelis
1977 3519 2011 3562 a

452 3594 836 3679 Sigmaringa
869 3596 1184 3678 seraphici
1217 3598 1420 3662 Patris
1448 3597 1754 3662 Alumnus
1796 3618 2011 3661 revera

449 3693 725 3779 inclytus
748 3736 769 3766 ‚
797 3694 957 3758 adeo
985 3694 1166 3759 enixe
1203 3694 1458 3761 caelesti
1502 3695 1798 3759 suffultus
1841 3694 2013 3778 adju-

451 3790 617 3856 torio
646 3812 797 3855 suae
827 3791 993 3856 vitae
1019 3781 1360 3873 primordia
1404 3793 1522 3857 sub
1546 3793 1700 3876 jugo
1745 3791 2014 3877 Religio·

449 3887 556 3950 nis
574 3887 903 3952 Altissimo
931 3903 1216 3954 sacrasse
1244 3896 1604 3973 compertus
1636 3902 1756 3963 est,
1790 3902 1858 3957 ut
1883 3913 2014 3956 am-

445 3983 686 4068 pliores
711 3986 777 4047 in
806 3986 947 4050 dics
992 3982 1257 4050 subinde
1290 3987 1353 4050 in
1397 3988 1589 4052 corde
1635 4009 1751 4052 suo
1794 3989 1855 4050 in
1899 3987 2014 4052 bac

448 4090 620 4146 certe
650 4080 1070 4167 lacrymarum
1100 4082 1262 4147 valle
1306 4083 1645 4150 multifarie
1689 4085 2018 4166 disponen-

454 4178 535 4243 do
556 4180 981 4254 ascensiones,
1006 4199 1113 4244 eas
1137 4199 1250 4264 per
1265 4182 1596 4248 universos
1613 4184 2017 4266 progredien-

450 4274 532 4340 do
557 4277 858 4341 virtutum
888 4277 1184 4360 gradum,
1213 4291 1472 4361 quarum
1502 4280 1904 4346 exactissima
1935 4281 2015 4345 dc

452 4394 628 4440 more
657 4374 888 4439 trutina
919 4375 1199 4440 discussa
1229 4386 1328 4442 est
1358 4378 1595 4452 series,
1635 4400 1711 4443 ac
1758 4379 2015 4444 min-tneo

455 4491 606 4537 sane
636 4472 888 4536 decreta
918 4481 1015 4538 est
1046 4474 1481 4549 consensione,
1506 4476 1566 4538 in
1599 4476 1789 4540 finem
1818 4499 2017 4560 usque

453 4567 663 4634 divino
705 4569 888 4652 plane
930 4572 1294 4651 perduxerit
1339 4583 1558 4648 aestu,
1602 4577 2020 4661 ac'martyrio

452 4666 733 4740 demum,
749 4666 1070 4732 indubiam
1103 4668 1385 4752 profecto
1413 4670 2018 4755 intentissimamque

450 4763 562 4827 Dei
600 4770 870 4828 testante
899 4764 1261 4830 charitatem
1284 4810 1305 4838 ‚
1348 4770 1795 4833 consummarit
1818 4807 1842 4842 ,«
1882 4791 2020 4853 pro·

454 4861 707 4943 priiqne
733 4860 1080 4928 obfirmarit
1110 4864 1354 4930 cruoris
1372 4866 1703 4942 effusione3
1732 4867 1847 4943 Qui
1880 4889 2020 4949 pro·-

453 4966 667 5040 pterea
698 4956 978 5024 Fidelem
1025 4980 1095 5025 se
1142 4983 1342 5051 nsque
1372 4962 1451 5026 ad
1479 4974 1742 5028 mortem
1786 4965 2013 5028 nedum

453 5053 743 5129 nomine,
786 5076 1004 5121 rerum
1038 5059 1227 5123 etiam
1270 5061 1547 5126 heroicis
1587 5061 1969 5128 facinoribus
1993 5106 2015 5136 ‚

453 5171 704 5216 omnem
746 5154 960 5236 procul
994 5155 1187 5222 dubio
1231 5166 1487 5223 naturae
1515 5160 1793 5226 ordinem
1836 5179 2012 5226 exce·

457 5249 794 5323 dentibus,
826 5255 1134 5316 communi
1166 5255 1409 5321 calculo
1450 5258 1704 5337 praebet
1751 5277 2020 5339 pronun·

450 5349 768 5422 effandum,
784 5358 974 5432 atque
997 5357 1451 5418 sanonum
1473 5358 1787 5421 VESTRAE
1809 5365 1885 5419 ex'
1910 5363 2019 5421 Pe·

451 5447 531 5511 tri
560 5445 868 5511 cathedra
897 5449 1148 5515 oracula
1176 5452 1510 5534 promenti,
1540 5452 2015 5537 haudquaquam·

641 5574 835 5615 nauso
896 5578 1010 5618 xnv.
1050 5580 1196 5618 ron.
1239 5569 1361 5623 vn.

3406 523 3510 576 100

2113 661 2312 723 errori
2354 660 2622 724 obnoxia
2648 704 2668 729 ‚
2721 661 3159 728 inconcussum
3213 664 3276 728 in
3320 670 3687 730 Sanctorum

2112 778 2438 821 numerum
2470 757 2787 823 referendi
2818 763 3174 844 suppeditat
3204 776 3637 847 argumentum
3662 809 3684 835 .‚

2112 856 2523 938 exposcitque
2563 862 2947 934 Decretum3
2988 862 3160 941 quod
3215 845 3560 933 laetanter,
3619 871 3689 925 nt

2114 952 2210 1018 vel
2242 954 2388 1017 inde
2416 954 2617 1017 trabat
2642 957 3023 1038 praesidium
3051 959 3116 1021 in
3142 958 3256 1023 hac
3286 958 3691 1024 turbulentis·

2115 1052 2269 1115 sima
2299 1050 2672 1116 christianae
2717 1050 3120 1136 Reip'ublicae
3146 1101 3166 1130 ,
3210 1076 3283 1121 ac
3331 1055 3686 1121 tristissima

2117 1148 2372 1230 quidem
2405 1149 2564 1213 facie
2589 1150 3079 1235 circumquaque
3110 1154 3401 1235 squalore
3423 1154 3688 1239 gemitu·

2116 1266 2241 1327 que
2288 1246 2539 1327 perfusa
2565 1289 2586 1319 ‚
2632 1248 2949 1314 catholica
2992 1250 3155 1335 (pro
3198 1250 3380 1335 cujus
3421 1251 3690 1333 puritate

2119 1342 2443 1407 doctrinae
2464 1386 2482 1411 ,
2513 1343 2829 1409 haeretica
2857 1347 3185 1423 obtinente
3212 1348 3390 1411 rabie
3411 1392 3431 1417 ,
3460 1348 3687 1431 imper·

2100 1441 2377 1505 ‘territus
2404 1441 2627 1505 Christi
2663 1444 2915 1509 Athleta
2946 1447 3236 1530 pugnavit
3272 1446 3647 1511 fidelissime
3670 1490 3690 1520 ‚

2119 1534 2663 1620 fidentissimeque
2726 1543 3070 1628 occubuit)
3123 1541 3431 1626 efflagitat
3476 1542 3688 1608 Eccle-

2121 1634 2210 1699 sia
2235 1661 2256 1708 ς
2284 1645 2351 1699 ut
2396 1635 2683 1701 diuturna
2708 1683 2728 1710 ‚
2756 1640 2911 1703 tanti
2954 1640 3252 1725 Martyris
3294 1640 3693 1706 intercessio·

2119 1752 2198 1797 ue
2218 1776 2239 1806 ‚
2269 1733 2686 1799 amaritudine
2717 1735 3004 1820 mitigata
3027 1781 3047 1808 ,
3081 1738 3387 1802 suavitate
3430 1737 3692 1801 levami-

2121 1848 2269 1917 num
2299 1831 2676 1915 quandoque
2702 1832 3057 1918 hujusmodi
3083 1836 3404 1920 proposito
3433 1837 3555 1901 sibi
3582 1841 3690 1900 Pa·

2120 1936 2304 1993 trono
2333 1929 2656 2015 contingat
2685 1931 2972 1997 recreari.

2167 2128 2226 2192 lt
2229 2128 2266 2187 1
2272 2126 2475 2190 com
2489 2128 2582 2190 HS
2620 2131 2846 2223 Carasa
2872 2128 3372 2208 archiepiscopus
3413 2131 3650 2205 Philip·

2627 2229 3174 2303 possis-Animus.

2247 2424 2544 2486 BEATUS
2584 2419 2818 2486 Fidelis
2845 2420 3054 2486 zelum
3078 2425 3299 2486 Sacrae
3340 2425 3687 2505 congrega·

2125 2517 2313 2581 tionis
2341 2517 2778 2602 Propagandae
2808 2517 2981 2582 Fidei
3008 2517 3246 2601 primus
3277 2518 3339 2579 in
3365 2516 3695 2581 Rhoetiam·

2124 2615 2404 2686 invexit,
2435 2636 2506 2679 ac
2534 2615 2789 2697 proprio
2814 2615 3115 2699 sanguine
3140 2614 3503 2680 illustravit.
3533 2622 3691 2678 Tan·

2125 2725 2191 2778 to
2220 2727 2381 2797 ergo·
2400 2712 2628 2787 invicto
2655 2706 2803 2777 Viro
2822 2755 2843 2785 ‚
2885 2712 2993 2794 qui
3021 2721 3362 2799 martyrum
3392 2732 3513 2776 non
3558 2732 3690 2776 mo·

2124 2813 2207 2877 do
2237 2833 2349 2895 pro
2376 2811 2775 2877 confessione
2805 2812 2999 2886 Fidei,
3029 2812 3139 2876 sed
3171 2833 3287 2896 pro
3301 2811 3692 2893 Apostolum,

2125 2930 2253 2992 quo
2283 2907 2663 2991 fungebatur
2687 2910 2947 2973 munel-e
2986 2900 3224 2982 subiit,
3266 2908 3552 2992 publicos
3596 2930 3691 2975 sa·

2125 3024 2268 3070 cros
2285 3004 2635 3069 honores‘in
2654 3004 2930 3069 Ecclesia
2956 3006 3070 3073 Dei
3092 3005 3524 3070 decernendos
3545 3024 3687 3069 cen·

2125 3103 2351 3180 nem-si
2379 3100 2833 3168 SANCTITATI
2863 3109 3033 3171 ‘111AE
3064 3111 3487 3188 opportunum
3516 3103 3692 3169 vide·

2126 3201 2318 3265 bitur.
2884 3231 2891 3240 ·
3428 3233 3431 3238 ⁴
3682 3200 3688 3206 ’

2197 3403 2269 3461 D.
2307 3396 2897 3459 FERDINANDUS
2930 3401 3298 3459 Romanum
3333 3397 3643 3492 Gsicciofi

2309 3498 2799 3572 antiepiscopus
2830 3498 3148 3558 Ravmnao
3178 3497 3488 3558 Arsinoae.

2254 3693 2554 3755 mamm
2583 3696 2647 3753 et
2676 3688 3122 3770 aequissimum
3154 3698 3248 3754 est
3271 3734 3291 3763 ‚
3322 3694 3695 3754 BEATISSt·

2120 3796 2234 3854 ME
2266 3794 2543 3860 PATER,
2564 3787 2988 3869 Apostolicum
3013 3788 3227 3851 Virum
3254 3808 3326 3850 ac
3350 3795 3686 3874 Martyrum

2126 3884 2412 3955 Domini.
2446 3885 2699 3948 beatum
2732 3884 3007 3949 Fidelem
3037 3907 3071 3948 a
3104 3887 3515 3970 δίδωθι-ὅπῃ,
3543 3891 3691 3951 Cae-

2122 3985 2312 4048 litum
2348 3985 2546 4046 Fastis
2575 3984 2993 4046 adnumerari.
3023 3984 3390 4065 Apostolum
3413 3986 3581 4048 einim
3618 3987 3692 4048 il·

2124 4083 2253 4145 lum
2286 4089 2594 4145 testantur
2623 4091 2749 4142 tum
2782 4081 2991 4144 omnia
3015 4125 3035 4153 ‚
3067 4102 3228 4163 quae
3254 4082 3469 4145 Mundi
3504 4096 3687 4156 sunt,

2128 4180 2451 4250 derelicta,
2472 4187 2541 4241 ut
2570 4178 2880 4242 Christum
2912 4188 3308 4260 sequeretur,
3336 4187 3526 4263 atque
3554 4182 3694 4265 ejus

2127 4282 2384 4341 Crucem
2411 4274 2699 4348 tollet-eu
2732 4284 2863 4337 tum
2893 4275 3160 4356 reparati
3194 4275 3688 4344 Christianorum

2128 4394 2342 4440 mores
2363 4418 2383 4445 ,
2411 4373 2657 4438 divinus
2680 4371 2890 4437 cultus
2918 4372 3246 4438 restitutus
3267 4418 3290 4447 ‚
3318 4375 3503 4441 Fides
3541 4397 3687 4459 pro-

2128 4481 2419 4556 pugnata,
2440 4478 2633 4534 ac-tot
2661 4463 3061 4534 Peccatoru'm
3093 4472 3169 4534 ad
3203 4473 3693 4553 poenitentiam,

2128 4578 2218 4633 tot
2248 4567 2724 4632 naereticorum
2753 4568 2830 4632 ad
2850 4568 3179 4632 veritatem
3199 4571 3546 4643 conversio,
3577 4574 3692 4637 ‹lif-

2125 4666 2428 4731 flcillimis
2456 4666 2845 4747 temporibus
2868 4708 2889 4736 ,
2934 4666 3116 4740 zelo,
3158 4666 3458 4732 charitate
3483 4714 3504 4738 ..
3549 4691 3692 4735 con-

2127 4765 2352 4830 stantia
2396 4781 2554 4846 pene
2584 4761 2959 4825 incredibili.
3003 4767 3342 4848 martyrem
3384 4786 3534 4830 vero
3575 4773 3696 4833 Do·

2128 4863 2278 4925 mini
2323 4861 2664 4945 gloriosum
2709 4860 3101 4941 apertissime
3147 4882 3291 4924 eum
3336 4863 3695 4943 praedicant

2124 4981 2238 5043 pro
2281 4959 2449 5023 Fidei
2490 4957 2885 5024 confessione
2926 4976 2998 5020 ac
3041 4952 3406 5025 defensione
3457 4964 3695 5029 effusus

2130 5058 2381 5142 sanguis
2400 5099 2421 5130 ,
2454 5077 2623 5121 mors
2650 5057 3030 5138 asperrima,
3077 5078 3262 5137 quam
3293 5058 3539 5126 heroica
3566 5066 3696 5127 ani-

2126 5156 2213 5219 mi
2257 5152 2726 5239 magnitudine,
2769 5152 2952 5217 hilari
2992 5154 3432 5237 constantique
3471 5159 3644 5223 vultu
3669 5206 3693 5236 ‚

2127 5253 2468 5336 impiorum
2511 5252 2803 5314 manibus
2843 5250 2966 5315 sibi
3008 5249 3246 5315 illatam
3291 5262 3391 5318 est
3430 5274 3692 5337 passus.

2128 5355 2267 5416 Duo
2307 5348 2461 5414 haec
2506 5346 2851 5413 altissimae
2896 5349 3246 5413 sanctitatis
3292 5365 3696 5434 argumenta,

2129 5447 2526 5534 apostolatus
2553 5446 2800 5512 scilicet
2835 5465 2906 5510 ac
2936 5446 3304 5531 martyrium
3336 5449 3417 5512 ad
3445 5453 3697 5518 evIden.

3298 5565 3367 5615 to
