4442 6300
948 483 1019 536 80
1922 482 2136 538 ACTA
2175 482 2839 541 cattomza‘rtoms

766 644 953 711 quam
985 625 1434 708 concupierat,
1463 636 1764 710 oppetere
1821 627 2088 693 mirifice
2144 626 2343 693 laeta·

773 725 979 790 batur.
1007 751 1032 778 ι

904 852 926 874 ι
966 819 1306 885 Crederent
1336 819 1605 885 fortasse
1628 821 1733 903 qui
1765 820 1830 884 in
1859 821 1999 904 ipso
2028 821 2341 886 cruciatus

773 916 1052 983 anhelitu
1085 916 1322 995 laetum
1355 935 1426 980 ac
1456 917 1709 983 felicem
1744 939 1813 983 se
1838 962 1859 990 ,
1889 917 2167 1000 quandiu
2215 926 2343 982 tor-

766 1023 1093 1097 queretur,
1128 1015 1615 1095 praedicantem,
1646 1024 1713 1079 et
1739 1014 2111 1079 christianae
2142 1014 2343 1097 pieta·

766 1111 849 1175 tis
877 1111 1205 1176 veritatem
1239 1113 1499 1177 vocibus
1526 1131 1684 1194 pene
1719 1112 2154 1178 intermortuis
2201 1132 2342 1177 con·

763 1206 1118 1273 firmantem
1149 1209 1520 1281 audiissent,
1539 1209 1940 1274 beatitudinis
1957 1209 2172 1274 laurea
2195 1230 2344 1272 mox

766 1305 1146 1379 donandum,
1167 1307 1246 1371 ad
1267 1315 1588 1371 aeteruum
1605 1307 1717 1371 Dei
1744 1306 2122 1372 immortalis
2144 1306 2342 1371 domi·

765 1402 981 1468 cilium
1013 1425 1201 1470 cursu
1233 1403 1709 1485 expeditissimo
1767 1404 2262 1467 convolaturum.
2303 1432 2328 1459 ι

902 1531 927 1557 ·
966 1507 1043 1565 At
1073 1525 1112 1567 o
1141 1502 1273 1565 veri
1302 1501 1547 1565 nescias
1574 1521 1646 1566 ac
1676 1501 1935 1564 nimium
1965 1502 2046 1567 ab
2074 1508 2335 1566 aeterno

768 1600 882 1665 Dei
912 1599 1182 1665 consilio
1212 1599 1450 1664 alienas
1481 1610 1669 1681 atque
1699 1600 2067 1665 aberrantes
2107 1609 2338 1663 morta-

763 1695 921 1759 lium
957 1697 1276 1762 bominum
1308 1698 1726 1779 cogitationes
1747 1699 1779 1759 ‘t
1808 1704 1963 1761 Dum
2019 1696 2074 1761 is
2133 1696 2333 1762 adbuc

767 1814 1111 1877 suspensus
1142 1796 1408 1859 animam
1441 1807 1695 1879 ageret,
1729 1815 1935 1877 neque
1959 1840 1980 1870 ,
2039 1797 2184 1880 igne
2243 1794 2335 1858 fu·

766 1913 996 1975 moque
1027 1892 1355 1976 subjectis,
1386 1894 1694 1971 potuisset
1727 1912 1999 1974 unquam
2033 1913 2067 1955 a
2097 1901 2331 1956 testan-

765 1991 845 2055 da
876 1991 1228 2072 impensius
1254 1990 1557 2074 religione
1607 1990 1967 2072 prohiberi,
2023 1998 2167 2072 post
2228 1991 2334 2054 tri-

763 2091 955 2151 duum
989 2101 1287 2166 tanquam
1314 2094 1613 2151 dormiens
1644 2095 1957 2151 excitatus
1990 2100 2080 2151 est
2122 2093 2334 2150 Domi-

763 2205 876 2249 nus
903 2209 921 2246 ε
955 2193 1120 2248 misit
1147 2190 1442 2249 Dominus
1470 2190 1762 2264 Angelum
1788 2209 1965 2250 suum
1987 2229 2008 2259 ,
2040 2187 2147 2268 qui
2183 2207 2333 2267 pen-

764 2281 1015 2345 dentem
1047 2282 1128 2346 ab
1160 2282 1336 2346 uncis
1365 2282 1974 2362 protinusliberaret
1998 2329 2019 2358 ,
2051 2285 2328 2348 saucium

761 2385 1053 2450 curaret,
1080 2377 1322 2441 viribus
1350 2378 1586 2443 lassum
1618 2379 1910 2445 reficeret
1930 2424 1950 2452 ,
1984 2387 2169 2462 atque
2212 2387 2331 2444 lta·

758 2471 912 2536 liam
947 2473 1356 2556 repetendam
1389 2483 1712 2540 moneretz
1744 2480 1877 2550 Quo
1900 2475 2167 2559 jubente
2212 2483 2331 2541 lta·

758 2567 910 2635 liam
945 2590 1234 2634 reversus
1267 2579 1387 2635 est.
1427 2600 1450 2626 ·

894 2696 917 2721 .
952 2666 1116 2741 Quid
1144 2667 1309 2729 enim
1346 2667 1508 2733 ultra
1544 2673 1761 2752 ageret
1808 2667 1974 2733 inter
2027 2671 2329 2737 barbaros

758 2762 836 2825 ad
870 2783 1087 2828 necem
1123 2740 1399 2844 undique
1433 2766 1666 2846 petitus
1695 2754 1917 2838 bomo,
1946 2788 2136 2849 quem
2160 2773 2328 2834 Deus

755 2862 1159 2942 omnipotens
1188 2871 1252 2925 et
1283 2864 1660 2927 immortalis
1690 2864 1920 2948 insigni
1950 2865 2015 2927 in
2076 2887 2323 2929 omnem

755 2958 1190 3040 posteritatem
1226 2960 1518 3043 prodigio
1547 2961 1627 3023 ab
1657 2960 1810 3043 ipsis
1855 2962 2073 3026 mortis
2135 2962 2327 3028 fauci-

756 3055 878 3119 bus
908 3055 1267 3137 eripuerat?
1299 3057 1534 3122 ltaliam
1567 3058 1781 3140 itaque
1822 3079 2114 3124 reversus
2173 3067 2272 3125 est
2296 3103 2318 3134 ,

758 3152 900 3236 ipso
931 3156 1186 3237 quidem
1226 3158 1567 3220 Assisinats
1600 3162 1859 3238 parente
1917 3178 2031 3221 suo
2064 3163 2324 3222 sanctis·

757 3251 962 3326 simo,
995 3273 1182 3334 quem
1215 3253 1367 3317 olim
1400 3255 1462 3317 in
1494 3255 1733 3341 Syriam
1764 3256 2157 3337 navigantem
2190 3251 2324 3320 fue·

756 3360 857 3417 rat
889 3351 1165 3414 imitatus
1184 3392 1206 3424 ,
1237 3350 1301 3412 in
1332 3353 1497 3415 omni
1525 3352 2029 3436 peregrinatione
2058 3350 2324 3428 felicior3

757 3466 949 3527 quum
984 3453 1044 3510 et
1077 3446 1360 3530 martyrii
1390 3448 1782 3512 occasionem
1814 3446 2005 3511 fuerit
2055 3457 2278 3513 nactus
2303 3492 2322 3523 ,

757 3552 821 3606 et
852 3543 1035 3607 fortia
1073 3543 1377 3607 meruerit
1408 3562 1519 3625 pro
1549 3542 1799 3606 Christo
1831 3543 2073 3626 perpeti
2122 3566 2324 3628 usque

755 3641 834 3705 ad
867 3648 1128 3704 mortem
1154 3683 1174 3712 ,
1206 3662 1241 3704 a
1274 3661 1395 3723 qua
1426 3641 1557 3703 sola
1585 3641 1781 3722 ipsius
1816 3642 1921 3705 Dei
1956 3641 2324 3708 liberatoris

755 3758 942 3799 manu
976 3745 1287 3800 servatum
1333 3736 1661 3813 viderant3
1709 3748 1897 3818 atque
1956 3741 2320 3804 Antistitem

756 3855 1072 3918 graecum,
1101 3833 1207 3915 qui
1236 3834 1317 3897 ob
1351 3833 1662 3917 abjectam
1696 3834 2062 3917 religionem
2094 3838 2322 3900 summi

757 3932 998 3995 ordinis
1033 3929 1490 4014 praefecturam
1520 3932 1681 4013 apud
1711 3939 1943 3997 Turcas
1971 3943 2317 4016 acceperat,

757 4028 835 4089 ad
869 4027 1191 4093 meliorem
1226 4039 1499 4094 mentem
1531 4039 1891 4094 revocatum
1924 4050 2139 4097 secum
2188 4040 2323 4096 tan-

756 4144 942 4207 quam
977 4125 1186 4207 opima
1219 4125 1418 4206 spolia
1452 4126 1881 4207 reportaverit.
1922 4155 1946 4181 ο

889 4253 911 4275 ·
949 4221 1457 4286 Praeclarissima
1486 4220 1639 4285 baec
1671 4220 1930 4303 quidem
1960 4230 2106 4288 sunt
2128 4268 2149 4298 ,
2203 4227 2314 4289 sed

753 4320 989 4404 majora
1023 4319 1210 4382 etiam
1240 4318 1363 4383 alia
1396 4318 1597 4381 virum
1626 4319 2202 4384 constantissimum
2255 4322 2320 4383 in

751 4424 1077 4502 posterum
1113 4424 1364 4498 tempus
1395 4435 1646 4480 manere
1688 4416 1827 4497 quis
1885 4417 2321 4482 dubitaverit?

753 4514 1042 4596 Nunquid
1078 4515 1311 4579 etenim
1344 4513 1556 4579 eximii
1601 4512 1895 4578 beneficii
1958 4512 2100 4580 loco
2156 4521 2321 4580 Dens

749 4610 1245 4677 liberalissimus
1275 4610 1548 4674 emerito
1576 4610 1797 4674 victori
1829 4611 2102 4675 lauream
2149 4612 2210 4673 in
2269 4613 2318 4673 i-

750 4728 869 4793 pso
902 4718 1195 4789 apparatu
1226 4706 1520 4789 triumphi
1551 4707 1852 4789 eriperet,
1873 4706 1991 4771 nisi
2025 4707 2101 4770 ad
2128 4707 2313 4772 aliam

750 4806 1165 4871 certaminum
1200 4803 1461 4889 gloriam
1496 4804 1583 4868 ita
1616 4812 1971 4876 servasset,
2001 4812 2071 4867 ut
2113 4805 2173 4868 ei
2207 4825 2317 4868 no·

746 4904 842 4968 vis
884 4901 1110 4984 spoliis
1164 4900 1411 4966 auctior
1466 4908 1656 4982 atque
1712 4897 2025 4965 illustrior
2084 4922 2314 4983 pompa

744 5000 1173 5083 splendidiori,
1203 5018 1363 5080 quae
1393 4999 1789 5079 praeteritam
1820 4999 2176 5063 tarditatem
2199 4985 2316 5062 im·

745 5098 950 5182 pleret
975 5139 995 5169 ,
1026 5094 1378 5176 triumphus
1404 5096 1800 5177 postmodum
1834 5096 2259 5159 adornaretur.
2285 5126 2308 5151 ι.

882 5222 905 5250 ι
946 5191 1263 5258 intellexit
1294 5189 1577 5272 profecto
1606 5190 1790 5274 longa
1825 5211 2030 5253 rerum
2078 5193 2315 5256 divina·

2452 627 2653 693 aliena
2674 673 2695 702 ,
2724 628 3061 694 fruiturum
3091 671 3112 701 ,
3141 649 3281 697 eam
3310 629 3391 697 de
3450 651 3520 695 se
3580 634 4012 700 sustinendam

2452 725 2802 807 suscepisse
2832 725 3372 807 exspectationem
3393 768 3416 799 ,
3448 747 3609 807 quae
3642 729 3897 795 omnino
3915 731 4021 793 de-

2452 822 2638 885 cebat
2668 830 3046 906 martyrem3
3075 820 3293 905 (nemo
3313 821 3457 904 jure
3488 835 3859 889 succenseat
3876 847 4015 892 cre·

2453 917 2574 989 do,
2603 919 2655 982 si
2687 918 2848 983 bunc
2869 919 3049 1002 juxta
3075 929 3356 983 veterem
3418 929 3667 1003 patrum
3727 943 3969 987 morem
3996 966 4019 996 ,

2452 1023 2775 1098 statosque
2804 1017 2972 1081 ritus
2992 1060 3012 1089 ,
3044 1017 3267 1080 saltem
3299 1017 3439 1083 heic
3465 1019 3631 1083 inter
3668 1020 3971 1085 orandum
3997 1064 4020 1094 ,

2453 1123 2792 1198 martyrem
2827 1114 3294 1199 nominemus):
3326 1116 3641 1180 Intellexit
3666 1160 3686 1189 ,
3718 1117 3972 1199 inquam
4000 1159 4022 1191 ,

2446 1209 2634 1292 plane
2652 1255 2673 1285 ,
2705 1231 2890 1293 quam
2919 1212 3176 1277 virtutis
3202 1211 3410 1277 lucem
3434 1222 3604 1278 esset
3634 1214 3885 1297 populis
3908 1235 4016 1279 ex·

2448 1308 2768 1373 bibiturus
2790 1354 2811 1383 ,
2842 1308 3066 1393 dignus
3095 1309 3345 1374 babitus
3372 1310 3523 1375 olim
3545 1312 3651 1393 qui
3685 1332 3865 1376 suum
3896 1333 4018 1393 pro

2447 1405 2692 1468 Christo
2721 1407 3085 1490 sanguinem
3110 1428 3271 1489 pene
3303 1428 3553 1473 omnem
3577 1408 4013 1492 profunderet,

2448 1521 2521 1566 ac
2553 1503 2707 1566 nibil
2741 1504 2862 1567 sibi
2900 1525 3044 1569 esse
3076 1505 3137 1567 in
3168 1514 3489 1587 posterum
3526 1507 3641 1571 nisi
3678 1508 3756 1571 de
3815 1506 4017 1573 salute

2441 1599 2761 1663 hominum
2793 1601 3224 1685 cogitandum:
3258 1623 3447 1684 quam
3482 1603 3561 1668 de
3588 1624 3657 1668 se
3708 1603 4004 1687 injectam

2445 1698 2742 1764 omnibus
2770 1700 3312 1781 exspectationem
3345 1720 3465 1763 non
3513 1701 3768 1785 egregie
3827 1704 4014 1767 susti-

2442 1796 2576 1858 nuit
2609 1795 2838 1869 modo,
2865 1815 3085 1861 verum
3119 1798 3310 1863 etiam
3352 1798 3850 1865 cumulatissime
3909 1821 4012 1865 su·

2446 1893 2707 1976 peravit.
2750 1919 2774 1945 ο

2578 2017 2603 2043 ·
2640 1989 2792 2052 Hinc
2822 1989 3093 2056 vidisses
3120 1990 3446 2057 interritae
3504 1994 3892 2058 constantiae
3923 1996 4010 2057 vi·

2444 2104 2584 2149 rum
2612 2085 3164 2170 religiosissimum
3189 2132 3212 2163 ,
3259 2088 3336 2153 ad
3370 2109 3518 2154 suos
3570 2089 3701 2172 jam
3763 2109 4007 2174 regres-

2442 2202 2578 2247 sum
2602 2225 2623 2254 ,
2651 2182 2890 2246 nullam
2926 2184 3052 2247 sibi
3083 2204 3118 2248 a
3148 2204 3408 2267 prorsus
3454 2185 3764 2269 impervio
3822 2206 4008 2250 nova·

2441 2298 2579 2342 rum
2626 2280 2925 2343 virtutum
2985 2302 3174 2346 cursu
3233 2283 3520 2365 accipere
3572 2285 4004 2359 vacationem,

2438 2374 2677 2438 nullum
2710 2376 2902 2449 divini
2936 2377 3114 2439 verbi
3145 2378 3587 2443 disseminandi
3616 2378 3797 2445 finem
3832 2380 4003 2444 inve-

2438 2472 2576 2536 nire
2596 2514 2617 2546 ,
2651 2473 3025 2554 praesertim
3056 2474 3167 2537 ubi
3188 2474 3250 2535 in
3280 2481 3543 2553 plurima
3565 2476 3817 2558 quidem
3845 2497 3995 2541 mss-

2440 2589 2501 2633 σο
2533 2576 2796 2647 operarii
2819 2579 3034 2634 essent
3055 2578 3253 2649 pauci
3272 2615 3292 2644 ,
3325 2594 3438 2653 per
3466 2573 3640 2637 vicos
3667 2573 3962 2637 nimirum
3986 2618 4008 2648 ,

2436 2687 2551 2749 per
2575 2687 2759 2751 agros
2781 2713 2802 2742 ,
2834 2687 2948 2749 per
2976 2668 3273 2742 castella,
3305 2677 3369 2733 et
3399 2679 3661 2752 quater.
3693 2679 3760 2732 et
3820 2673 4000 2754 quin·

2437 2764 2619 2847 quies
2642 2807 2662 2836 ,
2694 2775 2759 2829 et
2793 2766 3000 2830 sexies
3023 2808 3043 2837 ,
3095 2776 3157 2832 et
3214 2766 3561 2832 duodecies
3621 2770 3998 2851 quandoque

2439 2862 2503 2924 in
2531 2863 2677 2934 die,
2710 2862 2976 2927 diversis
3004 2863 3066 2925 in
3109 2864 3302 2937 locis,
3359 2864 3628 2947 populos
3685 2868 3999 2931 concioni-

2435 2961 2555 3024 bus
2584 2960 2666 3022 ab
2693 2960 2863 3023 vitiis
2892 2969 3295 3025 revocantem
3319 3005 3339 3033 ,
3362 2963 3439 3025 ad
3473 2962 3736 3027 virtutes
3767 2964 4008 3028 inflam-

2435 3064 2706 3122 mantem
2734 3102 2752 3127 ,
2788 3057 2955 3122 nulla
2987 3058 3086 3122 vel
3122 3060 3289 3124 aeris
3314 3058 3697 3142 intemperie
3721 3104 3741 3134 ,
3771 3061 3869 3125 vel
3895 3061 4006 3123 im·

2437 3156 2643 3218 brium
2678 3156 3041 3239 niviumque
3075 3156 3288 3238 copia,
3345 3176 3469 3222 non
3529 3157 3815 3223 locorum
3877 3158 4002 3223 via-

2436 3268 2705 3335 rumque
2736 3253 3221 3336 asperitatibus,
3250 3272 3372 3318 non
3428 3253 3765 3318 debilitate
3821 3262 4000 3319 natu·

2434 3368 2543 3413 rae
2565 3394 2583 3422 ,
2614 3368 2737 3413 non
2767 3350 3025 3414 adversa
3057 3349 3413 3416 valetudine
3436 3394 3457 3424 ,
3486 3352 3651 3416 inter
3678 3359 4000 3417 contume-

2433 3445 2553 3509 lias
2580 3447 2895 3510 interdum
2927 3466 2999 3510 ac
3029 3448 3330 3517 verbera,
3360 3448 3815 3528 praepeditum.
3842 3475 3866 3501 ο

2570 3572 2594 3599 ·
2629 3543 3047 3625 Adspexisses
3073 3544 3409 3609 docentem
3438 3564 3708 3625 pueros,
3768 3554 3832 3610 et
3895 3564 4000 3607 ru·

2433 3641 2624 3704 sticos
2655 3641 2731 3704 ad
2765 3642 3063 3724 pietatem
3094 3642 3530 3706 instituentem
3561 3685 3583 3716 ,
3613 3649 3678 3707 et
3716 3642 3994 3723 undique

2434 3739 2808 3802 inveteratas
2837 3736 3208 3802 familiarum
3262 3738 3612 3803 simultates
3663 3759 3998 3821 compone·

2434 3854 2545 3907 re,
2574 3832 2949 3916 populorum
2981 3835 3410 3899 contentiones
3440 3855 3850 3915 compescere
3875 3878 3895 3909 ,
3930 3846 3998 3899 et

2431 3931 2598 3994 inter
2628 3938 2904 3993 armatos
2933 3949 3048 4010 pro
3077 3930 3279 3994 aliena
3311 3929 3513 3995 salute
3543 3950 3842 4011 proruere
3867 3974 3888 4002 ,
3918 3951 3992 3997 ac

2433 4047 2627 4111 quum
2659 4027 2739 4090 iis
2767 4025 3097 4091 laboribus
3143 4026 3382 4091 fructus
3439 4028 3804 4093 uberrimus
3860 4048 3993 4091 res-

2434 4125 2771 4208 ponderet,
2803 4143 2927 4188 non
2956 4125 3034 4189 ad
3066 4125 3373 4189 sanandos
3405 4125 3843 4189 tantummodo
3867 4126 3995 4188 ani-

2430 4242 2568 4286 mos
2598 4221 2967 4287 incumbere
2993 4265 3014 4294 ,
3044 4243 3262 4285 verum
3294 4222 3440 4284 binc
3478 4222 3738 4286 abluere
3797 4221 3993 4302 pedes

2428 4318 2981 4403 peregrinantium,
3011 4337 3276 4402 purgare
3305 4331 3541 4391 vestes,
3561 4318 3827 4398 capillos
3855 4328 3990 4384 ton·

2431 4415 2581 4478 dere
2605 4457 2625 4486 ,
2657 4414 2797 4476 binc
2831 4412 3063 4484 solari,
3095 4423 3160 4479 et
3187 4414 3458 4479 collecto
3487 4414 3763 4478 ostiatim
3791 4414 3992 4487 victu,

2429 4522 2690 4594 egentes
2709 4510 2903 4582 alere,
2933 4510 3195 4575 reficere
3216 4519 3639 4594 aegrotantes,
3658 4519 3874 4591 aptare
3902 4507 3993 4575 le·

2431 4614 2567 4672 ctos
2588 4651 2609 4681 ,
2676 4607 2889 4672 tabida
2951 4604 3159 4671 ulcera
3226 4606 3480 4674 libando
3533 4626 3752 4672 curare
3775 4648 3797 4678 ,
3852 4605 3997 4671 binc

2427 4714 2727 4789 perpetua
2773 4723 2935 4787 pene
2979 4704 3216 4787 ubique
3275 4703 3555 4768 locorum
3615 4700 3993 4784 pauperibus

2428 4803 2708 4868 subsidia
2739 4802 3123 4867 constituere
3145 4845 3166 4875 ,
3201 4802 3431 4883 templa
3462 4820 3499 4864 a
3556 4798 3982 4863 fundamentis

2428 4911 2757 4965 exstruere
2779 4943 2799 4972 ,
2832 4900 3181 4963 instaurare
3203 4942 3224 4971 ,
3253 4918 3480 4963 ornare
3510 4896 3843 4961 decentius
3865 4939 3887 4971 ,
3928 4916 3992 4962 a·

2428 4998 2635 5081 lisque
2680 4997 2991 5080 permulta
3048 4996 3281 5059 eximia
3340 4995 3594 5077 quidem
3656 4992 3867 5057 omnia
3924 4992 3990 5054 in

2425 5095 2594 5160 omni
2623 5094 2747 5158 vita
2776 5114 2994 5178 agere,
3024 5091 3331 5174 perficere
3359 5134 3379 5163 ,
3426 5089 3718 5154 meditari
3746 5133 3765 5161 ,
3828 5107 3987 5170 quae

2419 5212 2629 5275 neque
2659 5192 2802 5256 heic
2835 5191 3148 5256 recenseri
3179 5190 3510 5253 notissima
3562 5205 3821 5253 necesse
3882 5204 3980 5248 es·

746 5311 888 5356 rum
921 5289 1459 5372 contemplatione
1487 5291 1584 5352 vir
1610 5287 1805 5353 caelis
1827 5331 1847 5362 ,
1878 5309 2061 5369 quam
2125 5293 2315 5354 terris
2424 5297 2560 5360 set,
2590 5309 2796 5371 neque
2828 5288 2949 5352 boc
2986 5288 3362 5368 praestituto
3421 5284 3718 5368 loquendi
3777 5279 3991 5367 spacio

743 5388 1171 5474 conjunctior,
1204 5407 1273 5452 se
1303 5385 1546 5468 reliqua
1573 5386 1741 5451 vitae
1769 5405 1980 5460 usura,
2006 5392 2305 5469 tanquam
2421 5386 2574 5452 satis
2603 5386 2889 5469 apposite
2921 5386 3533 5450 commendarentur.
3574 5412 3595 5436 ·
