4442 6300
971 485 1085 542 27⁸

788 629 1119 711 praebuit,

1956 488 2055 546 A(
2057 492 2162 547 ΤΑ
2201 490 2491 549 cauom
2500 495 2857 555 zenonis

1170 639 1233 695 et
1280 639 1550 698 Puerum
1581 633 1786 717 ipsum
1829 640 2046 701 Iesum
2094 637 2158 700 in
2210 638 2350 722 ejus
2461 647 2535 703 ut
2562 639 2930 707 catharinae
2954 639 3221 713 eadem,
3249 660 3369 722 qua
3393 636 3714 724 ffltippus
3740 648 3809 706 et
3833 641 4020 706 Baria

786 723 921 786 sinu
944 728 1377 793 amantissime
1398 729 1752 803 collocavit,
1774 740 1967 814 atque
1992 732 2350 813 eademmpt
2460 737 2829 821 Magdalena
2852 738 3236 809 recoluntur,
3265 737 3580 803 veneratio
3596 758 3711 821 per
3729 743 4023 803 SANcss-

786 822 1049 904 Deipara
1082 829 1388 907 pronuba,
1420 829 1562 893 data
1591 828 1869 903 dextera,
1900 830 2175 912 pretioso
2205 853 2346 897 cae·

790 915 1059 1004 lestique
1077 925 1311 990 annulo
1340 926 1456 992 fuit
1481 927 1878 1009 desponsata.
1903 933 2070 995 Haec
2091 938 2155 993 et
2186 930 2349 993 mul-

783 1019 850 1080 to
875 1015 1054 1100 plura
1097 1020 1420 1088 charitatis
1460 1031 1820 1106 argumenta
1861 1025 2027 1088 inter
2052 1024 2348 1106 plauden-

754 1122 881 1179 tes
909 1116 1291 1200 Angelorum
1337 1120 1571 1186 choros
1599 1122 1661 1184 in
1692 1121 2038 1187 caelestem
2078 1124 2344 1190 Patriam

782 1209 1100 1280 immenso
1128 1227 1416 1301 suscepta
1443 1216 1564 1283 fuit
1591 1239 1730 1285 cum
1761 1219 1987 1303 gaudio
2007 1262 2030 1293 ‚
2071 1228 2135 1284 et
2166 1241 2349 1287 coro·

776 1322 926 1373 nam
975 1313 1218 1395 accepit
1245 1357 1267 1387 ,
1322 1335 1510 1397 quam
1556 1314 1851 1381 caelestis
1896 1322 2169 1399 Sponsus
2224 1317 2347 1382 sibi

2460 841 2724 899 ΤΑΤΕΜ
2754 842 2965 901 TUAM
2995 836 3383 900 decernatur.

2495 1029 2869 1094 JOANNES
2900 1032 3334 1095 ANTONIUS
3347 1035 3620 1117 ‚castelli
3648 1035 3983 1108 Episcopus

3030 1133 3440 1193 Gatharoasis.
3451 1186 3470 1215 ἱ

2585 1324 2670 1383 Ει
2691 1318 2815 1384 vita
2844 1325 2915 1384 B.
2948 1314 3316 1384 catharinae
3338 1318 3420 1384 de
3460 1318 3690 1384 Ricciis
3719 1327 3785 1383 et
3815 1338 3917 1384 res
3935 1288 4021 1383 'ab

777 1417 1276 1489 praeparaverat.
1319 1413 1588 1496 virginis
1634 1413 1830 1497 igitur
1855 1458 1876 1486 ,
1920 1434 2082 1498 quae
2127 1435 2241 1479 nos
2281 1415 2348 1479 iu
2456 1436 2530 1481 ea
2579 1424 2791 1482 sancte
2830 1416 3274 1500 praeclareque
3316 1423 3528 1500 gestae
3572 1417 3638 1480 id
3685 1417 3936 1481 tandem
3987 1434 4022 1480 a

779 1502 1016 1570 virtute
1034 1510 1401 1590 praecessit,
1424 1509 1759 1590 diligenter
1777 1531 2113 1595 sequamur
2130 1532 2348 1577 exem-

778 1599 884 1682 pla
905 1642 930 1677 ,
963 1612 1028 1668 et
1056 1606 1276 1672 sedula
1304 1607 1633 1674 devotione
1661 1608 1943 1675 colamus
1970 1609 2036 1671 iu
2065 1608 2228 1674 Aris.

936 1794 1314 1865 JQANNES
1348 1801 1845 1869 FRANGISGUS
1880 1807 2189 1868 cavemus·

1212 1902 1551 1979 Episcopus
1573 1903 1904 1965 Aleti-inea.

910 2088 1155 2173 Insigne
1196 2090 1585 2158 heroicarum
1627 2092 1924 2157 virtutum
1957 2114 2028 2160 ac
2058 2112 2342 2177 praeser-

774 2179 886 2245 tim
942 2188 1245 2254 maximae
1306 2210 1459 2274 erga
1513 2190 1993 2275 Redemptorem
2054 2199 2338 2257 nostrum

774 2277 1099 2349 charitatis
1123 2331 1144 2357 ,
1173 2287 1407 2369 quibus
1437 2286 1661 2352 enituit
1687 2289 1871 2352 beata
1900 2287 2228 2353 catharina
2258 2288 2340 2352 de

774 2377 1002 2445 Ricciis
1023 2424 1044 2455 ,
1090 2382 1384 2448 exhibent
1412 2384 1837 2449 testimonium
1867 2405 2038 2449 sacra
2070 2383 2338 2467 Stigma-

772 2480 835 2538 ta
873 2476 1015 2561 ejus
1057 2481 1302 2560 corpori
1347 2480 1473 2543 alte
1515 2480 1945 2564 profundeque
1988 2480 2337 2564 insculpta,

768 2583 960 2657 atque
992 2577 1386 2641 acerbissimi
1419 2579 1780 2644 Dominicae
1810 2579 2119 2643 Passionis
2160 2579 2338 2644 dolo-

769 2690 874 2734 res
903 2671 1169 2756 singulis
1212 2674 1620 2739 hebdomadis
1649 2696 1764 2758 per
1804 2674 2054 2759 longum
2098 2676 2333 2742 duode-

772 2767 895 2831 cim
930 2788 1230 2834 annorum
1260 2793 1515 2836 cursum
1545 2772 1843 2837 renovati.
1870 2772 2045 2846 Quod
2075 2773 2330 2855 quidem

767 2863 961 2928 divini
991 2869 1227 2932 amoris
1258 2879 1693 2951 argumentum
1726 2870 1790 2931 in
1826 2890 1999 2933 suam
2030 2877 2331 2953 Sponsam

767 2978 1134 3042 expressum
1160 2971 1250 3029 tot
1269 2964 1537 3030 subinde
1566 2964 1882 3029 miraculis
1913 2968 2144 3031 meruit
2168 2988 2337 3035 com·

769 3059 1065 3140 probari,
1111 3069 1181 3125 ut
1224 3062 1305 3126 iis
1346 3062 1427 3124 de
1468 3082 1643 3127 more
1675 3083 1709 3127 a
1737 3064 2073 3128 Sanctitate
2115 3071 2338 3129 Vestra

772 3157 1071 3223 admissis
1090 3201 1112 3231 ,
1141 3160 1204 3224 id
1234 3180 1424 3223 unum
1457 3180 1787 3243 superesse
1816 3161 2136 3236 videatur,
2168 3166 2335 3248 quod

773 3253 1139 3338 dignissima
1171 3257 1359 3339 Virgo
1389 3257 1558 3321 inter
1583 3257 1858 3323 caelites
1881 3258 2103 3324 referri
2132 3263 2337 3325 omni·

773 3371 856 3413 no
899 3354 1173 3426 debeat,
1221 3355 1403 3419 sicuti
1450 3364 1517 3419 et
1554 3355 1688 3437 ipse
1729 3376 1960 3421 censeo
2003 3378 2339 3442 supremo,

2457 1519 2977 1588 BEATlTUDINE
3011 1519 3308 1579 VESTRA
3332 1513 3678 1596 postulant,
3706 1524 3778 1578 ut
3804 1514 3867 1577 in
3890 1531 4023 1577 san·

2457 1619 2692 1676 ctarum
2746 1612 3067 1697 virginum
3112 1631 3446 1677 numerum
3495 1610 3830 1677 referatur.
3883 1617 4038 1681 Elea

2453 1708 2576 1772 nim
2598 1709 2729 1793 jam
2771 1728 2972 1792 usque
3011 1709 3089 1775 ad
3133 1710 3391 1774 ineunte
3435 1708 3699 1774 infantia
3742 1702 4016 1776 castissi-

2454 1804 2574 1870 mis
2599 1806 3152 1891 integerrimisque
3193 1806 3481 1870 moribus
3508 1806 3672 1882 fuit3
3717 1806 4011 1872 obedien·

2452 1904 2599 1968 tiam
2620 1948 2641 1977 ‚
2675 1911 3138 1989 paupertatem,
3167 1903 3583 1970 humilitatem
3620 1905 3892 1969 maxime
3921 1924 4024 1968 co·-

2454 2001 2574 2066 luit
2624 2008 3138 2084 consequutaque
3184 2009 3285 2066 est
3312 2047 3333 2073 ‚
3377 2006 3448 2066 ut
3492 2011 3556 2067 et
3612 2000 4020 2086 stigmatibus

2451 2096 2672 2162 christi
2704 2097 3048 2163 servatoris
3072 2097 3253 2164 cruci
3280 2097 3442 2161 affixi
3469 2098 3788 2184 insignita,
3822 2105 3885 2162 et
3914 2096 4023 2165 do·

2450 2193 2544 2257 nis
2585 2202 2810 2266 aucta,
2866 2201 2932 2258 et
2981 2192 3291 2278 prodigiis
3340 2192 3507 2258 clara
3565 2216 3649 2260 ex
3700 2193 4013 2260 aeffimnis

2450 2287 2706 2374 huiusce
2746 2290 2958 2356 nundi
2988 2290 3064 2355 ad
3105 2296 3432 2355 Beatorum
3476 2293 3747 2374 patriam
3791 2291 4016 2374 migra-

2451 2398 2570 2452 ret.
2626 2389 3047 2461 Quamobrem
3103 2389 3276 2475 voti*
3320 2386 3644 2454 Ecclesiae
3691 2389 4017 2452 universae

2449 2502 2589 2547 mea
2618 2503 2873 2566 quoque
2901 2485 3177 2569 adjungo
3198 2526 3218 2557 ‚
3248 2491 3437 2565 atque
3469 2503 3503 2547 a
3534 2488 4015 2550 SANCTITATE

2449 2586 2753 2644 VESTRA
2809 2579 3157 2645 humillime
3214 2580 3462 2662 postulo
3493 2623 3513 2652 ‚
3562 2589 3633 2644 ut
3695 2581 3774 2646 οἱ.
3817 2581 4021 2646 cultus

2447 2677 2821 2743 exhibeatur
2850 2678 2906 2742 is
2934 2722 2956 2752 ,
3000 2677 3105 2761 qui
3136 2679 3366 2742 ceteris
3394 2677 3625 2744 sanctis
3659 2678 4018 2763 virginibus

2449 2775 2680 2840 merito
2707 2774 3058 2840 exhibetur.

2486 2970 2891 3035 meones
2919 2971 3166 3033 mnu
3198 2975 3603 3050 catcaqniaus
3632 2976 3975 3050 Episcopus

2938 3070 3219 3133 civitatis
3263 3072 3535 3133 Dicentis.

2578 3260 2795 3326 Electa
2823 3260 3048 3327 christi
3072 3268 3302 3346 Sponsa
3333 3267 3402 3326 B.
3425 3262 3751 3328 catharina
3776 3263 3857 3329 de
3873 3260 4013 3326 Ric-

2451 3357 2563 3423 ciis
2592 3358 2813 3444 inclyti
2860 3359 3106 3424 Ordinis
3134 3365 3196 3422 S.
3224 3360 3534 3423 Dominici
3565 3359 3773 3425 lilium
3798 3406 3820 3436 ,
3863 3357 4015 3423 alte-²

778 3453 1276 3514 SANcTtTATlS
1306 3457 1693 3526 VESTRAE,
1724 3452 1973 3518 'udicio
2001 3474 2101 3519 me
2130 3454 2336 3538 ipsum
2448 3453 2579 3518 rius
2606 3454 2967 3519 Catharinae
3000 3455 3289 3519 Senensis
3315 3455 3562 3530 aemula
3589 3458 3852 3521 arduum
3880 3472 4015 3537 per·

774 3545 1128 3611 humillime
1155 3549 1552 3612 submittens.

2449 3550 2740 3617 fectionis
2769 3552 2894 3613 iter
2913 3594 2934 3624 ,
2978 3551 3149 3634 quod
3176 3573 3214 3617 a
3241 3552 3481 3617 teneris
3509 3553 3686 3617 annis
3713 3549 4015 3633 arripuit,

2291 3685 2306 3708 ι.
2425 3643 2579 3712 'Deo
2606 3656 2832 3730 postea
2859 3655 3223 3714 consecrata
3252 3656 3426 3713 tanta
3454 3649 3645 3712 animi
3674 3646 4014 3738 contentio-

836 3779 849 3792 ·
905 3744 1311 3808 Nlcouos
1342 3749 1507 3825 ciem
1549 3746 1894 3823 Episcopus
1922 3745 2208 3810 Soranus.

904 3942 1352 4020 Quaecumque
1391 3937 1471 4001 de
1500 3938 1689 4002 beata
1727 3936 2051 4003 catharina
2090 3938 2173 4004 de
2203 3939 2342 4007 Ric-

776 4032 892 4099 ciis
918 4036 1318 4117 comprobata
1353 4033 1710 4099 referuntur
1733 4079 1754 4109 ,
1798 4056 1873 4100 ea
1903 4036 2344 4103 manifestissi-

779 4151 885 4197 me
912 4132 1269 4207 ostendunt,
1297 4134 1547 4199 beatam
1576 4133 1961 4198 ‘catharinam
1994 4154 2117 4199 non
2136 4134 2339 4199 solum

782 4229 847 4291 in
868 4230 1053 4294 terris
1082 4230 1421 4315 angelicam
1445 4230 1649 4314 egisse
1667 4231 1887 4306 vitam,
1902 4251 2121 4297 verum
2145 4233 2339 4300 etiam

782 4327 1164 4409 sempiterna
1209 4329 1272 4391 in
1319 4327 1527 4393 Caelia
1574 4328 1963 4393 heatitudine
2013 4330 2286 4412 gaudere
2314 4374 2336 4406 ,

782 4426 1178 4487 Innocentiae
1206 4423 1480 4498 candor,
1510 4424 1862 4507 frequentia
1888 4445 2030 4490 enm
2062 4426 2340 4509 Angelis,

784 4539 929 4583 cum
960 4521 1146 4584 beata
1173 4521 1428 4604 Virgine
1456 4522 1646 4586 Maria
1668 4565 1688 4595 ,
1718 4542 1859 4585 cum
1893 4528 2043 4586 Iesu
2073 4522 2340 4598 Christo,

781 4618 886 4700 qui
932 4616 1056 4681 sihi
1086 4637 1224 4682 eam
1265 4623 1567 4700 Sponsam
1610 4618 1938 4702 elegerat,
1981 4620 2338 4703 colloquia,

782 4713 1053 4778 eximiae
1093 4715 1357 4780 virtutes
1381 4759 1400 4788 ‚
1446 4736 1546 4779 res
1587 4716 1925 4798 praeclare-
1948 4725 2203 4803 gestae‚
2246 4727 2340 4784 tot

783 4811 1084 4880 miracula
1127 4811 1486 4877 testimonia
1538 4814 1828 4895 equidem
1880 4824 2026 4879 sunt
2064 4815 2342 4897 locuple·

783 4910 1030 4982 tissima
1060 4954 1077 4972 .
1122 4909 1242 4973 Sed
1288 4909 1619 4974 auctoritas
1662 4912 1796 4994 ipsa
1840 4913 2035 4978 sancti
2077 4912 2337 4998 Philippi

2445 3762 2528 3808 ne
2548 3751 2933 3827 prosequuta
2963 3751 3084 3819 est,
3113 3754 3184 3810 ut
3214 3743 3511 3809 virtutum
3531 3746 3806 3809 omnium
3838 3760 4017 3807 exer-

2446 3841 2622 3913 citio,
2652 3848 2717 3906 et
2745 3840 3000 3924 quidem
3031 3840 3095 3903 in
3125 3843 3319 3925 gradu
3348 3841 3609 3910 heroico
3635 3841 4010 3908 monialibus

2448 3937 2679 4002 ceteris
2698 3937 3102 4021 praeluxerit.
3126 3939 3393 4003 Maxima
3419 3937 3595 4004 illius
3614 3940 3674 4002 iu
3696 3953 4013 4022 pauperes

2449 4036 2805 4103 liberalitas
2826 4081 2847 4111 ,
2871 4036 3195 4101 humilitas
3219 4036 3524 4120 profunda
3549 4080 3571 4110 ,
3615 4047 3835 4104 exacta
3861 4035 4010 4100 obe-

2450 4135 2679 4200 dientia
2711 4179 2732 4209 ‚
2774 4136 3001 4199 invicta
3047 4135 3109 4197 in
3151 4133 3476 4199 laboribus
3521 4135 3824 4201 fortitudo
3865 4134 4010 4198 nunt

2447 4237 2712 4298 virtutes
2736 4233 2885 4296 illae
2907 4276 2929 4306 ‚
2973 4233 3206 4315 quibus
3231 4232 3426 4296 veluti
3465 4233 3808 4299 monilibus
3834 4247 4007 4297 orna-

2450 4338 2576 4396 tam
2602 4338 2902 4415 sponsam
2925 4348 3101 4394 auam
3120 4329 3422 4394 Dominus
3444 4332 3813 4413 concupivit.
3831 4337 4008 4394 Prae-

2448 4430 2695 4512 cipuum
2744 4448 2895 4491 vero
2944 4426 3113 4508 quod
3159 4428 3225 4489 in
3269 4425 3387 4491 hac
3432 4428 3690 4510 Virgine
3741 4424 4006 4493 admira-

2449 4547 2591 4590 mur
2617 4523 2940 4607 spirituale
2967 4534 3426 4598 ornamentum‚
3456 4533 3556 4590 est
3581 4525 3767 4589 ardor
3792 4537 4006 4603 super·

2451 4644 2567 4689 nae
2599 4621 3162 4703 contemplationis,
3190 4621 3368 4705 cujus
3395 4620 3729 4687 dulcedine
3754 4617 4004 4705 perfusa

2449 4726 2750 4801 aestuque
2778 4718 3117 4800 voluptatis
3144 4720 3405 4803 abrepta
3432 4719 3652 4804 gratiis
3678 4711 4001 4784 cumulari,

2448 4829 2637 4900 atque
2666 4815 3076 4898 impressione
3105 4837 3423 4890 sacrorum
3455 4818 3826 4901 stigmatum
3853 4814 4005 4876 ima·

2448 4916 2577 4999 giui
2609 4913 3047 4994 Redemptoris
3090 4913 3286 4977 nostri
3329 4919 3477 4978 Iesu
3510 4911 3733 4978 christi
3780 4905 4004 4976 meruit

777 5007 951 5071 Nerii
993 5007 1058 5068 ih
1099 5007 1387 5091 eiusdem
1436 5007 1931 5073 canonizationis
1975 5011 2150 5074 Bulla
2194 5031 2339 5076 con·
2444 5012 2583 5078 fieri
2617 5010 2973 5075 conformis.
3015 5015 3184 5073 Hanc
3205 5010 3390 5094 igitur
3413 5012 3780 5094 prudentem
3812 5002 4005 5088 virgi·

775 5104 1017 5180 firmata
1044 5146 1063 5177 ,
1109 5110 1175 5168 et
1201 5104 1518 5168 attestatio
1549 5114 1799 5170 sauctae
1837 5108 2071 5172 Mariae
2094 5110 2339 5192 Magda-
2449 5129 2592 5173 nem
2640 5114 2735 5172 tot
2764 5127 2835 5173 ac
2864 5109 3052 5171 tantis
3087 5107 3600 5189 praeclarissimis
3628 5100 4003 5174 charismatl'·

779 5200 962 5267 lenae
994 5202 1070 5265 de
1115 5203 1355 5275 Panis,
1399 5202 1497 5266 cui
1543 5221 1577 5264 a
1624 5210 1753 5267 Deo
1793 5211 1860 5265 ut
1905 5205 2217 5287 triumpho
2260 5206 2339 5269 ad
2451 5207 2569 5269 bus
2591 5247 2609 5277 ‚
2642 5205 2796 5267 dum
2819 5204 3066 5269 viveret
3094 5225 3126 5268 a
3157 5203 3415 5272 caelent
3437 5211 3676 5284 sponso
3704 5205 4002 5269 condeco-

779 5300 1130 5384 ingressum
1178 5301 1402 5365 beatae
1443 5298 1808 5365 Gathar-inae
1841 5301 1901 5363 in
1927 5302 2134 5367 caelis
2176 5304 2342 5369 cele·
2448 5311 2646 5393 (atam
2670 5344 2689 5373 ,
2721 5301 3213 5385 signisque-'post
3240 5299 3483 5364 obitum
3517 5297 3908 5369 illustdtam.
3937 5296 3998 5356 in

782 5397 966 5461 braio
997 5397 1373 5471 ὶῐῑίθῐθῦῦθῑ,
1402 5397 1788 5481 impertitum
1821 5396 1983 5474 fuit,
2028 5401 2344 5484 postulant
2449 5405 2798 5465 sanctarum
2858 5397 3200 5483 virginum‘
3241 5398 3436 5463 Fastis
3481 5397 3626 5481 jure
3690 5398 3912 5463 merito
3963 5407 3998 5453 a
