4442 6300
1544 514 1887 583 ormont
1930 486 2392 567 'sacrorum
2438 518 2601 567 tre..
3413 518 3521 565 2³¹7

477 652 664 755 bus,
700 661 788 737 ad
827 661 1109 736 easdem
1138 660 1498 738 Ecclesias
1536 664 1653 764 pie
1690 658 2169 763 religioseque
2205 653 2633 764 procedant.
2672 661 2789 735 Ad
2826 661 3005 735 haec
3042 660 3532 734 mandavimus
3550 712 3576 743 ,-
3608 677 3692 732 ut

470 780 918 858 Calendariis
952 797 1029 854 et
1063 779 1479 854 divinorum
1524 777 1954 854 Officiorum
1997 777 2236 850 Libris
2274 777 2484 851 iidem
2524 778 2676 851 duo
2713 779 3087 851 beatissimi
3127 777 3483 880 Apostoli,
3521 794 3690 849 tan-

473 927 692 1004 quam
731 900 1054 1003 primarii
1093 915 1445 999 augustae
1470 894 1702 998 'hujus
1736 895 1953 969 Urbis
1988 897 2287 969 Patroni
2317 950 2338 985 ‚
2375 896 2869 975 inscribantur
2899 922 2916 968 ε
2954 894 3159 997 quod
3194 892 3489 996 quidem
3536 895 3690 968 No-

474 1019 582 1093 bis
621 1046 660 1091 a
706 1018 1148 1091 sanctissimis
1181 1017 1371 1088 Viris
1404 1015 1658 1089 Leone
1695 1011 2050 1090 Pontifice
2083 1066 2105 1103 ‚
2140 1014 2451 1088 Maximo
2488 1013 2950 1104 Taurinensi,
2985 1030 3064 1087 et
3098 1014 3463 1087 Venantio
3495 1013 3686 1086 Fori-

474 1150 733 1209 tunato
768 1158 857 1208 ex
888 1135 1119 1210 veteri
1156 1130 1527 1234 disciplina
1561 1129 1906 1204 traditum
1945 1146 2069 1204 est.

631 1252 1081 1354 Opportune
1119 1266 1422 1351 quoque
1458 1264 1537 1321 et
1572 1250 1835 1321 merito
1872 1247 2071 1321 hunc
2108 1251 2338 1351 ipsum
2377 1247 2564 1323 diem
2606 1248 2872 1323 festum
2921 1249 3303 1323 beatorum
3370 1255 3687 1351 Aposto-

474 1365 717 1445 lorum
755 1368 953 1465 Petri
991 1381 1068 1440 et
1101 1363 1305 1439 Pauli
1356 1362 1753 1438 hodiernae
1806 1364 2251 1442 ‚Sanctorum
2315 1367 2860 1440 Canonizationi
2925 1362 3346 1467 selegimus:
3411 1362 3684 1436 nedum

475 1501 564 1559 ut
595 1483 845 1559 saltem
880 1481 1099 1558 semel
1136 1485 1325 1560 vitae
1360 1499 1653 1556 nostrae
1689 1498 2021 1583 tempore
2057 1479 2536 1557 felicissimum
2577 1480 2988 1582 hujusmodi
3021 1480 3209 1555 diem
3247 1482 3518 1584 ingenti
3545 1507 3687 1584 po·-

477 1600 827 1706 pulorum
863 1625 1226 1675 concursu
1256 1653 1278 1690 ‚
1313 1596 1689 1700 multaque
1725 1599 2068 1672 Fratrum
2130 1617 2550 1673 nostrorum
2615 1601 3147 1702 Episcoporum
3217 1596 3633 1700 frequentia
3664 1652 3686 1691 ‚

473 1721 784 1823 pristino
819 1743 1027 1792 more
1062 1715 1418 1791 celebrari
1456 1715 1825 1791 videamus
1852 1772 1874 1806 ‚
1907 1715 2035 1789 sed
2072 1718 2497 1818 praesertim
2536 1717 2751 1788 etiam
2783 1772 2804 1806 ‚
2839 1714 3041 1818 quod
3076 1715 3531 1789 Sententiam
3589 1714 3682 1790 il·-

473 1833 615 1909 lam
655 1833 1102 1910 definitivam
1136 1889 1156 1925 ‚
1190 1859 1336 1936 qua
1375 1836 1706 1936 quinque
1741 1835 2005 1907 Beatos
2041 1860 2288 1937 nuper
2322 1837 2400 1909 in
2434 1834 2866 1907 Sanctorum
2916 1832 3182 1907 Album
3257 1831 3635 1915 retulimus
3660 1892 3681 1924 ,

472 1954 1113 2057 pronunciavimus
1137 2006 1157 2042 ‚
1193 1968 1281 2024 ut
1314 1950 1682 2025 audivistis
1707 2006 1728 2041 ‚
1763 1955 1841 2024 in
1878 1950 2238 2025 honorem
2274 1950 2581 2024 Sanctae
2618 1966 2694 2024 et
2765 1949 3189 2025 Individuae
3256 1951 3632 2023 Trinitatis
3659 2003 3681 2036 ‚

469 2069 560 2145 ad
598 2068 1017 2143 Catholicae
1054 2067 1257 2143 Fidei
1296 2067 1733 2172 praesidium
1765 2123 1785 2159 ‚
1820 2083 1897 2142 et
1932 2067 2380 2142 Christianae
2416 2065 2803 2168 Religionis
2838 2068 3372 2145 incrementum
3421 2082 3680 2140 aucto·

472 2190 700 2263 ritate
730 2188 1021 2261 Domini
1056 2187 1299 2261 Nostri
1336 2186 1510 2259 Jesu
1544 2185 1813 2259 Christi
1843 2244 1865 2275 ‚
1899 2184 2284 2260 beatorum
2324 2183 2847 2288 Apostolorum
2887 2185 3088 2258 Petri
3139 2196 3248 2281 et⁴
3278 2182 3535 2273 Pauli,
3605 2199 3682 2259 et

477 2320 724 2380 nostra
753 2332 773 2393 3
812 2321 886 2378 et
921 2302 1214 2377 demum
1242 2358 1262 2394 ‚
1298 2302 1501 2405 quod
1538 2306 1614 2377 in
1648 2329 2103 2406 unoquoque
2140 2302 2566 2377 eorumdem
2602 2305 2932 2405 quinque
2994 2305 3387 2377 Beatorum
3445 2306 3679 2403 imago

468 2422 826 2524 quaedam
865 2437 943 2493 et
976 2419 1330 2496 nonnulla
1365 2421 1808 2495 Sanctorum
1847 2420 2368 2524 Apostolorum
2405 2422 2604 2494 Petri
2639 2437 2718 2493 et
2752 2418 2958 2493 Pauli
3005 2418 3396 2495 similitudo
3453 2422 3677 2494 inesse

468 2538 785 2615 videtur.
823 2540 981 2613 Hoc
1019 2554 1263 2612 autem
1302 2564 1455 2613 non
1493 2545 1590 2612 ita
1627 2538 1927 2613 dicimus
1952 2593 1973 2625 ‚
2003 2554 2093 2611 ut
2131 2565 2266 2641 par
2301 2539 2643 2611 meritum
2671 2594 2694 2627 ‚
2729 2555 2862 2611 aut
2894 2536 3397 2639 aequalitatem
3439 2541 3675 2614 virtu-

474 2672 634 2730 tum
662 2657 941 2730 xhorum
981 2680 1158 2730 cum
1186 2652 1335 2730 illis·
1359 2654 1753 2731 inferamus
1780 2710 1800 2746 ‚
1835 2680 2001 2728 cum
2041 2657 2409 2729 temeritas
2439 2657 2527 2728 sit
2562 2652 3112 2757 amplitudinem
3162 2653 3681 2758 Apostolorum

467 2796 636 2846 cum
675 2772 984 2847 aliorum
1019 2772 1457 2847 Sanctorum
1491 2775 1763 2846 meritis
1818 2796 2245 2874 comparare
2274 2796 2294 2859 3
2349 2769 2478 2844 sed
2540 2785 2626 2843 ut
2684 2769 3147 2845 ostendamus
3171 2825 3194 2862 ‚
3251 2773 3431 2845 haec
3491 2797 3681 2846 nova

458 2888 887 2963 'sanctitatis
917 2887 1190 2963 lumina
1226 2888 1315 2963 ad
1352 2888 1759 2964 clarissimas
1791 2889 2177 2964 beatorum
2217 2885 2732 2991 Apostolorum
2761 2889 2974 3000 yetri
3011 2905 3091 2961 et
3123 2887 3329 2962 Pauli
3376 2890 3683 2963 virtutes

469 3005 821 3081 accedere
859 3033 1003 3110 pro
1037 3007 1310 3082 viribus
1343 3008 1694 3082 curavisse
1724 3061 1746 3096 ‚
1782 3023 1856 3080 et
1892 3005 2027 3079 hac
2061 3009 2349 3080 ratione
2386 3003 2476 3079 ad
2516 3004 2952 3091 Sanctorum
2990 3003 3288 3107 gloriam
3329 3009 3407 3079 in
3470 3011 3684 3096 terris

473 3128 814 3198 meruisse
850 3122 1146 3198 eitaltari
1177 3180 1197 3216 ‚
1230 3151 1378 3227 qua
1413 3121 1832 3228 jamdudum
1869 3125 1943 3195 in
1981 3120 2208 3196 Caelis
2243 3126 2441 3198 inter
2477 3121 2915 3196 beatissimos
2949 3122 3158 3197 Cives
3194 3119 3667 3230 fruebantur.

582 3337 589 3342 ,
625 3244 847 3316 Venit
882 3245 1149 3316 Petrus
1181 3242 1564 3318 Antiochia
1598 3239 1691 3315 ad
1730 3238 2230 3315 hanc‘Urbem
2262 3298 2281 3326 ,
2320 3240 2438 3312 hic
2478 3241 2782 3342 primam
2821 3237 3089 3312 Sedem
3124 3242 3528 3329 constituit,
3564 3239 3682 3313 hic

465 3361 973 3461 nequissimum
1002 3358 1396 3462 debellavit
1420 3359 1813 3447 Simonem,
1838 3359 1957 3432 hic
1991 3357 2038 3430 J
2041 3382 2165 3434 esu
2202 3356 2466 3430 Christi
2505 3353 2976 3458 Evangelium
3009 3354 3510 3432 disseminavit.
3537 3358 3684 3430 Ve-

466 3480 576 3551 nit
611 3478 757 3551 huc
792 3503 1092 3579 quoque
1122 3476 1395 3550 -Paulus
1427 3493 1588 3578 post
1614 3472 1964 3562 navalem,
1986 3491 2077 3548 ut
2107 3476 2429 3549 Joannes
2462 3474 3014 3577 Chrysostomus
3038 3477 3164 3567 ait,
3204 3489 3539 3577 pugnam3
3567 3491 3683 3548 at-

460 3619 609 3696 que
652 3594 768 3667 hic
802 3594 848 3666 J
855 3592 1097 3666 udaeis
1122 3609 1199 3665 et
1223 3591 1588 3665 Gentibus
1613 3595 1688 3666 in
1719 3592 1982 3665 Christi
2007 3591 2184 3665 Fide
2222 3590 2641 3665 erudiendis
2673 3589 2828 3665 dies
2861 3606 3260 3692 noctesque
3295 3590 3677 3666 laboravit.

469 3711 703 3787 Ambo
741 3714 953 3784 vitam
991 3711 1087 3781 et‘
1102 3712 1519 3812 sanguinem
1552 3734 1693 3811 pro
1720 3707 1983 3781 Christi
2026 3711 2324 3782 nomine
2359 3706 2742 3782 effundere
2780 3711 3160 3811 cupientes
3186 3762 3206 3796 ‚
3244 3709 3455 3783 ambo
3524 3711 3679 3782 Ro-

464 3855 649 3920 mae,
674 3827 1083 3929 eodemque
1118 3827 1236 3901 die
1271 3824 1649 3928 gloriosam
1679 3825 2013 3927 Mat-tyrii
2053 3848 2402 3897 coronam
2440 3824 2686 3928 adepti
2717 3841 2911 3898 sunt:
2937 3826 3200 3899 Petrus
3230 3825 3524 3927 quidem
3565 3829 3677 3900 in-

461 3969 668 4022 verso
691 3944 928 4047 capite
958 3945 1156 4016 cruci
1180 3941 1460 4031 affixuS,
1489 3939 1754 4015 Paulus
1782 3938 2021 4041 gladio
2055 3943 2293 4043 capite
2331 3942 2830 4028 obtruncatus3
2861 3967 2956 4015 ex
2988 3967 3305 4043 quorum
3333 3944 3677 4045 sanguine

460 4060 689 4144 veluti
730 4088 819 4134 ex
854 4063 1124 4133 semine
1154 4114 1174 4147 ‚
1210 4074 1325 4131 tot
1360 4054 1744 4132 beatorum
1780 4059 2198 4161 Martyrum
2237 4056 2448 4131 millia
2487 4061 2993 4161 germinarunt
3019 4112 3042 4154 ,
3087 4075 3174 4131 ut
3230 4060 3678 4135 exuberante

464 4181 671 4281 copia
707 4179 995 4252 virtutis
1028 4190 1109 4247 et
1140 4172 1332 4263 fidei,
1368 4191 1457 4246 ut
1496 4174 1904 4276 Cyprianus
1937 4176 2202 4275 inquit,
2237 4173 2491 4277 singuli
2528 4176 2889 4277 Martyres
2924 4178 3290 4248 numerari
3327 4202 3480 4250 non
3507 4203 3680 4279 pos-

459 4310 643 4369 sent.
680 4289 1167 4367 In-h'is-modo
1205 4290 1525 4366 Fidelem
1562 4290 1665 4384 ἀρ·
1694 4290 2137 4393 Sigmaringa
2172 4292 2710 4365 numeravimus
2734 4345 2756 4380 ‚
2790 4294 2920 4393 qui
2956 4291 3044 4365 ad
3109 4292 3682 4395 praedicandum

464 4410 772 4488 verbum
807 4409 940 4483 Dei
977 4422 1055 4480 et
1089 4405 1530 4480 Catholicam
1568 4404 2013 4508 Religionem
2047 4406 2139 4480 ab
2175 4408 2552 4482 haereticis
2587 4406 3087 4482 vindicandam
3114 4466 3139 4499 ,
3173 4409 3266 4483 ab
3302 4410 3436 4483 hae
3468 4412 3676 4514 Apo·-

460 4526 710 4602 stolica
752 4524 940 4599 Sede
977 4526 1051 4598 in
1084 4524 1457 4599 Rhaetiam
1500 4527 1745 4598 missus
1770 4576 1792 4613 ‚
1823 4525 2096 4600 invicto
2130 4528 2372 4599 animo
2409 4527 2628 4599 morti
2664 4550 3056 4600 occurrens
3084 4581 3105 4618 ,
3141 4527 3232 4600 ab
3296 4528 3675 4618 haereticis

460 4641 896 4739 interfectus
924 4657 1031 4715 est
1058 4694 1081 4730 ‚
1102 4656 1195 4713 -et
1230 4640 1610 4748 gloriosam
1645 4641 1776 4715 sibi
1813 4643 2145 4745 Martyrii
2183 4669 2529 4715 coronam
2564 4647 3031 4745 comparavit.

613 4761 1066 4864 Negavitter
1096 4760 1365 4832 Petrus
1401 4815 1420 4846 ,
1450 4758 1547 4832 ab
1583 4758 1837 4833 ancilla
1874 4775 1951 4832 et
1986 4761 2031 4832 J
2038 4758 2284 4834 udaeis
2309 4762 2795 4861 interrogatus
2821 4815 2842 4848 ,
2875 4762 3215 4835 Divinum
3249 4786 3460 4835 suum
3512 4764 3671 4837 Ma*

464 4880 796 4982 gistrum.
832 4879 1267 4951 Persecutus
1291 4892 1401 4949 est
1434 4874 1702 4950 Paulus
1735 4875 2120 4980 discipulos
2153 4878 2416 4951 Christi
2447 4931 2468 4965 ‚
2514 4901 2701 4978 quos
2760 4875 2854 4950 ad
2912 4879 3484 4952 internecionem
3546 4904 3670 4952 us-

461 5022 611 5099 que
645 4992 897 5069 delere
933 5009 1298 5102 statuerat.
1336 4997 1435 5066 At
1470 5019 1669 5068 suam
1708 4996 1969 5069 Petrus
2006 4992 2379 5098 perfidiam
2418 4992 2624 5068 flevit
2657 5020 2896 5068 amare
2923 5025 2948 5083 ;
2984 5011 3061 5067 et
3095 4993 3360 5069 Paulus
3383 4996 3666 5070 divinae

460 5117 659 5189 vocis
693 5121 984 5187 terrore
1021 5126 1407 5214 correptus
1434 5164 1456 5201 ‚
1496 5111 1697 5185 humi
1732 5127 2041 5202 stratus,
2078 5110 2313 5186 factus
2346 5127 2454 5185 est
2494 5137 2612 5186 vas
2642 5111 3014 5186 electionis
3037 5167 3057 5202 ,
3091 5129 3170 5187 et
3206 5111 3296 5187 ad
3351 5118 3670 5216 Aposto-

463 5229 670 5305 licam
709 5229 1133 5332 dignitatem
1171 5253 1314 5301 una
1349 5253 1514 5301 cum
1552 5229 1883 5304 Barnaba
1914 5259 1952 5302 a
1987 5228 2271 5333 Spiritu
2305 5229 2575 5302 Sancto
2609 5245 2908 5332 vocatus
2955 5243 3086 5301 est.
3120 5228 3326 5320 Quot
3354 5228 3444 5302 ad
3484 5256 3669 5331 poe-

461 5351 854 5422 nitentiam
895 5374 980 5430 ex
1004 5342 1399 5450 praeclaro
1431 5337 1705 5419 horum
1734 5344 2067 5449 exemplo
2104 5337 2446 5432 excitati..
2479 5372 2567 5420 ex
2616 5345 2964 5449 improbis
3000 5362 3076 5419 et
3134 5348 3433 5449 impuris
3498 5347 3664 5421 facti

462 5483 633 5541 sunt
670 5455 998 5567 egregiae
1040 5465 1323 5538 vir-tutis
1355 5479 1434 5536 et
1464 5461 1850 5538 sanctitatis
1883 5463 2151 5538 lumina
2180 5464 2221 5535 ’.Ρ
2260 5464 2466 5555 Quot
2507 5460 2796 5538 assiduis
2827 5460 3159 5566 lacrymis
3192 5489 3315 5536 sua
3377 5462 3667 5540 deflen-

752 5593 968 5635 ιιιειο.
1009 5592 1123 5634 xxv.
1167 5592 1312 5634 τοι.
1359 5581 1487 5634 Vss.
2147 5579 2153 5584 “
3267 5580 3340 5634 42
