4442 6300
1000 485 1107 536 302

1949 482 2159 535 ACTA
2199 480 2857 536 canonia-trionis

816 647 1037 709 porum
1068 626 1346 698 conditio
1368 670 1389 699 ,
1419 633 1489 692 et
1541 621 1862 690 Pontifici·
1915 622 2226 690 voluntas.
2284 632 2375 690 lta
2488 625 2617 690 duo
2674 627 3021 713 (Floret-ion
3075 629 3345 695 vocitant
3371 627 3401 712 )
3425 674 3443 701 ,
3475 628 3554 692 ad
3585 648 3746 713 quos
3769 648 3929 698 onus
3958 632 4050 697 in·

811 744 974 787 anno
1007 722 1341 786 millesimo
1373 721 1924 805 septingentesimo
1972 720 2373 805 quadragesi·

812 840 916 884 mo
937 866 958 894 ,
991 842 1130 883 cnm
1167 827 1382 884 Festus
1416 818 1584 885 beati
1612 819 1785 883 Petri
1811 818 1949 882 dies
2008 818 2068 881 in
2130 817 2375 881 Pontifi-

808 921 1047 984 ciorum
1079 918 1492 981 Comitiorum
1526 925 1776 999 tempus
1801 916 2125 981 incidisset
2148 940 2175 988 ,-
2215 916 2368 997 (va-

809 1018 971 1080 cavit
999 1016 1164 1080 enim
1200 1014 1394 1079 Sedes
1413 1035 1447 1077 a
1478 1015 1819 1077 Februario
1848 1021 2061 1078 Mense
2091 1014 2168 1077 ad
2194 1015 2366 1078 diem

809 1121 963 1178 xvt.
999 1114 1218 1178 Kalen.
1250 1111 1680 1194 Septembris,
1711 1133 1838 1194 quo
1893 1112 1998 1175 die
2057 1110 2364 1175 Clementi

803 1218 932 1275 xn.
969 1212 1266 1275 suffectus
1294 1218 1387 1273 est
1427 1213 1903 1273 BENEDlCTUS
1942 1211 2096 1271 xlv.
2120 1209 2189 1293 ),
2250 1213 2368 1271 Ex-

799 1307 1285 1375 cellentissimus
1321 1313 1392 1369 1).
1423 1306 1731 1370 Fabritius
1762 1304 2070 1369 Columna
2104 1311 2365 1387 Magnus

2483 722 2827 796 cubuerat,
2857 723 3218 789 comitatum
3269 746 3518 791 omnem
3576 727 3934 800 instruere.
3980 737 4050 794 et

2484 839 2662 882 suurn
2695 820 3030 901 unicuique
3091 820 3301 885 locum
3358 823 3731 889 attribuere.
3790 825 4048 891 Nobiles

2481 917 2708 983 deiude
2739 916 2940 982 Aulici
2972 928 3097 982 tani
3132 921 3785 986 Eminentissimorum
3835 925 4043 987 Cardi-

2480 1011 2713 1075 nalium
2745 1056 2766 1085 ,
2799 1035 2989 1096 quam
3017 1022 3347 1080 oratorum
3379 1027 3447 1081 et
3488 1025 3820 1082 Procerum
3870 1029 3935 1084 et
3982 1040 4044 1085 a·

2482 1106 2713 1171 liorum
2749 1131 3001 1192 quoque
3027 1155 3049 1186 ,
3077 1112 3183 1192 qui
3219 1112 3340 1195 ipsi
3369 1114 3522 1196 Regi
3552 1113 3651 1179 vel
3700 1114 3996 1180 clientela
4019 1159 4043 1188 ,

2479 1203 2577 1268 vel
2612 1205 2922 1270 beneficio
2953 1215 3094 1271 sunt
3127 1209 3427 1273 obnoxiiz
3478 1217 3636 1275 Tum
3693 1211 3890 1275 intimi
3953 1212 4043 1277 fa-

2479 1301 2759 1367 miliares
2792 1304 3000 1387 Legati
3028 1348 3048 1377 ,
3078 1311 3418 1378 Proceres,
3452 1316 3514 1371 et
3546 1308 3807 1391 Equites
3825 1331 4042 1391 quam.-

799 1404 1238 1470 Comestabilis
1271 1403 1462 1486 Regni
1496 1402 1926 1484 Neapolitani,
1974 1411 2040 1467 et
2094 1408 2361 1487 Legatos
2476 1398 2687 1480 plures
2709 1444 2729 1473 ,
2763 1399 2862 1465 vel
2897 1422 2976 1464 ex
3005 1413 3271 1485 utraque
3301 1405 3505 1469 Sicilia
3527 1448 3548 1476 ,
3593 1407 3692 1470 vel
3751 1407 4035 1490 Hispani.

796 1501 1333 1568 extraordinarius
1367 1500 1775 1563 Sereuissimi
1799 1498 2005 1564 Caroli
2049 1499 2362 1563 Sebastia-

797 1603 859 1664 ni
887 1598 1187 1666 Borbonii
1220 1598 1650 1681 Hispaniarum
1684 1595 1981 1671 infantis,
2029 1607 2097 1661 et
2126 1597 2363 1661 utrius-

2475 1498 2866 1561 Succedebat
2901 1498 3222 1562 Helvetiae
3267 1502 3600 1566 Custodiae
3656 1508 3836 1573 Dux,
3894 1526 4043 1585 qua-

2475 1600 2621 1657 tuor
2665 1594 2987 1675 peditibus
3045 1597 3307 1679 stipatus
3363 1597 3657 1664 famulis:
3718 1602 4037 1685 Principes
4095 1630 4100 1634 ·

797 1722 920 1782 que
951 1698 1201 1763 Siciliae
1234 1696 1421 1781 Regis
1452 1696 1705 1758 nomine
1735 1694 2000 1779 vectigal
2058 1695 2360 1776 pependit
2471 1700 2612 1770 post
2644 1692 2801 1754 bunc
2823 1734 2844 1764 ,
2873 1701 2944 1756 et
2973 1693 3316 1773 optimates
3336 1735 3359 1768 ,
3394 1697 3581 1778 Regis
3640 1697 3990 1783 Vectigateg
4017 1723 4036 1761 2

795 1804 894 1861 vt.
929 1797 1073 1860 idus
1103 1760 1496 1877 Septembris
1529 1794 1591 1854 in
1622 1791 1888 1874 Templo
1948 1793 2175 1857 beatae
2231 1798 2357 1856 Ma·

792 1894 928 1960 riae
953 1895 1032 1958 de
1061 1891 1311 1975 Populo
1331 1935 1352 1965 ,
1381 1892 1444 1953 in
1475 1910 1602 1972 quo
1632 1889 1896 1953 solemni
1927 1889 2015 1953 de
2058 1890 2356 1954 univira«-

720 2040 731 2051 .
792 2002 857 2057 te
888 1991 1159 2073 virginis·
1202 1992 1396 2052 Sacro
1450 1987 1725 2070 primum
1780 1995 1921 2069 post
1979 1986 2355 2052 electionem

792 2109 966 2155 suam
998 2088 1474 2152 Bssnssntcws
1503 2084 1852 2151 adstiterat.
1882 2088 2014 2147 Hoc
2061 2085 2199 2166 ipso
2253 2104 2359 2149 an-

795 2208 877 2249 no
908 2204 1028 2250 non
1067 2187 1129 2246 ’m
1160 2184 1423 2249 Basilica
1453 2183 1794 2253 vaticana,
1845 2203 2006 2264 quae
2037 2182 2356 2264 proximae

786 2284 1184 2350 celebritatis
1216 2300 1400 2346 causa
1431 2279 1896 2361 impediebatur
1917 2323 1936 2352 ,
1966 2278 2077 2343 sed
2106 2279 2165 2340 in
2200 2279 2356 2345 Aula

786 2383 977 2465 Regia
1014 2378 1237 2445 Palatii
1269 2376 1547 2442 vaticani
1577 2374 1838 2458 vectigal
1873 2375 2176 2457 persolvit
2204 2381 2358 2439 Bea-

787 2479 1037 2542 tissimo
1064 2474 1229 2540 Patri
1260 2472 1429 2537 idem
1467 2472 1648 2554 Regis
1677 2478 1943 2555 Legatos
1963 2516 1983 2543 ,
2015 2492 2197 2552 quem
2221 2471 2355 2553 qui-

787 2575 930 2636 dem
961 2593 1103 2638 cum
1143 2578 1332 2636 Roma
1361 2587 1585 2652 magno
1641 2567 1923 2648 equitatu
1978 2566 2055 2630 ad
2113 2569 2352 2631 vatica-

785 2692 931 2734 num
963 2679 1219 2734 euntem
1253 2686 1333 2732 eo
1364 2666 1469 2731 die
1500 2665 1780 2736 videret,
1811 2682 1935 2727 non
1966 2669 2169 2747 potuit
2200 2665 2352 2747 quin

786 2780 849 2835 et
878 2768 1083 2834 Caroli
1117 2766 1303 2849 Regis
1324 2809 1346 2839 ,
1376 2786 1413 2829 a
1443 2783 1571 2846 qno
1621 2761 1732 2827 ille
1764 2763 2171 2835 mittebatur,
2231 2772 2381 2828 sta·-

785 2869 899 2931 tim
932 2864 1376 2939 meminisset;
1405 2862 1673 2946 ejusque
1706 2859 2093 2946 Religionem
2125 2871 2193 2926 et
2220 2863 2355 2944 pie-

783 2973 975 3029 tatem
1008 2963 1383 3031 miraretur,
1414 2978 1557 3021 curn
1585 2958 1789 3020 tribus
1819 2959 1996 3022 annis
2024 2969 2170 3021 ante
2223 2976 2348 3020 non

783 3062 966 3126 Urbis
995 3058 1291 3123 visendae
1319 3056 1531 3121 studio
1564 3063 1822 3120 Romam
1870 3055 2134 3120 arcessit
2156 3100 2175 3123 ,
2237 3055 2350 3118 sed

781 3172 851 3224 ut
872 3179 1080 3225 sacras
1101 3159 1433 3222 beatorum
1455 3154 1898 3236 Apostolorum
1924 3154 2089 3217 Petri
2113 3157 2173 3217 et
2197 3158 2351 3216 Pau-

778 3257 826 3321 li
859 3255 1163 3338 reliquias
1192 3259 1595 3318 veneraretur
1616 3293 1637 3322 ,
1671 3260 1737 3315 et
1771 3252 1835 3312 in
1866 3269 2068 3334 genua
2130 3270 2350 3333 provo·

780 3356 946 3419 lutus
977 3355 1415 3418 essentem
1445 3355 1593 3413 lesu
1627 3347 1861 3411 Christi
1898 3350 1957 3409 in
2003 3347 2192 3410 terris
2249 3346 2349 3409 vi-

779 3453 952 3516 cario
972 3494 992 3523 ,
1024 3468 1208 3530 quem
1240 3447 1335 3533 (a)
1366 3450 1565 3526 Caput
1594 3444 1797 3507 omnis
1826 3444 2219 3525 Principatus
2277 3450 2346 3506 et

780 3546 1115 3617 potestatis
1146 3543 1568 3630 agnoscebat,
1594 3539 1911 3604 addictum
1963 3539 2341 3604 benevolum

778 3657 843 3712 et
872 3649 1339 3726 obsequentem·
1360 3637 1638 3703 animum
1668 3657 1848 3701 suum
1880 3656 2089 3701 coram
2133 3647 2344 3701 osten·

776 3746 979 3809 deret.
1026 3760 1035 3768 ·

907 3846 1065 3921 Ergo
1107 3829 1696 3899 Excellentissimus
1725 3837 1796 3894 D.
1826 3837 2093 3912 Legatos
2119 3852 2155 3895 e
2215 3853 2342 3898 ma·

776 3934 1002 4024 gniflco
1030 3928 1263 3998 Palatio
1292 3929 1727 3994 Farnesiorum
1749 3971 1771 4001 ,
1800 3929 1969 3993 unde
2006 3947 2201 4013 genus
2259 3951 2339 3994 ex

776 4045 1052 4100 materno
1083 4029 1383 4114 sanguine
1412 4026 1584 4089 ducit
1617 4032 1745 4089 Rex
1776 4026 2071 4100 Carolus,
2100 4026 2274 4091 velut
2302 4048 2339 4093 a

774 4129 992 4215 negati
1028 4135 1226 4193 Domo
1260 4124 1581 4199 discessit,
1612 4143 1748 4186 cum
1766 4125 2178 4206 vespertinae
2201 4146 2343 4206 pre-

774 4251 881 4294 ces
907 4225 1042 4293 cani
1074 4223 1433 4308 coepissent
1460 4233 1668 4286 coram
1693 4221 1987 4286 Pontiflce
2010 4223 2071 4284 in
2104 4242 2341 4286 memo·

775 4333 910 4390 rato
940 4323 1097 4388 sixti
1126 4328 1227 4385 lv.
1259 4317 1525 4384 sacello.
1556 4318 1889 4383 Pmeibant
1940 4318 2187 4400 pedites
2235 4324 2342 4382 Se-

774 4415 1315 4500 natusl’opelique
1340 4415 1602 4480 Romani
1625 4416 2174 4503 Tympanotribae,
2196 4414 2337 4478 alii·

776 4542 904 4605 que
935 4511 1215 4582 nonnulli
1244 4511 1611 4578 Tubicines:
1642 4517 1779 4576 Duo
1810 4514 2233 4592 sequebantur
2255 4533 2337 4577 ex

771 4618 1073 4702 gregariis
1101 4611 1311 4695 Legati
1336 4607 1608 4678 famulis,
1634 4618 1701 4672 et
1727 4607 2017 4672 familiari
2044 4609 2329 4692 ejusdem

770 4727 989 4786 veste,
1021 4711 1216 4774 multo
1248 4717 1459 4772 tamen
1491 4714 1751 4789 argento
1782 4707 2099 4789 variegata
2154 4706 2333 4770 indu-

772 4809 864 4881 ti.
909 4809 1092 4892 equis
1143 4804 1515 4870 insidentes.
1574 4805 1891 4886 Tympana
1946 4803 2331 4885 Tubaeque,
2385 4848 2391 4882 ;

771 4929 930 4993 quae
990 4903 1259 4971 subinde
1328 4899 1739 4980 pulsabantur
1795 4898 2330 4979 inflabanturque,

771 5007 910 5072 telo
942 5003 1145 5069 'serico
1168 5041 1189 5072 ,
1219 5000 1282 5060 iri
1316 5017 1440 5078 quo
1466 4991 1977 5059 Columnensium
2009 5005 2072 5059 et
2103 4996 2334 5060 Salvia-

775 5105 871 5170 tae
905 5099 1121 5168 Gentis
1150 5105 1417 5161 stemma
1460 5091 1694 5175 pictum
1753 5099 1931 5166 erat,
1985 5093 2330 5158 circumve·

2472 1792 2628 1850 Tum
2661 1787 2786 1851 duo
2814 1795 3186 1854 Turmarum
3220 1791 3378 1857 levis
3407 1803 3758 1860 armaturae
3787 1795 4035 1861 aomina-

2468 1884 2550 1946 eii
2586 1890 2803 1948 Duces.
2837 1885 3203 1952 muratus
3234 1900 3453 1973 postea
3483 1900 3542 1954 et
3577 1899 3833 1957 ornatus
3881 1904 4037 1960 stra·

2468 1978 2619 2062 gulo
2648 1982 2841 2044 rubro
2868 1982 3100 2048 villoso
3121 2027 3142 2056 ,
3174 1987 3342 2067 quod
3375 2007 3569 2070 opere
3615 1989 3880 2074 phrygio
3942 1990 4039 2052 in·

2475 2082 2712 2140 textum
2744 2086 3001 2163 argento
3031 2088 3230 2145 totum
3264 2093 3400 2147 erat
3423 2130 3443 2154 ,
3497 2087 4038 2152 manuducebatur

2466 2195 2502 2239 a
2534 2175 2778 2240 duobus
2809 2176 3202 2263 pedissequis
3230 2183 3465 2247 urbana
3490 2183 3647 2267 nigri
3673 2182 3910 2251 coloris
3927 2206 4035 2251 ve·

2465 2283 2564 2336 ste
2598 2274 2826 2338 indutis
2856 2280 3066 2353 Eques
3092 2280 3272 2342 alfes
3291 2318 3318 2351 ,›
3345 2279 3519 2345 nullo
3563 2285 3820 2347 sessore
3843 2324 3865 2355 ,
3910 2284 4028 2348 sed

2465 2371 2822 2453 Insignibus
2850 2374 3206 2439 sanctitatis
3236 2383 3395 2441 Suae
3427 2377 3628 2444 solido
3657 2400 3736 2441 cx
3765 2388 4030 2464 argento

2468 2469 2774 2539 conflatis,
2806 2491 2966 2550 quae
2993 2493 3181 2554 supra
3211 2473 3571 2556 ephippium
3603 2496 3640 2541 a
3670 2477 3919 2543 duobus
3939 2478 4031 2544 fa·

2465 2565 2658 2628 mulis
2687 2568 3220 2643 sustentabantur,
3253 2568 3579 2653 magnifice
3613 2582 3900 2639 onustus.
3921 2581 4029 2640 Se·

2464 2664 2777 2742 quebatur
2803 2664 2945 2729 inde
2977 2665 3337 2730 Praefectus
3391 2668 3597 2749 Equili
3656 2669 4034 2738 columnen-

2464 2757 2625 2820 sium
2652 2801 2671 2831 ,
2702 2759 2803 2823 cui
2835 2762 3148 2841 pendebat
3179 2783 3217 2828 e
3242 2759 3411 2828 coilo
3443 2782 3839 2830 nummorum
3891 2789 4030 2835 cru·
4083 2814 4088 2819 -

2464 2872 2641 2919 mena
2662 2900 2683 2928 ,
2713 2857 2941 2938 pariter
2968 2859 3299 2942 equitans,
3330 2867 3474 2944 post
3521 2881 3709 2944 quem
3766 2864 4015 2930 incede-

2464 2952 2568 3013 bat
2600 2960 2806 3036 Eques
2866 2961 2934 3017 D.
2965 2963 3233 3040 Legatos
3293 2958 3491 3024 nobili
3550 2959 4027 3045 circumpednrn

2464 3049 2887 3129 preborum,
2911 3060 3490 3138 Procoetonumque
3511 3075 3739 3121 corona
3763 3058 4029 3127 interius

2460 3147 2956 3230 circumseptus,
3002 3151 3279 3215 exterius
3335 3172 3484 3217 vero
3546 3150 3694 3217 forti
3753 3156 4024 3224 Militum

2461 3242 2886 3309 Helvetiorum
2917 3266 3099 3309 manu
3132 3248 3465 3312 securibus
3499 3249 3792 3315 Palatinis
3819 3275 4025 3320 arma·

2461 3349 2518 3402 ta
2542 3384 2563 3412 ,
2594 3350 2653 3405 et
2687 3363 2723 3406 a
2753 3341 2998 3406 duobus
3015 3344 3382 3408 eorumdem
3410 3348 3891 3415 centurionibus
3915 3352 4028 3417 du·

2458 3446 2556 3501 cta
2577 3482 2601 3511 ,
2631 3459 2791 3521 quae
2817 3439 2878 3500 in
2911 3437 3071 3504 duos
3094 3441 3362 3506 Ordines
3392 3444 3475 3507 ita
3509 3449 4025 3528 protendebatur,

2456 3543 2520 3597 ut
2555 3545 2614 3600 et
2647 3536 3018 3622 vectigalem
3050 3560 3321 3622 equum,
3377 3551 3444 3605 et
3502 3544 3610 3623 qui
3670 3555 3813 3628 post
3869 3571 4019 3613 eum

2453 3633 2916 3715 gradiebantur,
2946 3636 3239 3718 utrinqne
3271 3637 3511 3702 medios
3540 3641 4014 3709 concluderent.

2453 3731 2744 3795 Proxime
2774 3738 3070 3815 Legatum
3107 3732 3297 3797 mulis
3325 3734 3646 3816 praeclare
3699 3741 4023 3810 instructis

2451 3828 2613 3892 vecti
2643 3848 2766 3891 non
2795 3829 2974 3909 pauci
3006 3830 3374 3893 incedebant
3399 3832 3728 3914 Episcopi,
3760 3841 4017 3906 nemine

2453 3925 2824 4005 praesertim
2856 3926 3117 3990 absente
3147 3947 3226 3990 ex
3254 3926 3332 3992 iis
3351 3970 3374 4002 ,
3405 3949 3564 4009 quos
3594 3952 3631 3996 e
3682 3938 4020 4018 Campania

2453 4025 2746 4116 Summus
2771 4022 3058 4087 Pontifex
3081 4023 3361 4106 jusserat
3397 4034 3652 4090 Romam
3715 4034 4010 4109 evocari,

2452 4127 2518 4180 ut
2547 4118 2758 4183 Beatis
2788 4119 2951 4183 inter
2981 4125 3234 4185 Sanctos
3276 4120 3625 4187 referendis
3685 4130 4013 4215 suffragani

2451 4225 2744 4297 possent,
2771 4224 2835 4280 et
2863 4217 3084 4281 eorum
3133 4218 3600 4284 canonizatio&
3654 4224 3967 4295 interesse
3994 4257 4013 4294 a

2449 4314 3005 4396 subsequebantur
3032 4314 3357 4399 utriusque
3389 4317 3750 4385 Pontificius
3787 4324 4018 4390 Cobor-

2450 4410 2531 4474 tis
2557 4410 2792 4475 Milites
2821 4410 2978 4476 levis
3006 4421 3398 4487 armaturae,
3428 4415 3647 4497 quide
3683 4437 3860 4487 more
3915 4441 4014 4489 aa·

2447 4507 2573 4590 gati
2592 4551 2614 4581 ,
2645 4509 2757 4573 sed
2790 4507 2924 4573 sine
2974 4506 3268 4583 lanceis‚‘
3315 4530 3356 4575 e
3418 4515 3617 4594 Papae
3673 4518 3969 4586 Custodia
3988 4565 4011 4597 ,

2446 4605 2793 4670 deducendi
2825 4607 3032 4690 Legati
3060 4609 3257 4690 gratia
3283 4651 3301 4679 ,
3331 4627 3534 4690 nsque
3563 4608 3656 4673 ad.
3697 4633 4015 4684 memora·

2384 4664 2393 4748 Ι
2445 4709 2571 4766 tum
2605 4704 3043 4768 Farnesianum
3074 4703 3372 4769 Palatium
3404 4707 3579 4789 prius
3592 4724 4010 4780 accesserant.

2568 4800 2952 4864 Claudebant
2970 4815 3193 4883 agmen
3219 4806 3449 4865 Currus
3464 4801 3822 4882 duodecim,
3851 4810 4010 4872 mul·

2444 4905 2509 4963 to
2556 4919 2708 4962 auro
2766 4905 2830 4961 et
2883 4898 3200 4962 caelatura
3257 4899 3678 4979 spectabiles,
3735 4923 4002 4985 qnorum

2446 5008 2716 5077 quatuor
2744 4995 2913 5059 senis
2941 4996 3157 5079 equis,
3191 4995 3416 5077 reliqui
3449 4997 3679 5081 bijugis
3736 5004 4006 5085 ageban.

2442 5101 2563 5155 tur.
2593 5097 2671 5155 At
2700 5109 2852 5158 vero
2873 5134 2894 5165 ,
2923 5097 3040 5176 μοι(
3063 5095 3404 5157 -consertas
3457 5095 3670 5176 Populi
3730 5098 4006 5163 multitu·

772 5193 1145 5268 stiebantur.
1178 5189 1320 5258 {fest
1348 5186 1465 5254 hos
1493 5189 1861 5273 equitabant
1892 5193 2333 5275 resignatum·
2443 5191 2590 5254 diue
2623 5191 2750 5255 vias
2779 5207 2920 5254 cunt
2951 5207 2989 5254 e
3018 5189 3221 5255 Sancti
3244 5190 3468 5275 Angeli
3501 5193 3773 5257 Pontein
3804 5197 4006 5281 regio·

875 5394 960 5468 (a)
988 5391 1085 5447 Ad
1109 5392 1293 5453 Calos.
1322 5407 1369 5442 c.
1394 5387 1448 5440 2.
1478 5405 1535 5441 v.
1570 5389 1654 5439 10.
1698 5419 1703 5424 ,
