4442 6300
920 625 1015 687 Aa
1058 623 1327 707 primam
1362 623 1551 707 igitur
1578 620 1960 689 oblationem
1994 640 2107 706 pro
2132 628 2368 688 sancto,

1983 479 2190 533 ACTA
2228 477 2884 535 cmontzATtoms

2601 630 2669 687 tn
2712 630 2933 706 quarta
2962 642 3076 705 pro
3106 632 3321 705 cauom
3353 623 3627 711 Iosepho
3652 648 3690 691 a
3720 628 4038 715 Loonissa,

796 718 994 784 Fideli
1039 739 1074 782 a
1104 719 1489 804 Sigmaringa
1532 718 1835 782 directam
1865 740 1903 783 a
1930 725 2001 780 D.
2034 719 2356 785 Francisoo
2470 722 2634 783 viam
2666 721 3096 787 demostrante
3115 728 3188 787 D.
3220 728 3458 789 Ioanne
3491 723 3762 805 Baptista
3785 727 4027 803 bisseni

791 816 1095 879 Diversini
1128 815 1673 886 caeremoniario,
1705 825 1768 878 et
1807 817 1888 880 ab
1936 814 2159 880 intimo
2203 821 2360 879 Suae
2475 825 2992 898 suprannmerum
3027 820 3301 883 secundo
3330 823 3880 886 Caeremoniarum
3910 826 4034 889 Ma·

791 915 1145 978 sanctitatis
1193 913 1476 985 sacello,
1507 913 1725 977 selecti
1756 912 1932 976 fuere
1980 911 2356 976 Eminentia·

790 1011 931 1074 simi
964 1010 1343 1075 cardinales
1373 1010 1633 1076 Annibal
1664 1010 1943 1073 Albanus
1983 1008 2178 1072 sancti
2218 1010 2357 1073 cle·

789 1107 1016 1170 mentis
1058 1115 1454 1190 nuncupatus
1484 1107 1824 1189 Episcopus
1873 1106 2233 1170 Portuensis
2288 1127 2362 1171 ac

792 1215 1047 1269 sanctae
1097 1204 1359 1268 Rufinae
1385 1247 1405 1278 ,
1445 1204 1808 1268 Dominicus
1850 1204 2222 1268 Passioneus
2261 1205 2360 1267 Ti·

789 1301 903 1365 tuli
932 1301 1127 1365 sancti
1156 1301 1460 1364 Bernardi
1487 1301 1862 1385 Presbyter,
1895 1310 1959 1363 et
1992 1300 2250 1365 carolus
2277 1300 2357 1363 de

788 1399 1046 1463 Marinis
1088 1399 1399 1463 Diaconua
1430 1406 1676 1461 sanctae
1705 1397 1937 1462 Mariae
1982 1397 2042 1460 in
2075 1398 2355 1476 vialata3

792 1503 885 1561 Fr.
917 1496 1150 1577 Joseph
1195 1496 1387 1560 Maria
1417 1497 1497 1558 ab
1524 1502 1873 1559 interamna
1918 1496 2195 1558 Minister
2242 1502 2359 1561 Ge·

786 1593 1023 1663 nel-alis
1049 1593 1306 1659 Ordinis
1346 1593 1653 1657 uiuorum
1685 1593 1877 1655 sancti
1910 1594 2214 1658 Francisci
2248 1598 2357 1659 ca-

786 1692 1186 1776 puccinorum
1210 1732 1232 1763 ,
1262 1697 1355 1753 Fr.
1385 1678 1817 1773 sigismundus
1841 1709 1878 1751 a
1906 1690 2181 1753 Ferraria
2212 1697 2357 1756 Pro-

788 1796 1042 1853 curator
1076 1799 1143 1851 et
1173 1785 1653 1865 commissarius
1681 1783 2006 1850 Generalis
2028 1828 2048 1857 ,
2090 1791 2185 1847 Fr.
2228 1791 2356 1850 Ma·

786 1886 1231 1949 ximilianusa
1280 1880 1641 1965 Wangbena
1692 1879 1997 1945 Definitor
2036 1872 2353 1948 Generalis

786 1970 1148 2064 causaeque
1180 1979 1556 2051 Postulator,
1585 1987 1676 2044 Fr.
1710 1979 2079 2044 Benedictus
2102 2001 2133 2043 a
2156 1986 2351 2044 Masa-

787 2079 918 2152 fra‚
963 2087 1060 2143 Fr.
1097 2086 1372 2144 Ioannes
1401 2078 1595 2142 Maria
1626 2094 1659 2138 a
1691 2084 1912 2141 Parma
1932 2119 1953 2149 ,
1983 2084 2048 2140 et
2074 2083 2167 2139 Fr.
2198 2077 2348 2141 Che·

786 2179 1049 2240 rubinos
1091 2197 1127 2241 a
1155 2181 1360 2240 Novas
1382 2218 1403 2247 ,
1433 2184 1497 2237 et
1518 2175 1637 2258 ipsi
1668 2173 2045 2241 Definitores
2078 2181 2347 2240 Genera·

783 2275 881 2339 les
906 2274 1212 2358 praedicti
1248 2273 1522 2337 Ordinis.

918 2370 1189 2436 Alteram
1223 2391 1336 2453 pro
1383 2376 1596 2445 sancto
1646 2366 1951 2439 camillo,
2006 2377 2351 2450 praeeunte

784 2476 858 2533 l).
892 2476 1130 2534 Ioanne
1173 2474 1369 2531 Lucca
1398 2466 1603 2529 altero
1653 2486 1734 2529 ex
1783 2465 2308 2530 caeremoniariis
2331 2513 2352 2543 ‚

786 2573 1164 2649 peregerunt
1216 2561 1703 2626 Eminentissimi
1757 2561 2117 2625 cardinales
2176 2562 2356 2626 Nico·

783 2662 923 2724 laus
964 2662 1155 2725 Maria
1184 2660 1507 2725 Lercarius
1558 2657 1749 2722 Tituli
1802 2659 1998 2722 sancti
2049 2659 2217 2723 Petri
2270 2661 2348 2724 ad

782 2757 1045 2822 Vincula
1074 2777 1300 2842 gerens
1334 2756 1620 2838 Episcopi
1651 2757 1846 2827 vices,
1877 2755 2102 2820 Silvius
2129 2755 2354 2821 Valen-

780 2859 828 2922 ti
858 2856 1055 2922 Tituli
1085 2865 1333 2920 sanctae
1362 2854 1610 2918 Priscae
1629 2896 1652 2927 ‚
1682 2862 1749 2916 et
1779 2852 2132 2917 Alexander
2161 2854 2350 2918 Alba·

782 2962 904 3018 nus
951 2942 1254 3019 Diaconus
1299 2959 1547 3016 sanctae
1589 2951 1821 3015 Mariae
1863 2951 1943 3014 ad
1998 2955 2347 3034 Martyron

777 3059 898 3137 lin.
948 3058 1058 3115 PP.
1105 3057 1374 3114 Ioannes
1420 3048 1778 3111 Dominicus
1806 3046 2195 3110 constantini
2252 3055 2344 3111 to·

778 3150 906 3212 tius
949 3149 1199 3211 Ordinis
1254 3144 1639 3211 clericorum
1696 3143 2103 3230 Regularium
2164 3145 2344 3210 Mini-

780 3245 1108 3311 strantium
1142 3242 1408 3307 tntirmis
1438 3242 1797 3307 Praefectus
1828 3242 2172 3313 Generalis,
2203 3243 2347 3306 Vin·

778 3342 1023 3406 centius
1069 3337 1380 3404 Micciulla
1433 3345 1807 3403 Procurator
1864 3337 2219 3412 Generalis,
2275 3346 2339 3402 P.

782 3439 1140 3502 Franciscus
1186 3435 1471 3509 stotfini,
1522 3443 1588 3500 et
1641 3442 1710 3498 P.
1757 3435 2029 3499 Thomas
2070 3435 2344 3499 Sancbez

778 3538 965 3600 ambo
995 3533 1426 3605 consultores,
1464 3539 1524 3596 P.
1559 3534 1832 3595 lacobus
1859 3532 2054 3595 Maria
2084 3519 2340 3594 Fabiani

777 3634 1029 3695 Arbiter
1080 3638 1144 3693 et
1187 3627 1571 3693 secretarius
1624 3624 1985 3699 Generalis,
2040 3646 2112 3689 ao
2166 3634 2347 3691 Pater

779 3728 1073 3793 camillus
1119 3727 1195 3789 de
1242 3724 1536 3788 Romanis
1574 3722 1996 3788 Provincialis.

902 3824 1179 3890 Tertiam
1237 3821 1435 3886 sancti
1473 3820 1643 3884 Petri
1693 3820 2003 3899 Regalati,
2047 3819 2124 3883 ad
2156 3840 2341 3901 quam

779 3922 1118 3987 assistebat
1146 3926 1218 3981 D.
1251 3924 1520 3981 loannes
1548 3917 1824 3999 Baptista
1847 3916 2161 3980 Valeriani
2195 3922 2347 3983 cae·

774 4016 1186 4082 remoniarius
1212 4013 1767 4095 Supranumeruin,
1796 4010 2140 4078 attulerunt
2173 4015 2338 4075 Emi-

773 4113 1130 4180 nentissimi
1154 4119 1275 4176 DD.
1296 4110 1656 4190 cardinales
1684 4109 2040 4176 Franciscus
2069 4111 2339 4195 Burgbe-

779 4213 907 4276 sius
935 4211 1130 4275 'rituti
1179 4217 1431 4274 sanctae
1461 4207 1694 4272 Mariae
1724 4206 2192 4290 Transtyberim'
2223 4226 2337 4289 pro

770 4310 1121 4391 Episcopo,
1165 4304 1462 4370 camillus
1505 4303 1825 4368 Paulutius
1851 4301 2045 4366 Tituli
2097 4312 2339 4369 sancto·

769 4427 909 4470 rum
961 4406 1216 4471 Ioannis
1272 4412 1337 4467 et
1385 4401 1599 4475 Pauli,
1653 4410 1741 4465 et·
1769 4400 1992 4463 Nerius
2046 4401 2342 4468 corsinus

773 4502 965 4567 sancti
1006 4495 1323 4565 Eustachii
1358 4497 1665 4562 Diaconus
1693 4538 1714 4569 ,
1778 4503 1896 4560 RR.
1937 4503 2050 4560 PP.
2094 4502 2191 4560 Fr.
2220 4503 2335 4561 Ba·

769 4599 949 4681 pbael
981 4617 1015 4661 a
1067 4604 1430 4679 Lucagnano
1481 4594 1729 4659 Ordinis
1779 4593 2083 4657 uiuorum
2129 4595 2335 4660 Sancti

769 4695 1072 4762 Francisci
1102 4695 1383 4758 Minister
1427 4689 1791 4762 Generalis,
1824 4697 1919 4752 Fr.
1953 4689 2120 4754 Felix
2150 4712 2187 4754 a
2220 4699 2337 4756 Ro-

772 4814 872 4854 ma
913 4813 992 4856 ex
1040 4788 1692 4856 vice-Commissarius
1739 4788 2064 4852 Generalis
2114 4789 2330 4852 Refor-

771 4898 1112 4960 matorum‚
1154 4894 1251 4950 Fr.
1285 4886 1660 4949 Benedictus
1691 4884 1882 4947 Maria
1917 4883 2076 4948 Galli
2112 4890 2333 4948 Procu-

768 4995 937 5048 rator
984 4981 1302 5048 Generalis
1347 4981 1822 5045 Observantium
1851 5021 1872 5051 ,
1926 4986 2023 5043 Fr.
2073 4979 2332 5046 Alexius

763 5100 797 5143 a
829 5088 1019 5143 Roma
1047 5089 1415 5154 Procurator
1440 5074 1762 5140 Generalis
1791 5073 2284 5140 Reformatorum
2312 5121 2332 5152 ,

762 5185 859 5239 Fr.
908 5185 1122 5240 Petrus
1164 5165 1436 5240 Joaune's
1466 5172 1697 5236 Molina
1746 5178 2110 5235 Procurator
2137 5179 2332 5239 Gene·
2371 5249 2384 5262 ἱ

762 5270 912 5335 ralis
959 5270 1491 5339 Recollectorum,
1523 5276 1590 5332 et
1624 5273 1715 5330 Fr.
1749 5265 2331 5336 Vincentius-Anto·

760 5370 897 5432 nius
927 5387 963 5432 a
991 5367 1328 5452 Caprarola
1378 5365 1680 5430 Definitor
1714 5360 2057 5430 Generalis.
2140 5455 2145 5462 Ι

2472 894 2666 998 gistro
2697 959 2718 989 ,
2788 916 3118 979 adfuerunt
3178 923 3427 998 praeter
3489 919 4035 986 Eminentissimos

2473 1011 2830 1078 cardinales
2873 1015 3206 1078 Antonium
3250 1015 3586 1079 xaverium
3640 1017 3721 1080 de
3772 1018 4035 1081 Gentili-

2474 1112 2588 1175 bus
2631 1110 3074 1193 Presbyterum
3130 1113 3325 1176 sancti
3374 1104 3664 1192 Stephani
3707 1113 3769 1174 in
3813 1114 4030 1178 caelio

2469 1211 2680 1270 Monte
2712 1204 2876 1268 vices
2905 1205 3195 1288 Episcopi
3227 1206 3572 1271 cardinalis
3603 1207 4024 1290 supplentem,

2471 1303 2762 1367 carolum
2808 1302 3134 1366 Albertum
3193 1304 3632 1370 Guidobonum
3679 1307 4028 1381 cavalchini

2468 1398 2659 1465 Tituli
2707 1411 2955 1465 sanctae
3001 1402 3234 1464 Mariae
3279 1404 3358 1466 de
3410 1409 3564 1467 Pace
3593 1445 3614 1473 ,
3663 1411 3727 1466 et
3769 1405 4029 1468 Barium

2467 1496 2824 1581 Bolognetti
2879 1504 3236 1561 sanctorum
3296 1500 3557 1563 Cosmae
3615 1502 3710 1562 et‘
3753 1499 4030 1565 Damiani

2469 1596 2808 1658 Diaconum
2834 1637 2856 1667 ‚
2912 1613 3026 1658 sex
3066 1593 3171 1658 alii
3237 1595 3488 1660 Ordinis
3544 1598 4032 1680 capuccinorum

2468 1700 2681 1757 Patres
2721 1691 3045 1774 dignitatis
3085 1692 3282 1775 gradu
3313 1697 3700 1775 praestantes
3723 1700 4027 1777 ,·nempo,

2466 1796 2559 1852 Fr.
2602 1789 2913 1872 Philippus
2940 1789 3021 1852 ab
3053 1789 3297 1853 Ameria
3327 1789 3683 1854 Provinciae
3715 1797 4027 1857 Romanae

2461 1885 2744 1950 Minister
2784 1883 3222 1957 Provincialis,
3256 1890 3348 1969 tr.
3401 1884 3760 1949 Bonit'acius
3791 1893 4031 1950 Roma-

2466 2002 2604 2055 nus,
2634 1988 2730 2046 Fr.
2760 1986 3029 2045 Ioannes
3059 2000 3095 2044 a
3124 1979 3521 2061 coll-pardo,
3553 1987 3645 2044 Fr.
3670 1979 4034 2051 Franciscua

2465 2079 2767 2143 Antonius
2797 2098 2830 2142 a
2878 2078 3234 2152 Fivizzano,
3271 2085 3368 2140 Fr.
3420 2077 3676 2142 Carolus
3721 2083 4026 2145 Antonius

2463 2198 2496 2242 a
2515 2177 2763 2243 Vultrie
2791 2172 3158 2240 Definitores
3188 2175 3634 2248 Provinciales,
3656 2186 3722 2239 et
3753 2181 3846 2239 rr.
3880 2183 4028 2242 Gre-

2462 2275 2676 2358 gorius
2704 2272 3016 2337 Romanus
3040 2270 3482 2347 Ex-Definitor,
3514 2274 3876 2355 Causaeque
3911 2279 4021 2339 ca—

2465 2370 2882 2437 nonizationis
2912 2370 3080 2433 beati
3111 2369 3370 2450 josephi
3399 2369 3771 2433 Postulator.

2589 2468 2878 2543 Quintam
2928 2467 3182 2530 demum
3227 2475 3478 2530 sanctae
3525 2466 3889 2532 catharinae
3942 2470 4025 2535 de

2465 2565 2725 2633 Rieciis.
2755 2564 3017 2628 ductore
3047 2570 3117 2625 D.
3153 2563 3475 2626 Francisro
3506 2567 3872 2647 Manganeni
3903 2574 4027 2632 ter·

2464 2663 2552 2727 tio
2580 2681 2894 2727 sacrarum
2915 2660 3455 2724 caeremoniarum
3479 2661 3771 2743 Magistro
3793 2646 4026 2747 ”Supra-

2462 2778 2787 2824 numerum
2805 2802 2826 2833 ,
2856 2756 3219 2822 detulerunt
3245 2776 3359 2839 pro
3390 2756 3694 2840 Episcopo
3720 2754 4021 2824 Eminen-

2457 2859 2744 2923 tissimus
2773 2863 2867 2920 rr.
2898 2861 3171 2919 loannes
3194 2854 3498 2918 Antonius
3531 2857 4025 2940 Guadagni‘car-

2459 2954 2684 3019 dinalis
2711 2953 2901 3017 'rituli
2935 2960 3286 3016 sanctorum
3339 2951 3623 3015 silvestri
3667 2962 3731 3017 et
3772 2954 4018 3033 Martini

2456 3052 2532 3115 ad
2576 3058 2851 3124 Montes,
2902 3071 2973 3114 ac
3006 3049 3496 3113 Eminentissimi
3545 3042 3904 3116 cardinales
3949 3061 4021 3116 t).

2459 3156 2828 3214 Fortunatus
2868 3145 3233 3212 'ramburini
3276 3146 3465 3209 'rituli
3501 3149 3692 3209 sancti
3723 3150 4016 3214 Matthaei

2452 3247 2514 3308 in
2542 3246 2900 3316 merulana,
2928 3252 2996 3308 et
3025 3250 3290 3324 Prosper
3324 3242 3618 3306 columna
3667 3244 3747 3308 de
3776 3246 4022 3313 Sciarra

2456 3343 2648 3407 sancti
2698 3338 2949 3424 Georgii
2981 3339 3058 3402 ad
3088 3339 3312 3402 velum
3354 3358 3610 3426 aureum
3670 3342 4014 3407 Diaconus‘z

2451 3440 2708 3505 absente
2741 3435 3291 3520 Reverendissimo
3316 3441 3507 3499 Psrr.
3537 3437 3769 3502 Thema
3803 3440 4014 3521 Ripoll

2433 3537 2750 3621 ,Magistro
2781 3532 3336 3599 Generaliordinis
3358 3533 3889 3608 Praedicatomm‚
3909 3537 4018 3619 qui

2453 3653 2647 3700 annos
2674 3637 3034 3696 excesserat
3064 3629 3430 3711 nonaginta,
3459 3651 3708 3695 cereum
3741 3629 4015 3712 primum

2454 3727 2678 3794 detulit
2709 3724 3286 3793 Reverendissimus
3317 3731 3380 3788 P.
3427 3731 3520 3788 Fr.
3570 3727 3863 3792 Nicolaus
3915 3729 4017 3793 Ri-

2454 3825 2602 3890 dolfi
2643 3824 2807 3889 Sacri
2839 3821 3058 3887 Palatii
3095 3823 3425 3903 Magister,
3475 3823 3636 3886 alios
3684 3845 3837 3888 vero
3890 3833 4016 3892 ΕΒ.

2449 3929 2559 3987 PP.
2617 3922 2898 4006 Magistri
2945 3927 3043 3984 Fr.
3095 3921 3454 3984 Vincentius
3498 3920 3692 3985 Maria
3747 3925 4014 3987 Ferretti

2453 4024 2824 4084 Procurator
2850 4015 3175 4082 Generalis
3218 4017 3412 4082 totius
3457 4018 3749 4092 Ordinis,
3783 4024 3876 4081 Fr.
3909 4026 4017 4086 Jo-

2451 4115 2680 4198 sephus
2720 4115 3102 4198 Augustinus
3130 4113 3268 4177 Orsi
3317 4120 3544 4178 Sacrae
3569 4116 4014 4199 congregatio·

2452 4215 2544 4278 nis
2589 4212 2811 4276 indicis
2857 4233 2890 4275 a
2946 4211 3428 4296 secretis,·t·'r.·
3466 4211 3820 4276 Alexander
3868 4213 4011 4278 Pius

2450 4307 2614 4373 Sauli
2649 4306 3435 4389 supremae‘lnquisitionis
3479 4315 3694 4370 contra
3747 4307 4016 4373 haereti-

2447 4425 2582 4470 cam
2629 4404 2992 4485 pravitatem
3020 4445 3040 4473 ,
3082 4401 3448 4472 sivesancti
3488 4401 3698 4470 Officii
3741 4391 4009 4487 congre·

2448 4501 2711 4586 gationis
2733 4498 3239 4567 commissarius,
3260 4505 3352 4561 Fr.
3374 4500 3678 4584 Antonius
3694 4503 4010 4567 Bremond

2445 4596 2847 4664 Provincialis
2898 4595 3160 4666 Daciae,
3193 4603 3256 4656 et
3289 4600 3378 4656 Fr.
3413 4601 3683 4659 Ioannes
3732 4597 4005 4663 'thomas

2445 4695 2522 4758 de
2571 4693 2883 4758 Boxadors
2917 4690 3327 4762 Provincjalis
3378 4692 3766 4773 Aragoniae,
3813 4701 4007 4758 Reve-

2447 4789 2819 4854 rendissimo
2873 4786 3034 4850 Patri
3084 4788 3380 4869 Magistro
3439 4779 3725 4853 Ge'nerali
3751 4788 3893 4872 ¹hoc
3944 4792 4012 4855 in

2446 4905 2699 4950 munere
2729 4881 3124 4948 substitutus.
3717 4947 3722 4952 „

2572 4990 2863 5045 Summus
2910 4978 3195 5044 Pontifex
3237 4979 3550 5061 perceptis
3575 4978 4006 5048 oblationibus

2448 5077 2599 5140 lavit
2624 5097 2701 5141 ex
2734 5073 2907 5140 more
2938 5096 3189 5145 manus,
3219 5072 3337 5158 (ad
3370 5077 3551 5160 cujus
3585 5097 3810 5142 munus
3843 5080 4006 5144 sele-

2444 5182 2577 5239 ctos
2619 5174 2878 5237 Nobiles
2905 5174 3123 5237 Laicos
3174 5172 3490 5237 deduxere
3542 5174 3894 5238 alternatim
3941 5184 4005 5240 et

2448 5279 2514 5334 t).
2559 5279 2747 5333 Lucas
2790 5270 3076 5334 verdiani
3123 5275 3294 5332 etv.
3348 5270 3699 5334 Alexander
3742 5274 3999 5338 Mariani

2445 5366 2767 5434 novissimi
2797 5365 3336 5432 Caeremoniarum
3367 5367 3697 5453 Magistri)
3726 5373 4007 5450 perrexit
