4442 6300
983 477 1092 533 878

797 622 1161 699 superiores
1204 623 1459 689 maximi
1507 625 1688 689 Tboli
1737 626 1903 709 pilae
1933 628 2355 711 obliquantur

797 724 1093 783 Austrum
1125 740 1346 787 versus
1386 732 1453 787 et
1500 726 1918 806 Aquilonem,
1963 727 2049 790 ita
2101 712 2360 811 incipie-

797 813 988 886 hant,
1021 824 1087 885 ul
1119 820 1456 902 utrobique
1488 823 1757 903 primum
1794 822 2066 898 directi,
2102 847 2245 890 mox
2278 827 2353 891 si·

796 913 1012 985 nuosi,
1035 915 1096 981 in
1126 917 1340 984 medio
1368 918 1617 982 demum
1649 942 1687 987 e
1720 922 1970 1003 regione
2001 929 2160 987 Arae
2196 924 2359 1005 prin·

795 1010 951 1093 cipis
981 1016 1043 1079 in
1085 1015 1287 1081 uvalis
1328 1016 1665 1102 hemicycli
1713 1018 1971 1102 figuram
2017 1022 2355 1113 dispositi,

796 1118 1044 1173 rentum
1080 1115 1393 1197 octoginta
1427 1125 1674 1199 septem
1707 1116 2055 1198 palmorum
2090 1120 2356 1203 longitu-

795 1207 1010 1273 dinem
1066 1223 1473 1296 occuparent.
1523 1222 1652 1279 Hos
1693 1236 1896 1303 acque
1937 1237 2006 1280 ac
2048 1218 2157 1284 int
2143 1239 2353 1333 egram

792 1306 1042 1373 ‘theatri
1064 1331 1315 1375 caveam
1337 1315 1683 1397 stragulum
1707 1314 1954 1377 laneum
1975 1314 2187 1378 colore
2208 1318 2352 1379 viri·

788 1403 851 1467 di
880 1406 1249 1480 obtexerat,
1284 1430 1404 1475 nnn
1437 1412 1513 1475 ad
1544 1422 1825 1479 ornatum
1860 1421 2121 1484 tantum,
2154 1417 2263 1478 sed
2288 1422 2353 1478 ut

790 1500 1120 1569 decentius
1133 1526 1317 1589 supra
1331 1509 1560 1589 gradus
1575 1510 1658 1573 ita
1675 1509 2053 1593 compositos
2073 1510 2153 1574 de
2179 1531 2353 1576 more

789 1600 1134 1665 assiderent
1159 1623 1240 1666 eo
1259 1612 1544 1685 tempore
1568 1607 2018 1687 Suffragatores
2049 1609 2110 1669 in
2139 1609 2350 1689 Signa·

791 1704 926 1761 tura
958 1698 1296 1769 lustitine,
1329 1700 1831 1767 Abbreriatorvs
1856 1747 1877 1774 ,
1923 1703 2349 1768 ttel'erendarii

785 1791 1152 1877 Signatume
1183 1797 1538 1880 utriusque,
1574 1800 1958 1864 Cubicularii
1992 1811 2116 1863 tam
2151 1801 2352 1864 intimi

786 1911 972 1970 quam
1033 1890 1346 1957 honorarii
1377 1937 1399 1964 ,
1459 1897 1755 1961 Advocati
1806 1898 2297 1963 consistoria-tas
2327 1942 2352 1972 ,

765 1978 1146 2072 'Cappellani
1179 1993 1565 2058 sanctissimi
1592 1994 1826 2068 Patris,
1855 2003 1980 2060 tam
2009 1995 2118 2077 qui
2148 1998 2229 2060 ab
2261 1997 2354 2059 in-

790 2087 942 2151 timo
971 2086 1214 2154 sacello
1243 2100 1385 2155 sunt
1408 2133 1430 2164 ,
1460 2113 1646 2177 quam
1680 2092 1787 2176 qui
1831 2113 2199 2159 communes
2241 2115 2347 2161 vo-

786 2194 1026 2251 santur.

913 2289 1008 2349 Ex
1026 2285 1249 2352 eadem
1273 2276 1473 2351 Ar'eae
1496 2286 1752 2368 planitie
1782 2307 1979 2370 prope
2008 2289 2349 2355 Veronicae

786 2379 1318 2461 loculamentum,
1348 2385 1580 2467 tripiici
1613 2388 1805 2471 gradu
1839 2387 2049 2451 ibatur
2076 2387 2138 2448 in
2173 2389 2351 2450 tabu-

635 2516 652 2534 ·
782 2477 981 2543 latum
1025 2480 1271 2562 palmos
1309 2484 1642 2551 duodecim
1689 2484 1996 2568 longum,
2041 2485 2345 2558 tredecim

785 2575 1017 2650 latum,
1049 2600 1234 2663 supra
1265 2583 1433 2663 qumi
1463 2591 1764 2647 consueta
1792 2582 2107 2647 eminebat
2137 2586 2350 2649 Ponti-

781 2674 920 2741 fici-
940 2678 1246 2743 cathedra
1266 2676 1554 2767 stragulo
1563 2689 1860 2762 cooperta
1891 2680 2099 2745 scrico
2131 2684 2347 2765 rubrq,

777 2781 845 2837 et
875 2774 1138 2839 floribus
1177 2779 1389 2839 aureis
1427 2796 1790 2890 consperso.
1837 2778 2138 2841 Dorsuale
2181 2778 2347 2862 ejus-

779 2871 926 2935 dem
962 2852 1275 2944 fulcrum,
1319 2872 1521 2939 forma
1567 2875 1744 2957 quasi
1796 2874 2163 2975 triangula,
2211 2878 2345 2967 pari

780 2969 933 3039 item
965 2971 1258 3034 vestitum
1293 2979 1512 3045 texto,
1542 2972 1619 3036 ad
1649 2960 1895 3054 palmos
1925 2973 2229 3038 tredecim
2260 2975 2349 3041 ita

782 3067 1076 3151 utrinque
1101 3069 1641 3151 protendebatur,
1673 3070 1760 3133 nti
1791 3072 2092 3154 posticam
2127 3072 2346 3138 Cathe-

779 3164 932 3229 drae
963 3177 1206 3249 partem
1254 3169 1526 3242 muniret
1569 3169 1809 3250 pariter
1850 3179 1915 3235 et
1956 3179 2230 3237 ornaret.
2276 3173 2344 3252 ld

780 3270 917 3326 crat
933 3284 1192 3345 parvum
1224 3265 1547 3331 pontificis
1575 3268 1841 3340 Solium,
1872 3290 1954 3334 ex
1981 3291 2108 3352 quo
2137 3291 2344 3334 sacras
2380 3295 2389 3314 ·

784 3361 954 3424 idem
985 3374 1195 3428 vestes
1237 3364 1317 3428 ad
1362 3361 1743 3430 sacrificium
1793 3367 2149 3449 accipet-eu
2193 3369 2341 3432 dum
2450 3421 2459 3428 .

777 3465 999 3523 cantus
1026 3466 1230 3523 florae
1268 3461 1491 3525 tertiae
1523 3462 1873 3526 canonicae
1905 3464 1985 3527 de
2023 3484 2196 3528 more
2239 3467 2346 3529 ab·

784 3555 1160 3621 solveretur.
1191 3562 1385 3621 Extra
1414 3557 1564 3620 Solii
1614 3558 1880 3643 gradus,
1925 3581 2085 3642 quos
2128 3561 2348 3626 laneus

777 3661 993 3718 textus
1021 3656 1259 3722 rubeus
1295 3655 1596 3737 tegebat,
1627 3675 1839 3719 mensa
1875 3656 2077 3720 suerat
2118 3657 2347 3726 instru-

780 3761 881 3816 cta
937 3771 1050 3832 pro
1096 3760 1339 3833 septem
1390 3751 1788 3816 candelabris
1848 3753 2150 3820 inauratis
2203 3775 2344 3817 cum

782 3848 1067 3913 candelis
1096 3850 1346 3914 arabice
1371 3850 1598 3929 pictis,
1630 3857 1773 3913 ante
1804 3855 2064 3914 Crucem
2093 3852 2170 3913 ad
2201 3871 2344 3933 sup-

779 3945 1155 4028 plicationes
1195 3956 1262 4009 et
1293 3955 1440 4011 ante
1470 3944 1864 4011 cardinalem
1902 3946 2241 4011 Diaconum
2266 3948 2347 4012 sd

783 4042 1109 4128 Evangelii
1163 4052 1417 4112 cantum
1471 4043 1838 4108 deferendis
1863 4087 1878 4103 .
1935 4050 2001 4107 tn
2060 4046 2344 4128 opposita

784 4160 939 4206 vcro
970 4142 1169 4228 ipsius
1197 4147 1396 4207 Areae
1424 4151 1603 4225 parte
1632 4161 1828 4225 prope
1872 4149 2121 4206 sanctae
2161 4142 2349 4207 Hete-

784 4256 904 4304 nae
932 4238 1422 4310 loculamentum
1451 4283 1472 4312 ,
1502 4240 1780 4322 quinque
1822 4248 2005 4304 erant
2049 4261 2347 4311 mansae,

784 4337 1099 4421 inquibus
1117 4336 1381 4422 singulis
1413 4338 1703 4421 singulae
1733 4345 2195 4420 apponerentur
2221 4339 2345 4406 Ob—

781 4433 1055 4500 tationes
1083 4455 1203 4520 pro
1235 4455 1616 4517 unoquoque
1645 4440 1895 4505 Sancto,
1926 4433 2212 4499 Pontifici
2243 4454 2347 4497 ex·

781 4529 1115 4597 bibendae.
1145 4532 1390 4595 Caeteri
1435 4531 1628 4595 Abaci
1673 4530 1755 4596 ad
1797 4550 1971 4594 sacra
2015 4529 2349 4595 Ministerii

783 4650 972 4706 vasa,
1018 4649 1180 4712 quae
1227 4649 1370 4694 cum
1419 4649 1706 4693 summus
1746 4627 2027 4692 Antiates
2069 4628 2352 4693 celebra·

783 4734 964 4792 turus
992 4734 1115 4799 est,
1144 4745 1181 4789 e
1212 4724 1570 4806 pontificali
1589 4744 1743 4807 gaza
1771 4724 1849 4789 ad
1880 4723 2214 4788 lautiorem
2246 4745 2350 4805 ap·

783 4834 1071 4910 paratum
1104 4824 1317 4888 solent
1342 4821 1672 4904 depromi,
1717 4820 1882 4890 inter
1921 4825 2106 4885 Aram
2157 4819 2350 4884 maxi·

781 4941 948 4984 mam
976 4928 1043 4984 et
1070 4921 1266 5004 ipsam
1297 4918 1551 4983 'theatri
1593 4937 1845 4986 caveam
1891 4916 2174 5010 dispositi
2216 4915 2346 4981 fuc-

781 5028 1038 5179 mutIlion
1082 5113 1267 5197 longe
1306 5132 1342 5176 a
1399 5110 1691 5195 gradibus
1741 5111 1913 5195 parvi
1964 5108 2151 5183 sotii,
2199 5117 2265 5174 et
2308 5129 2340 5172 a

1969 486 2173 539 acra
2211 486 2866 543 «zanontza·rnoms
2899 551 2917 566 ⁶

2469 631 2719 695 'theatri
2778 641 3018 715 partem
3079 634 3630 717 protendebantur.
3688 638 3782 705 Ad
3828 637 4034 713 b·‚·ec

2472 750 2633 811 quae
2665 728 3058 815 Babylonicis
3104 732 3355 803 Aulacia
3385 733 3637 799 fueraut
3684 736 4030 810 insuaue,

2469 846 2584 908 per
2611 826 2928 909 duplicem
2963 831 3217 912 gradum
3249 839 3384 894 erat
3413 850 3747 908 ascensus,
3781 836 3841 897 in
3880 857 4033 917 quo·

2471 943 2606 986 rum
2649 923 2854 993 altaro
2883 924 2943 987 C·
2947 926 3228 991 nudatarii
3259 931 3631 994 eorumdem
3667 933 4036 999 Bmineutis-

2470 1019 2775 1085 simorum
2843 1028 3088 1085 Patrum
3153 1031 3327 1085 eraut
3378 1028 3768 1093 consessuri.
3823 1030 4032 1094 Primo

2468 1116 2613 1183 buic
2653 1119 3092 1182 subselliorum
3124 1120 3329 1183 ordini
3357 1119 3521 1186 alter
3548 1132 3613 1186 et
3646 1125 3866 1188 tertius
3893 1147 4030 1191 suc-

2467 1216 2733 1281 cedebat
2762 1216 2981 1280 eadem
3026 1227 3287 1282 cuneata
3306 1216 3558 1293 forma,
3605 1219 3771 1285 alius
3820 1232 4033 1286 tamen

2466 1311 2589 1376 alio
2633 1310 2859 1384 altior,
2905 1323 2964 1376 ut
3014 1324 3379 1396 prospectus
3420 1316 3485 1376 in
3529 1319 3895 1401 synedrium
3928 1340 4031 1400 pa·

2468 1415 2630 1473 teret
2657 1412 2972 1474 omnibus.
2984 1411 3200 1497 ,Sedes
3229 1412 3381 1486 bae,
3423 1434 3584 1495 quiae
3629 1415 4030 1496 sequioribus

2465 1527 2586 1570 non
2629 1515 2840 1571 tamen
2897 1508 3363 1590 inelegantibus
3422 1512 3719 1577 instratae
3780 1512 4030 1579 fuerant

2470 1603 2935 1686 peristromatis
2961 1649 2983 1680 ,
3023 1606 3397 1670 tenebantur
3445 1607 3853 1673 dextrorsum
3900 1611 4036 1693 qui·

2462 1701 2605 1765 dem
2636 1722 2671 1766 a
2702 1701 3097 1766 Praesulibus
3130 1723 3251 1767 non
3284 1704 3763 1777 assistentibus,
3790 1708 3873 1773 ab
3907 1710 4032 1772 Ab·

2465 1800 2717 1864 batibus
2746 1808 2812 1863 et
2838 1801 3341 1865 Poeniteutiariis
3370 1804 3561 1867 rubra
3588 1802 3804 1870 casula
3854 1794 4030 1867 indu·
4066 1796 4072 1803 ⁹

2461 1896 2583 1972 tiss
2625 1898 3048 1962 sinistrorsum
3090 1888 3242 1965 'vero
3282 1917 3319 1963 a
3364 1901 3792 1966 Gubernatore
3841 1902 4022 1967 Urbis

2463 1995 3001 2059 vice-Camerario
3029 2037 3050 2067 ,
3105 1996 3185 2058 ab
3244 1996 3549 2062 Auditore
3618 1997 3903 2062 Generali
3965 2008 4031 2063 et

2460 2090 2867 2157 'thesaurario
2897 2091 3296 2183 &postolicae
3328 2098 3624 2158 Gamerae
3648 2138 3669 2168 ,
3721 2117 3756 2160 a
3810 2103 4024 2161 Proto·

2461 2189 2717 2254 notariis
2748 2199 2875 2254 tam
2910 2191 3452 2273 Participantibus,
3483 2213 3668 2274 quam
3703 2214 3886 2273 supra
3918 2216 4025 2259 nu·

2462 2308 2704 2352 merum
2724 2330 2745 2360 ,
2775 2288 3132 2370 ceterisque
3161 2287 3342 2359 aliis,
3371 2311 3528 2371 quos
3556 2289 3880 2356 pontificia
3915 2314 4018 2374 po-

2460 2395 2652 2450 testas
2675 2393 2736 2448 et
2770 2384 3253 2463 litieralitas,bac
3274 2387 3705 2470 praerogativa
3728 2390 4023 2472 insignire

2461 2482 2702 2555 voluit,
2734 2489 2803 2548 ut
2849 2481 2911 2544 in
2962 2482 3186 2547 eodem
3246 2484 3597 2548 assiderent
3645 2506 3948 2559 scamno,
3990 2509 4025 2551 a

2461 2564 2917 2663 Religiosorum
2977 2579 3127 2644 item
3176 2581 3660 2657 Mendicantium
3714 2583 4017 2648 ordinum

2459 2678 2763 2755 ministris
2793 2686 2858 2742 et
2889 2677 3407 2747 procuratoribus
3438 2679 3873 2745 Generalibus.
3902 2683 4018 2748 His

2458 2775 2809 2856 proximum
2842 2782 3212 2839 consuetum
3242 2766 3356 2857 ‘pro
3400 2778 3714 2843 Bononiae
3759 2785 4022 2847 Oratore

2457 2891 2780 2936 scamnum
2813 2871 3018 2936 fuerat
3049 2872 3425 2952 appositum.
3469 2881 3589 2939 Pro
3629 2878 4015 2943 Consultori·

2462 2971 2579 3034 bus
2623 2978 2831 3035 autem
2863 2975 3190 3033 Sacrorum
3240 2971 3534 3044 Rituum,
3582 2962 4030 3055 quibus-inte·
4094 2980 4100 2985 ⁴

2458 3087 2635 3132 resse
2681 3064 3042 3152 hujusmodi
3075 3065 3446 3133 Actionibus
3476 3073 3882 3145 conceditur,
3914 3072 4023 3137 bu-

2454 3165 2742 3231 miliores
2769 3187 2806 3230 a
2830 3176 3009 3248 tergo
3040 3164 3215 3247 parvi
3243 3167 3392 3230 Solii
3417 3210 3438 3240 ,
3471 3176 3532 3232 et
3565 3180 3707 3251 post
3738 3172 4021 3238 Oblatio-

2459 3282 2605 3325 num
2638 3282 2890 3327 mensas
2918 3260 3167 3326 riserant
3198 3263 3383 3328 sedes
3412 3274 3678 3345 paratae.

2580 3368 2729 3426 Post
2780 3379 3041 3426 vacuum
3096 3378 3131 3421 a
3177 3358 3387 3424 fronte
3430 3362 3780 3426 Tbeatralis
3838 3385 4025 3430 areae

2455 3457 2734 3540 quinque
2782 3467 2847 3521 et
2894 3456 3108 3539 viginti
3161 3455 3513 3537 palmorum
3567 3458 4020 3538 interstitium,

2456 3554 2696 3635 septeni
2725 3556 3145 3637 assurgebant
3175 3553 3405 3635 gradus
3434 3554 3664 3639 singuli
3696 3559 4020 3623 unciarum

2457 3660 2698 3734 septem
2724 3693 2746 3724 ,
2782 3650 3004 3713 minori
3034 3649 3428 3734 longitudine
3457 3671 3538 3714 ex
3570 3652 3834 3717 adverso
3865 3662 4026 3719 Arae

2458 3745 2795 3831 principis,
2827 3746 3256 3828 productiores
3288 3766 3436 3809 vero
3467 3767 3588 3829 qua
3620 3749 3699 3812 ad
3732 3752 4021 3816 cardina·

2458 3844 2611 3907 lium
2662 3863 3026 3909 consessum
3081 3841 3370 3923 utrinque
3414 3847 3777 3927 vergebant.
3830 3854 4023 3930 Supra

2444 3942 2613 4034 Ubus,
2658 3942 2764 4024 qui
2805 3940 3050 4024 palmos
3105 3940 3384 4023 quinque
3435 3950 3500 4004 et
3541 3942 3758 4006 uncias
3799 3944 4019 4018 decem

2454 4039 2806 4104 altitudinis
2835 4039 3228 4120 aequabant,
3263 4057 3555 4120 suprema
3587 4041 4024 4125 porrigebatur

2459 4138 2708 4202 maximi
2741 4137 2968 4201 'throni
2991 4136 3284 4218 planities
3307 4134 3639 4202 latitudine
3672 4140 4023 4228 palmorum

2456 4234 2819 4307 sexdecim,
2850 4234 3233 4318 longitudine
3265 4253 3375 4297 sex
3407 4232 3607 4299 ferme
3639 4237 4023 4330 supravigin·

2458 4335 2552 4405 ti,
2583 4353 2768 4415 quam
2800 4351 2918 4395 una
2948 4353 3090 4397 cum
3131 4329 3430 4417 gradibus
3474 4331 3723 4396 laneum
3776 4336 4023 4419 peripe-

2460 4439 2660 4494 tasma
2708 4430 2889 4492 rubei
2940 4432 3171 4518 coloris
3215 4421 3491 4512 undique
3545 4441 3897 4516 operuerat.
3944 4439 4018 4496 ‚tn

2462 4526 2558 4591 bis
2591 4526 2829 4592 sessuri
2863 4533 3034 4589 erant
3069 4534 3292 4592 Sacrae
3319 4535 3518 4591 Rotae
3549 4527 3899 4616 auditores
3907 4545 4028 4593 una

2460 4645 2605 4689 cum
2635 4625 2800 4687 Sacri
2836 4619 3063 4686 Palatii
3080 4621 3429 4704 Apostolici
3458 4623 3776 4706 magistro,
3807 4633 3873 4687 et
3892 4623 4027 4689 Cle·

2450 4720 2571 4798 ,rici
2600 4726 2927 4785 Gamerae.
2967 4725 3095 4783 Duo
3126 4728 3454 4800 praeterea
3486 4720 3547 4782 in
3594 4720 3709 4785 bac
3760 4721 4025 4804 planitie

2456 4809 2683 4905 ‘gradus
2724 4826 2902 4883 erant
2926 4816 3289 4882 holoserico
3320 4813 3551 4881 villoso
3585 4820 3774 4881 rubro
3807 4829 4023 4886 ronte-

2458 4916 2540 4980 cti
2563 4959 2585 4990 ,
2617 4935 2777 4999 quae
2806 4917 2884 4979 ad
2911 4914 3301 4980 Pontificiam
3333 4914 3705 4980 Catbedram
3749 4918 4013 4996 praebe·

2459 5022 2596 5079 rent
2623 5014 2885 5079 aditum.
2920 5014 3249 5077 Eminebat
3292 5012 3444 5075 baec
3478 5022 3789 5095 tamquam
3823 5015 4022 5079 totius

2458 5111 2749 5192 corporis
2779 5120 3004 5191 caput,
3036 5108 3280 5192 palmos
3321 5107 3524 5174 ferme
3572 5109 3906 5172 duodecim
3952 5111 4020 5174 in

775 5213 1055 5298 quinque
1085 5211 1480 5278 oblationum
1512 5210 1743 5275 mensis
1771 5227 2020 5278 scamna
2049 5209 2343 5289 utrinque
2455 5228 2694 5272 summa
2739 5209 3086 5288 eademque
3119 5207 3321 5272 media
3363 5205 3615 5276 Theatri
3651 5208 3843 5270 totius
3882 5228 4019 5288 par-

782 5311 1159 5392 incipiebant
1186 5310 1405 5372 ordine
1450 5308 1790 5381 continuo,
1823 5307 1933 5370 ubi
1965 5313 2150 5370 Sacer
2190 5304 2342 5368 assi-
2453 5311 2516 5369 te
2537 5315 2606 5368 ut
2614 5305 2903 5400 prospici
2935 5303 3115 5368 facile
3138 5311 3353 5388 posset
3371 5305 3453 5368 ab
3481 5303 3716 5368 infinita
3731 5325 3885 5387 pene
3909 5306 4018 5369 bo·

790 5409 969 5473 deret
998 5414 1258 5473 Senatus
1280 5449 1303 5482 ,
1331 5417 1400 5472 et
1428 5405 1494 5469 in
1522 5404 1703 5473 cunci
1733 5404 1995 5471 formam
2026 5402 2104 5468 ad
2157 5402 2340 5466 imam
2460 5401 2691 5466 minum
2739 5400 3251 5479 multitudinem,
3282 5421 3442 5485 quae
3484 5420 3567 5466 eo
3608 5395 4014 5470 confluxerat.
