4442 6300
974 465 1081 514 ³20
2004 471 2208 519 Aura
2249 470 2454 519 CAN&
2470 469 2534 517 x·
2546 468 2901 539 zA·r90N18

802 614 1220 714 ignoramus
1253 664 1272 699 ,
1308 612 1505 686 varia
1542 635 1693 683 esse
1741 611 2258 685 miraculorum
2296 638 2562 713 genera
2597 666 2617 695 ,
2651 615 2890 688 varios
2916 610 3205 715 gradus.
3241 612 3515 685 Verum
3573 612 3630 683 si
3657 636 3664 649 ¹
3695 610 3872 701 haec
3928 608 4022 685 ad

802 723 918 799 illa
957 729 1193 801 minus
1222 730 1685 831 aequiparari
1727 727 1972 802 valent
1996 786 2020 819 ,
2056 728 2526 805 nihilominus
2560 729 2739 802 haec
2775 748 3080 832 'quoque
3116 730 3213 801 ita
3276 744 3585 805 naturae
3642 730 3830 804 vires
3887 752 4021 801 ex-

800 843 1081 918 cedunt
1109 900 1132 935 ,
1169 862 1257 918 ut
1292 844 1611 920 dubitari
1649 844 1857 920 nullo
1894 845 2114 922 modo
2152 854 2373 950 possit
2400 902 2423 937 ,
2457 847 2640 950 quin
2676 851 2817 921 sint
2849 848 3240 920 sanctitatis
3306 871 3618 938 eorum,
3674 845 3766 920 ad
3819 843 4019 948 quo-'-

801 989 964 1035 rum
1006 965 1259 1040 merita
1300 963 1490 1037 facta
1524 980 1696 1037 sunt
1721 1018 1742 1055 ,
1775 962 2234 1041 luculentum
2272 990 2836 1067 expressumque
2872 967 3003 1039 Dei
3049 964 3554 1039 testimonium.

956 1085 1067 1156 Ex
1106 1081 1187 1152 iis
1213 1135 1233 1168 ,
1269 1107 1457 1182 quae
1493 1082 1848 1155 hactenus
1880 1080 2076 1156 dicta
2108 1098 2282 1154 sunt
2310 1135 2331 1170 ,
2366 1083 2534 1154 satis
2567 1097 2877 1183 apparet
2903 1134 2926 1167 ,
2996 1104 3216 1182 quarn
3278 1096 3451 1183 apte
3515 1082 3590 1152 in
3651 1078 3796 1152 hoc
3855 1082 4014 1182 ipso

803 1196 922 1269 SS.
964 1196 1487 1299 Apostolorum
1523 1202 1726 1272 Petri
1765 1216 1845 1272 et
1876 1197 2080 1273 Pauli
2118 1196 2498 1272 laetissimo
2533 1194 2650 1270 die
2688 1196 3088 1270 hodiernae
3127 1197 3703 1281 canonizationis
3743 1193 4014 1270 solem-

800 1316 919 1387 nia
956 1313 1454 1388 celebrentur.
1489 1316 1704 1390 Nunc
1739 1332 1979 1390 autem
2011 1371 2033 1407 ,
2070 1318 2417 1418 quoniam
2457 1340 2691 1417 prope
2729 1320 2950 1389 Aram
2981 1315 3429 1389 consistimus
3454 1368 3475 1405 ,
3512 1313 3653 1387 sub
3688 1300 3832 1416 qua
3879 1339 4013 1387 eo-b

800 1430 1138 1505 rumdem
1177 1432 1557 1507 beatorum
1595 1432 2118 1535 Apostolorum
2155 1434 2436 1505 cineres
2469 1448 2545 1504 et
2582 1457 2734 1505 ossa
2769 1429 3007 1532 jacent
3034 1485 3055 1522 ,
3089 1429 3284 1533 quid·
3304 1429 3502 1505 aliud
3550 1447 3770 1507 restat
3796 1480 3819 1520 ‚
3875 1431 4010 1505 nisi

797 1565 887 1621 ut
922 1547 1015 1621 ad
1051 1575 1177 1625 vos
1202 1604 1225 1639 ,
1255 1548 1547 1651 gloriosi
1583 1550 2105 1653 Apostolorum
2140 1551 2517 1651 Principes
2543 1604 2568 1636 ,
2600 1553 3006 1622 orationem
3039 1562 3363 1635 nostram
3397 1564 3475 1625 et
3546 1573 3800 1650 preces
3857 1547 4014 1620 hu-

798 1663 1067 1738 militer
1100 1683 1611 1743 convertamus
1633 1669 1672 1739 ?
1711 1668 1835 1740 Tu
1867 1665 2164 1769 quidem
2197 1722 2220 1757 ,
2259 1666 2657 1739 beatissime
2694 1668 2918 1739 Petre
2944 1720 2968 1757 ,
3002 1664 3508 1741 venerabilem
3572 1665 3770 1739 hunc
3829 1663 4009 1747 Cler-

799 1808 965 1855 rum
1003 1782 1097 1856 de
1135 1781 1354 1857 Caelo
1391 1786 1669 1886 respice
1696 1839 1717 1874 ,
1752 1787 1880 1887 qui
1917 1784 2043 1858 abs
2077 1800 2151 1857 te
2187 1785 2539 1886 originem
2576 1782 2784 1857 ducit
2810 1837 2831 1874 ,
2864 1784 3148 1885 quique
3181 1784 3456 1857 nomini
3505 1797 3637 1857 tuo
3697 1780 4010 1873 devotus

801 1916 873 1975 te
914 1918 1278 2008 perpetuo
1317 1900 1494 1977 colit
1525 1930 1541 1975 ε
1579 1902 1882 2004 Respice
1920 1919 1998 1975 et
2030 1902 2176 1976 Nos
2203 1956 2224 1991 ,
2259 1904 2390 2003 qui
2425 1903 2504 1974 in
2544 1900 2733 1973 hanc
2760 1901 3164 2003 principem
3206 1901 3529 1974 omnium
3566 1896 4026 1981 Cathedram,

799 2046 841 2088 a
880 2034 951 2090 te
988 2018 1389 2095 institutam
1417 2072 1438 2107 ,
1471 2034 1553 2091 et
1585 2042 1775 2118 quae
1812 2016 2296 2092 Ecclesinrum
2334 2021 2658 2091 omnium
2719 2019 3022 2117 unitatis
3078 2032 3188 2092 est
3245 2032 3588 2091 centrum
3615 2070 3638 2106 ,
3695 2017 4008 2119 impares

796 2132 966 2207 licet
1000 2139 1275 2207 meritis
1306 2189 1327 2224 ,
1355 2138 1831 2208 successimus.
1873 2134 1995 2206 Tu
2035 2161 2211 2209 vero
2236 2188 2257 2223 ,
2297 2134 2694 2209 beatissime
2729 2138 3010 2210 Doctor
3043 2135 3396 2211 Gentium
3433 2132 3656 2209 Paule
3680 2187 3704 2224 ,
3753 2157 4006 2237 popu-

792 2248 941 2322 lum
981 2251 1226 2341 hunc,
1260 2276 1479 2353 quem
1518 2267 1593 2324 te
1630 2277 1808 2354 prae
1839 2255 2095 2323 ceteris
2132 2249 2434 2353 diligere
2462 2305 2485 2341 ,
2523 2268 2806 2354 tuoque
2839 2250 3049 2326 cordi
3082 2251 3468 2326 inhaerere
3501 2307 3521 2338 ,
3573 2248 3801 2324 literis
3860 2252 4006 2329 tuis

791 2365 1234 2470 significabas
1261 2422 1280 2459 ,
1318 2385 1786 2471 peramanter
1820 2370 2121 2472 respice.
2159 2367 2276 2445 Ad
2314 2394 2439 2444 vos
2475 2371 2666 2441 enim
2697 2425 2716 2456 ‚
2754 2371 3104 2441 Parentes
3133 2367 3440 2470 optimi,
3470 2382 3549 2440 et
3605 2367 4018 2440 amantissi-

791 2486 888 2557 mi
926 2484 1143 2559 Urbis
1177 2483 1396 2586 hujus
1421 2487 1722 2559 Patroni
1754 2539 1775 2576 ,
1810 2487 1884 2558 in
1923 2501 2147 2558 tanta
2160 2483 2377 2586 hujus
2411 2484 2554 2560 diei
2590 2482 3015 2558 celebritate
3040 2541 3059 2574 ,
3093 2483 3358 2558 fiducia
3387 2481 3595 2586 pleni
3660 2481 4002 2584 confugi-

793 2627 951 2674 mus
978 2655 999 2691 ,
1036 2619 1119 2674 ut
1152 2655 1173 2691 ,
1211 2603 1459 2678 vestris
1495 2602 2150 2678 intervenientibus
2188 2604 2462 2677 meritis
2490 2655 2511 2691 ,
2546 2630 2586 2674 a
2620 2603 2780 2676 Deo
2819 2603 3290 2704 impetremus
3344 2597 3739 2673 catholicae
3794 2598 4000 2674 Fidei

791 2722 1399 2819 propagationem
1434 2771 1456 2806 ,
1495 2716 1861 2791 Romanae
1899 2716 2262 2792 Ecclesiae
2290 2772 2313 2807 ,
2345 2744 2537 2819 quae
2571 2721 2935 2820 sanguinis
2968 2718 3189 2794 vestri
3224 2720 3468 2819 pretio
3502 2714 3818 2793 fundata.
3838 2731 3951 2788 est
3975 2769 4002 2807 ,

790 2832 1297 2908 exaltationem
1336 2850 1416 2907 et
1452 2850 1711 2908 sartam
1749 2851 2009 2909 tectam
2047 2832 2506 2939 Apostolicae
2543 2833 2761 2935 hujus
2795 2833 2999 2908 Sedis
3030 2832 3452 2937 dignitatem
3475 2884 3498 2923 ,
3556 2831 3765 2933 cujus
3833 2833 4004 2908 vin-

789 2948 984 3023 dices
1017 2965 1091 3022 et
1130 2967 1718 3053 propugnatores
1752 2976 1879 3026 vos
1909 2977 2199 3055 semper
2236 2952 2583 3026 extitistis.
2619 2950 2734 3025 Ad
2773 2977 2899 3028 vos
2943 2950 3214 3026 deinde
3271 2951 3812 3045 convertimur,
3871 2948 4005 3023 Fi-·

788 3064 967 3142 delis
992 3121 1013 3159 ,
1048 3065 1349 3141 Camille
1376 3122 1397 3160 ,
1432 3070 1654 3143 Petre
1687 3123 1709 3161 ,
1748 3069 1795 3142 J
1798 3069 2024 3173 oseph
2054 3123 2075 3161 ,
2109 3086 2187 3143 et
2221 3070 2612 3144 Catharina
2639 3124 2663 3162 ,
2698 3094 2884 3174 quos
2918 3067 3138 3143 modo
3185 3083 3441 3156 nostro
3500 3056 3693 3171 apud
3756 3069 3998 3143 Deum

785 3188 1295 3260 intercessores
1330 3184 1494 3261 fore
1526 3185 1825 3261 solemni
1863 3189 2011 3260 ritu
2067 3185 2634 3277 declaravimuS,
2693 3208 3024 3289 quosque
3085 3183 3420 3262 fidelibus
3478 3182 3814 3288 populis
3827 3199 3997 3258 tan-

783 3329 1002 3404 quam
1041 3301 1409 3406 praeclara
1446 3307 1805 3381 virtutum
1843 3302 2167 3407 exempla
2206 3308 2761 3408 proposuimus:
2797 3306 2944 3378 Vos
2976 3329 3278 3406 quoque
3315 3301 3567 3376 humili
3603 3300 3828 3376 corde
3853 3302 3997 3376 ob-

783 3435 1181 3509 testamur,
1214 3437 1304 3492 ut
1337 3420 1789 3494 christianam
1827 3418 2321 3523 Religionem,
2357 3437 2443 3493 ut
2476 3419 2773 3509 Fidem,
2807 3435 2895 3491 ut
2927 3417 3248 3520 denique
3306 3405 3794 3520 Apostolicam
3854 3415 3996 3491 Se-

785 3535 949 3611 dem
986 3473 1183 3639 apud
1219 3539 1450 3612 Deum
1492 3537 1940 3613 orationibus
1978 3542 2230 3613 vestris
2265 3554 2511 3640 tegere
2545 3562 2630 3611 ac
2665 3540 2858 3610 tueri
2897 3536 3334 3639 dignemini3
3373 3535 3597 3609 Nobis
3656 3555 3994 3637 praeser-

784 3654 909 3727 tim
950 3657 1025 3727 in
1061 3657 1421 3727 aerumnis
1448 3709 1469 3746 ,
1503 3655 1769 3757 quibus
1805 3659 1876 3727 in
1912 3654 2099 3728 diem
2139 3655 2652 3729 conflictamur
2679 3710 2700 3745 ,
2736 3671 2811 3729 et
2844 3654 3111 3757 quibus
3147 3656 3346 3727 Petri
3386 3650 3710 3728 navicula
3760 3648 3988 3754 jacta-

783 3787 912 3843 tur
939 3824 960 3859 ,
998 3795 1215 3870 opem
1255 3768 1748 3870 auxiliumque
1783 3769 2106 3844 divinum
2149 3770 2647 3873 implorantes.
2682 3770 2829 3874 Spe
2867 3797 3120 3873 magna
3154 3770 3457 3843 nitimur
3481 3822 3502 3865 ,
3533 3769 3808 3860 Deum,
3833 3768 3990 3842 Vo-

783 3886 894 3958 bis
931 3884 1551 3959 intercedentibus
1578 3940 1598 3974 ,
1632 3887 1779 3960 Nos
1813 3889 1887 3960 in
1932 3886 2171 3960 medio
2207 3891 2386 3962 mari
2425 3887 2917 3992 periclitantes
2950 3914 3103 3960 non
3139 3877 3596 3959 relicturum.
3628 3884 3992 3970 Habemus

783 4005 974 4076 enim
1016 4011 1383 4105 perpetuo
1414 4020 1587 4076 ante
1624 4002 1873 4078 oculos
1907 4007 2211 4080 Petrum
2259 4008 2338 4078 in
2399 4006 2648 4082 mediis
2707 4004 3058 4078 fluctibus
3115 4027 3340 4106 super
3397 4026 3619 4104 aquas
3663 4004 3891 4092 ¹maris
3945 4029 4006 4086 a,

782 4121 1097 4195 Domino
1134 4118 1507 4194 ambulare
1545 4120 1814 4222 jussum
1844 4177 1865 4214 ,
1901 4139 1980 4196 et
2010 4121 2391 4225 naufragio
2430 4126 2674 4226 perire
2715 4138 3160 4196 metuentem
3190 4147 3209 4194 t
3246 4119 3482 4211 Quem
3545 4119 3992 4221 Augustinus

782 4235 1211 4311 advertens:
1248 4239 1330 4311 ΙΝ
1370 4229 1559 4312 uuna
1585 4292 1607 4329 ,
1643 4242 1883 4341 inquit
1913 4295 1932 4330 ,
1969 4265 2336 4314 nonaum·
2379 4265 2724 4315 nrumns
2771 4242 3057 4316 Penius
3087 4292 3108 4328 ,
3167 4263 3258 4311 m:
3315 4259 3532 4310 mon·
3562 4261 3582 4309 ι
3649 4236 3937 4334 Donum}
3963 4290 3987 4326 ‚

783 4379 997 4427 sama
1035 4377 1158 4428 ms.
1191 4357 1547 4428 Ponaiou·
1583 4381 1759 4430 amm
1793 4359 2127 4433 Dominus
2162 4383 2467 4447 mauun3
2505 4383 2596 4432 nr
2633 4382 2944 4443 QUAuvls
2982 4380 3318 4432 mensur
3355 4375 3647 4428 monus:
3681 4354 3991 4428 Momc'AE

780 4495 970 4545 mom
999 4525 1019 4561 ,
1055 4495 1148 4543 υτ
1188 4496 1361 4556 Quin
1394 4497 1769 4546 numi-asu
1796 4474 1836 4546 ?
1876 4499 2117 4548 ‘ranan
2154 4502 2193 4548 Α
2231 4500 2611 4549 uncrinus
2643 4500 2850 4549 narrt
2880 4529 2901 4564 ,
2933 4500 3025 4548 m:
3047 4467 3559 4549 'continu-ran
3582 4493 3993 4562 mammu-

785 4611 933 4662 nm
967 4612 1157 4661 sum
1183 4646 1203 4677 ,
1240 4613 1469 4674 noun
1510 4613 2111 4664 nmms‘mxiutm
2142 4615 2652 4666 rosi-umnam
2694 4613 2943 4666 raanan
2981 4615 3123 4665 non
3183 4614 3396 4664 smrr.
3454 4590 3766 4662 Demum
3827 4585 3994 4690 glo-

778 4709 951 4779 riosi
991 4707 1368 4809 Principes
1404 4706 1926 4811 Apostolorum
1957 4763 1978 4800 ,
2013 4710 2365 4811 Beatique
2403 4734 2648 4812 nuper
2685 4714 2760 4782 in
2796 4707 3234 4783 Sanctorum
3297 4701 3718 4807 Catalogum
3773 4701 3987 4777 relati

777 4819 1002 4904 lenite
1041 4823 1218 4897 iram
1252 4825 1384 4897 Dei
1423 4825 1497 4898 in
1522 4823 1797 4900 “surore
1833 4851 1965 4899 suo
2006 4841 2237 4898 terras
2273 4830 2643 4929 arguentis
2672 4854 2690 4900 ε
2726 4842 3023 4900 exorate
3061 4827 3641 4927 omnipotentem
3699 4820 3989 4910 Princi-

780 4963 949 5039 pem
988 4941 1221 5039 pacis,
1256 4942 1332 5013 in
1370 4938 1581 5041 cujus
1617 4942 1949 5015 manibus
1980 4957 2154 5014 sunt
2188 4941 2416 5016 corda
2442 4944 2728 5045 Regum.
2759 4996 2777 5033 ‚
2816 4960 2893 5015 et
2928 4941 3064 5016 sub
3123 4966 3276 5042 quo
3345 4953 3749 5015 curvantur
3778 4991 3822 5028 ,⁸
3856 4939 3987 5038 qui

777 5070 1081 5157 portant
1115 5057 1430 5147 Orbem,
1468 5074 1552 5130 ut
1587 5060 2015 5146 christianos
2051 5061 2431 5162 Principes
2463 5059 2829 5134 diuturnis
2863 5061 3164 5133 nimium
3195 5055 3492 5134 dissidiis
3517 5057 3709 5137 inter
3741 5079 3817 5130 se
3854 5051 3992 5130 de-

780 5186 1151 5244 certantes
1188 5173 1256 5243 in
1301 5173 1642 5275 pristinae
1677 5174 2050 5248 charitatis
2084 5200 2502 5279 compagem
2548 5180 2906 5276 restituat.
