4442 6300
1471 538 1820 608 (nunqua.
1860 536 2331 595 SMCTORUM
2363 540 2527 602 BTC.

423 690 786 755 neonus
817 688 1276 758 Pfflnnvs
1318 687 1571 750 eonati
1601 686 1934 762 Episcopus

997 786 1311 849 morinus
1335 828 1351 845 .

515 980 587 1044 Id
617 978 1012 1062 potissimum
1042 978 1104 1040 in
1137 979 1326 1043 beato
1346 973 1614 1041 Camillo
1639 975 1719 1038 de
1747 973 1961 1047 totus,

386 1078 568 1162 ouius
596 1075 1115 1145 sanctificationis
1144 1095 1329 1161 cansa
1359 1074 1597 1157 agenda
1630 1081 1754 1147 est,
1783 1077 1964 1136 BEA-

390 1181 696 1240 'rtsstuss
716 1179 994 1246 PATER,
1010 1174 1298 1238 evenisse
1319 1170 1767 1254 conspicimus,
1793 1169 1963 1252 quod

393 1273 464 1334 in
483 1278 725 1349 psalmo
769 1280 876 1345 5o.7
914 1271 1141 1355 Regius
1170 1269 1488 1353 Propheta
1505 1275 1815 1334 testaturz
1850 1273 1969 1351 Cer

391 1364 718 1432 contritam
761 1381 819 1431 ee
861 1374 1247 1432 humiliatum
1271 1408 1293 1442 ,
1331 1372 1522 1431 Deam
1559 1371 1793 1429 scilicet
1833 1384 1964 1427 non

392 1473 735 1542 despicere.
785 1473 925 1549 lpse
978 1466 1144 1530 enim
1191 1464 1390 1529 adhuc
1425 1464 1678 1548 juvenis
1696 1463 1964 1547 juvenili

389 1563 619 1627 ardore
647 1562 869 1628 ductus
897 1584 977 1628 eo
1002 1584 1202 1645 usque
1220 1584 1256 1626 a
1273 1572 1443 1628 recta
1474 1562 1572 1626 via
1602 1561 1960 1626 declinave-

391 1669 534 1732 tat,
566 1678 692 1741 quo
714 1659 1002 1725 interitus
1030 1660 1090 1725 ei
1121 1659 1463 1742 parabatur
1485 1667 1811 1731 aeternus,
1841 1654 1964 1723 nisi

391 1777 617 1823 nanus
643 1757 891 1822 Domini
941 1756 1110 1822 facta
1163 1764 1332 1821 esset
1363 1776 1555 1839 super
1577 1774 1724 1819 enm
1756 1801 1771 1816 .
1803 1755 1964 1819 Hinc

392 1854 720 1936 culparum
754 1873 1006 1918 suarum
1037 1873 1322 1917 moerore
1351 1852 1767 1927 tactus,flevit
1797 1872 1988 1918 ama--

391 1970 499 2024 re,
530 1959 602 2014 et
621 1956 790 2014 Deus
818 1969 1072 2032 qnoque
1100 1957 1423 2032 peccatum
1456 1949 1596 2034 ejus
1624 1948 1960 2021 transtulit,

395 2048 752 2129 avertitque
783 2046 1028 2112 faciem‘
1044 2067 1219 2111 suam
1263 2058 1300 2111 a
1344 2047 1620 2129 peccatis
1649 2043 1825 2112 illius
1848 2090 1869 2119 ‚
1898 2055 1964 2111 et
2051 2132 2058 2137 -

393 2145 536 2229 ejus
565 2164 787 2210 omues
814 2143 1179 2226 iniquitates
1222 2142 1459 2208 delevit
1484 2191 1501 2206 .
1535 2143 1627 2208 oh
1655 2162 1797 2208 vera
1827 2165 1964 2208 mu·

396 2241 554 2306 tatio
584 2240 880 2305 dexterae
908 2239 1156 2304 Excelsi
1185 2242 1203 2302 l
1234 2245 1302 2303 ut
1332 2239 1435 2322 qui
1468 2238 1719 2303 Saulnm
1754 2259 1965 2304 erran·

393 2346 524 2403 tem
550 2347 806 2417 secutus
824 2337 1052 2411 fuerat,
1073 2337 1330 2401 Paulum
1362 2336 1511 2401 inde
1539 2336 1964 2421 poenitentem

400 2443 792 2519 sequeretur.
813 2426 974 2499 Huic
1003 2441 1334 2516 propterea
1362 2441 1492 2498 tam
1525 2433 1845 2500 mirandae
1873 2434 1968 2497 di-

398 2534 579 2609 vinae
609 2531 1018 2604 miserationi,
1038 2552 1157 2613 qna
1179 2531 1501 2613 culparum
1536 2551 1785 2595 suarum
1819 2550 1966 2612 poe·

396 2630 699 2702 nitentia,
729 2636 800 2691 ut
821 2648 1076 2693 carnem
1108 2626 1281 2695 sn'am
1313 2628 1376 2690 in
1404 2628 1772 2695 servitutem
1804 2627 1968 2692 redi-

397 2733 574 2811 geret
595 2772 614 2799 ,
647 2746 772 2808 quo
801 2723 940 2790 zelo
964 2768 985 2797 ,
1016 2745 1215 2806 quave
1245 2724 1590 2797 charitate,
1634 2734 1704 2787 ut
1746 2742 1968 2788 omnes

402 2823 803 2889 lucrifaceret
830 2812 1100 2893 Christo,
1127 2824 1355 2887 beatus
1383 2820 1685 2886 Camillus
1712 2841 1968 2903 respon-

399 2921 605 2994 derit,
633 2920 752 2985 hoc
779 2940 966 2985 unum
997 2940 1330 2986 recensere
1360 2917 1669 2993 sufficiat,
1700 2919 1868 3001 quod
1900 2919 1966 2980 in

402 3039 478 3085 ae
506 3019 644 3101 ipso
674 3020 766 3083 sic
792 3019 1010 3083 saeviit
1038 3017 1342 3082 acerrime
1363 3059 1384 3090 ,
1409 3024 1480 3081 ut
1503 3017 1567 3079 in
1597 3015 1966 3082 admirabile

401 3117 830 3200 poenitentiae
858 3117 1155 3182 transiret
1194 3106 1593 3198 exemplunm
1626 3116 1718 3182 sic
1746 3134 1966 3180 omues

404 3215 664 3299 adiuvit,
692 3215 1002 3280 tit-nullos
1030 3214 1309 3285 labores,
1338 3211 1614 3296 pericula
1656 3213 1828 3277 nulla
1872 3233 1969 3278 re-

403 3311 688 3397 fugerit,
733 3332 1006 3395 eumque
1039 3311 1384 3376 instituerit
1418 3310 1714 3375 Ordinem
1735 3356 1757 3387 ,
1779 3310 1970 3395 eujus

411 3409 656 3480 Alnmni
697 3408 969 3473 Infirmis
998 3418 1175 3493 peste
1206 3427 1458 3491 quoqne
1505 3407 1752 3490 intjectis
1778 3409 1975 3472 inser·
1999 3460 2012 3466 -

405 3505 540 3571 vire
574 3506 838 3572 solemni
869 3516 1017 3571 voto
1046 3506 1421 3589 obligantur,
1451 3525 1591 3570 eam
1620 3504 1971 3578 indubitan-

402 3613 507 3669 ter
529 3605 837 3686 recepturi
870 3604 1262 3676 mercedem,
1293 3621 1478 3685 quam
1510 3602 1757 3685 patiens
1785 3610 1972 3685 atque

409 3703 682 3788 benigna
711 3701 1086 3782 repromittit
1112 3700 1381 3764 charitas
1404 3727 1421 3762 ι

530 3807 712 3864 Hunc
765 3799 962 3882 igitur
1019 3799 1433 3862 fundatorem
1492 3799 1745 3861 PATER
1798 3801 1970 3868 SAN-

405 3896 977 3969 mssmlnhisce
1007 3896 1367 3977 ceterisque
1396 3894 1460 3956 in
1491 3894 1685 3978 gradu
1716 3891 1984 3958 heroico

405 3993 745 4058 virtutibus
784 3993 1062 4066 clarum,
1091 4011 1172 4056 ne
1204 4000 1492 4056 sanctum
1539 3992 1838 4062 dubites,
1878 3997 1972 4055 tot

410 4089 585 4174 signa
607 4134 629 4163 ‚
653 4097 751 4154 tot
778 4087 1074 4154 miracula
1116 4097 1636 4172 praecesserunt,
1665 4089 1836 4172 quod
1866 4089 1971 4153 de·

407 4185 569 4251 derit
600 4185 953 4250 Altissimus
982 4205 1195 4249 vocem
1228 4206 1428 4260 suarm
1456 4192 1525 4248 ut
1556 4191 1845 4250 Sanctum
1880 4184 1973 4247 di-

406 4301 516 4347 cas
535 4325 557 4356 ‚
586 4283 875 4346 universa
905 4280 1184 4345 Infirmis
1208 4281 1685 4346 ministrantium
1703 4281 1982 4346 Familia-

406 4375 740 4443 burniliter
764 4377 1176 4460 deprecatur;
1207 4398 1362 4462 gens
1389 4387 1518 4443 tota
1546 4386 1804 4461 exoptat
1826 4421 1846 4450 ,
1874 4397 1973 4444 ca·
1997 4429 2010 4438 ,

411 4473 680 4540 thelicus
739 4476 912 4538 ethis
966 4483 1257 4557 expectat
1282 4520 1300 4536 .
1357 4474 1668 4538 Exaudire
1712 4474 1972 4558 proinde

407 4576 824 4638 saltemus
847 4577 1148 4635 VESTRA
1178 4572 1473 4654 dignetur
1498 4581 1623 4634 tam
1654 4572 1986 4635 cumulata*

403 4677 587 4742 vota,
620 4677 686 4733 et
715 4669 808 4733 sic
838 4669 1173 4753 gaudium,
1206 4669 1371 4751 quod
1402 4667 1661 4753 Angelis
1684 4668 1816 4751 jam
1845 4657 2002 4753 pri-¹

408 4764 552 4831 dem
608 4784 797 4847 super
846 4784 925 4829 eo
969 4763 1200 4829 factum
1251 4773 1351 4829 est
1397 4765 1464 4827 in
1514 4764 1742 4838 Caelo,
1789 4765 1975 4830 nohis

409 4862 706 4945 equidem
736 4862 860 4927 erit
890 4881 1042 4927 mox
1068 4861 1167 4927 hie
1196 4861 1258 4924 in
1288 4871 1456 4945 terra
1486 4882 1819 4928 commune
1842 4908 1858 4925 .
1933 4901 1942 4914 ι

487 5056 810 5120 ΙΟΕΕΡΗ
840 5060 1107 5134 cuppola
1136 5060 1477 5135 Episcopus
1510 5057 1885 5135 Amenanus

521 5251 792 5312 Monens
834 5246 1308 5316 Ecclesiasticus
1337 5249 1473 5335 (a)=
1504 5254 1641 5315 Non
1670 5253 1734 5314 te
1751 5221 1973 5334 ’pigeat

515 5453 599 5527 (ι)
635 5456 795 5512 ισοι.
819 5443 874 5512 ἰ
903 5458 958 5513 -ι,

3354 533 3460 587 1¹1⁸

2072 682 2336 748 visitare
2378 680 2701 746 Infirmum
2724 722 2745 753 ‚
2776 698 2855 743 ex
2883 677 2980 744 his
3008 678 3176 741 enlm
3209 675 3273 739 in
3304 675 3643 741 dilectione

2072 779 2481 852 firmaberis,
2531 798 2680 844 ecce
2723 776 2891 860 quod
2935 776 3000 839 in
3042 774 3224 856 plena
3253 772 3641 846 dilectione,

2074 877 2185 941 Dei
2219 876 2465 941 scilicet
2490 876 2559 937 in
2593 875 2896 939 charitate
2927 881 2993 940 et
3018 871 3339 945 Proximi,
3384 872 3644 935 beatum

2073 973 2402 1038 Camillum
2451 973 2531 1037 de
2577 970 2765 1038 Lellis
2815 970 3108 1035 excitavit
3154 969 3407 1034 fortiter
3426 1012 3447 1041 ,
3498 987 3643 1032 con-

2075 1079 2319 1136 stanter
2343 1070 2651 1134 firmavit.
2683 1076 2883 1145 Quem
2913 1068 3168 1150 quidem
3199 1068 3523 1133 ardentem
3554 1063 3644 1127 di·

2069 1168 2360 1235 lectionis
2386 1167 2620 1251 ignem,
2651 1188 2850 1251 aquae
2882 1165 3116 1232 multae
3143 1166 3504 1247 neutiquam
3537 1182 3645 1228 ex·

2071 1268 2360 1352 tinguere
2389 1274 2740 1347 potuerunt.
2766 1265 3062 1329 Convenit
3091 1263 3303 1347 igitur,
3324 1270 3394 1325 ut
3420 1269 3644 1332 Roma,

2076 1364 2241 1430 sicut
2287 1370 2355 1426 Β.
2398 1361 2686 1446 Philippo
2713 1364 2911 1427 Nerio
2950 1363 3211 1447 (utpote
3241 1359 3324 1426 de
3354 1380 3424 1424 se
3455 1361 3647 1423 hene·

2073 1460 2569 1546 merentissimo)
2589 1460 2927 1545 gratiorem
2956 1461 3020 1522 in
3048 1459 3184 1524 dies
3204 1479 3274 1524 se
3296 1457 3644 1530 exhiheret,

2073 1560 2164 1626 sic
2195 1578 2449 1643 quoque
2476 1565 2547 1623 B.
2577 1558 2935 1629 Camillum,
2961 1557 3071 1640 qni
3103 1559 3166 1619 in
3194 1557 3414 1622 ordine
3440 1556 3644 1621 cbari-

2077 1657 2227 1722 tatis
2255 1663 2398 1740 post
2426 1676 2567 1721 eum
2597 1657 2773 1729 abiit,
2804 1665 2866 1720 et
2898 1655 3466 1739 obsequentissime
3499 1675 3647 1719 con-

2074 1757 2217 1822 silia
2252 1761 2506 1821 secutus
2534 1764 2630 1819 est
2652 1798 2673 1828 ,
2705 1755 2934 1827 debitis
2975 1773 3139 1820 nunc
3180 1752 3491 1821 sanctitati
3518 1752 3646 1817 lae-

2073 1861 2245 1920 tetur
2270 1852 2620 1919 honoribus
2650 1851 2938 1918 decorari
2966 1896 2983 1913 .

2170 2048 2495 2113 JOSEPH
2526 2053 2703 2117 Rosci
2730 2044 3080 2126 Episcopus
3107 2051 3497 2128 Venafrum
3521 2090 3540 2109 .

2201 2247 2429 2307 Beatus
2455 2240 2759 2307 Camillus
2787 2240 3086 2307 cistellis
3112 2241 3421 2306 Fundator
3444 2239 3642 2304 Cleri-

2073 2360 2293 2405 corum
2359 2339 2751 2427 Regularium
2803 2338 3287 2403 ministrantium
3333 2337 3645 2414 Infirmis,

2074 2442 2535 2502 BEATISSlME
2565 2443 2815 2503 PATER
2838 2480 2860 2511 ,
2892 2444 2988 2500 est
3017 2442 3244 2500 Servus
3287 2433 3400 2503 ille
3441 2434 3645 2499 fidelis

2079 2543 2148 2599 et
2176 2534 2451 2618 prudens
2477 2579 2498 2610 ,
2544 2554 2734 2618 quem
2779 2534 3102 2599 constituit
3131 2533 3429 2598 Dominus
3459 2552 3650 2617 super

2073 2629 2377 2695 familiam
2402 2652 2598 2703 suam,
2625 2638 2694 2694 ut
2724 2630 2833 2695 det
2864 2630 2994 2694 illis
3021 2630 3227 2694 cibum
3253 2629 3316 2690 in
3337 2637 3642 2711 tempore3

2079 2730 2215 2810 ipse
2267 2727 2434 2792 enim
2482 2730 2749 2793 Domino
2798 2727 3216 2812 praecipiente
3254 2734 3319 2789 et
3357 2727 3640 2789 dicentez

2076 2830 2381 2903 inceptum
2404 2847 2552 2903 opus
2569 2844 2962 2903 prosequuta
2991 2831 3268 2891 sanctum
3303 2831 3365 2886 et
3398 2821 3645 2887 Christo

2079 2922 2345 2987 Domino
2390 2921 2684 3005 placitum
2744 2922 3095 2986 institutum
3158 2939 3402 2985 summa
3459 2918 3648 2982 animi

2076 3018 2449 3084 fortitudine
2491 3020 2571 3084 ad
2624 3028 2904 3102 optatum
2968 3016 3151 3095 finem
3200 3018 3528 3098 perduxit,
3573 3020 3646 3081 ut

2078 3116 2406 3182 animabus
2425 3117 2703 3204 pretioso
2718 3116 2942 3182 Christi
2965 3113 3261 3200 sanguine
3282 3111 3646 3196 redemptis,

2081 3223 2148 3279 et
2189 3235 2307 3298 per
2348 3216 2753 3296 adoptionem
2785 3211 3096 3295 cooptatis
3141 3213 3300 3276 inter
3342 3210 3505 3275 filios
3538 3210 3646 3276 Dei

2078 3312 2288 3378 cibum
2316 3312 2494 3376 daret
2524 3314 2587 3373 in
2620 3320 2902 3395 tempore
2923 3353 2944 3383 ‚
2987 3330 3112 3392 quo
3157 3308 3519 3373 colluctatio
3538 3316 3649 3372 est

2084 3411 2384 3474 adversus
2440 3418 2743 3474 Rectores
2800 3407 3200 3472 tenebrarum
3247 3408 3313 3468 in
3361 3415 3648 3470 extremo

2082 3507 2313 3573 mortis
2359 3526 2599 3592 agone;
2648 3506 2859 3571 cibum
2907 3503 3288 3569 fortitudinis
3328 3515 3393 3569 et
3434 3502 3651 3569 salutis

2083 3612 2379 3670 aeternae
2396 3603 2435 3678 ‚²
2462 3623 2588 3687 quo
2630 3604 2707 3667 ad
2751 3601 3089 3666 caelestem
3121 3602 3384 3686 patriam
3418 3601 3644 3688 perdu-

2083 3708 2339 3766 cantur.
2372 3707 2605 3766 Servus
2644 3700 2856 3781 itaque
2909 3700 3021 3765 Dei
3070 3699 3413 3773 Camillus,
3444 3699 3644 3781 quiin

2083 3797 2386 3862 charitate
2428 3795 2705 3879 perfecta
2738 3797 2968 3862 mansit
2990 3839 3011 3867 ‚
3043 3796 3104 3857 in
3135 3802 3279 3859 Dco'
3297 3803 3396 3858 est
3416 3837 3438 3869 ,
3471 3804 3532 3859 et
3560 3796 3652 3856 in-

2082 3902 2183 3957 ter
2218 3891 2493 3958 Caelites
2526 3894 2945 3959 recensendus
2968 3935 2990 3964 ‚
3022 3901 3090 3955 ut
3118 3892 3496 3966 Christiani,
3539 3891 3647 3976 qui

2081 3999 2324 4057 tantum
2356 3991 2731 4055 beneficium
2773 3990 2836 4052 in
2884 3992 3024 4073 ejus
3071 3991 3366 4055 Instituto
3395 4009 3650 4071 recepe·

2079 4096 2269 4161 runt,
2296 4095 2627 4152 Patronum
2658 4094 2724 4153 et
2752 4089 3127 4172 Adiutorern·
3151 4088 3214 4150 in
3246 4088 3467 4152 mortis
3509 4109 3653 4172 ago-

2082 4203 2161 4249 ne
2191 4183 2397 4269 dignis
2427 4183 2773 4248 honoribus
2800 4191 3260 4267 prosequantur
3287 4186 3353 4246 in
3376 4183 3562 4250 terris
3584 4227 3601 4245 .

2238 4350 2801 4444 Hmaomnvs
2843 4333 3105 4442 Lol-onze·
3143 4381 3485 4458 Epi-oopus

2673 4478 3029 4541 scarnensis
3045 4522 3061 4539 .
3109 4487 3114 4491 ’
3478 4495 3487 4504 ·

2210 4667 2585 4736 Beatissimo
2611 4676 2799 4734 Pater
2818 4713 2836 4732 .
2861 4677 3121 4736 Praeter
3144 4675 3387 4736 ceteras
3429 4674 3495 4733 B.
3540 4673 3651 4736 Ca·

2082 4764 2243 4828 milli
2285 4766 2553 4832 virtutes
2597 4787 2879 4833 summus
2908 4768 3046 4851 ejus
3076 4787 3220 4851 erga
3250 4774 3445 4831 Deum
3474 4787 3652 4832 amor

2080 4863 2180 4928 vel
2214 4884 2297 4929 ex
2327 4885 2403 4929 ea
2431 4863 2714 4947 proditur
2741 4872 2865 4929 tam
2896 4866 3120 4948 insigni
3149 4885 3296 4949 erga
3327 4864 3651 4931 Proximos

2081 4961 2419 5035 charitate,
2450 4981 2572 5044 qua
2604 4970 2815 5027 motus
2844 4963 2930 5027 ita
2959 4962 3070 5027 ille
3101 4983 3169 5028 se
3191 4970 3394 5025 totum
3425 4962 3651 5028 animis

2081 5079 2413 5144 aegrorum
2441 5060 2731 5125 curandis
2757 5061 3042 5134 devovit,
3085 5069 3154 5122 nt
3193 5061 3273 5124 ad
3318 5062 3471 5124 tanti
3504 5079 3673 5142 ope·.

1989 5191 1998 5204 ·
2082 5155 2172 5220 ris
2201 5156 2651 5237 perennitatem
2685 5156 3064 5223 clericorum
3110 5157 3299 5222 etiam
3326 5156 3645 5221 ‘Ordinem

2081 5247 2465 5321 instituerit.
2494 5258 2663 5321 Haec
2692 5255 2818 5321 duo
2859 5255 3179 5321 charitatis
3211 5262 3541 5340 praecepta
3560 5298 3581 5330 ,
3610 5273 3649 5321 a
