4442 6300
941 526 1010 578 Η
1919 528 2127 584 ACTA
2170 524 2833 586 CANOthATtoNts

763 684 921 738 runt.
951 675 1089 737 Fuit
1119 694 1197 737 ne
1228 682 1356 737 tuta
1388 676 1551 739 Urbe
1584 672 1793 749 locus,
1823 670 1941 739 tuit
1973 694 2052 738 ne
2080 672 2328 747 domus,

765 772 1229 837 Xenodochium
1256 816 1275 842 ,
1320 771 1687 845 stabulum,
1730 782 1946 858 crypta
1973 816 1993 846 ,
2038 794 2165 853 quo
2221 779 2324 837 Ca·

2442 674 2620 747 serit,
2648 675 2713 738 in
2742 696 2882 740 eam
2917 677 3144 742 Urbem
3175 678 3375 743 iturus
3406 698 3708 761 suamque
3742 680 4009 745 animam

2440 790 2553 851 pro
2584 774 2718 837 suis
2749 772 3066 840 aratu-thus
3089 776 3434 856 positurus.
3467 778 3870 855 Buclanicum
3901 787 4009 841 Pa·

757 871 970 936 millns
996 891 1139 935 cum
1174 871 1305 935 suis
1336 891 1456 934 non
1485 879 1863 952 penetraret,
1885 872 2169 956 jacentes
2197 876 2327 936 ino·
2442 870 2625 933 triam
2672 892 2845 936 suam
2890 890 3132 939 summa
3177 874 3371 957 premi
3414 896 3694 941 annonae
3748 877 4008 942 caritate

752 990 869 1052 pes
909 968 1197 1034 homines
1245 969 1716 1052 conquisiturus
1763 992 1835 1036 ac
1883 968 2327 1036 relevaturus?
2443 968 2824 1033 nunciatur?
2856 972 3045 1035 Adest
3073 967 3375 1037 Camillus
3401 972 3618 1045 illico
3653 975 4010 1054 impetrata·

757 1066 1001 1130 Fuitne
1045 1065 1334 1130 esuriens
1356 1109 1376 1139 ,
1408 1066 1506 1129 cui
1540 1087 1760 1148 panem
1794 1088 1916 1131 non
1968 1067 2321 1152 frangeretg

755 1174 1080 1247 aegrotus,
1108 1185 1299 1247 quern
1334 1164 1397 1226 in
1425 1165 1803 1229 Nosocomia
1834 1166 1964 1229 suis
1992 1166 2146 1250 ipsis
2177 1168 2322 1230 snb-

753 1261 951 1325 latum
982 1262 1255 1326 humeris
1283 1278 1405 1326 non
1435 1260 1839 1337 transferret3
1870 1284 2057 1328 sanus
2077 1306 2096 1336 ‚
2141 1263 2322 1347 cujus

750 1361 1217 1427 conservandae
1238 1359 1424 1423 saluti
1456 1380 1578 1424 non
1600 1361 1999 1443 provideret?
2025 1363 2176 1437 Quis
2200 1362 2323 1427 t'uit

750 1460 989 1532 miser,
1019 1459 1201 1543 cujus
1231 1479 1353 1523 non
1384 1467 1625 1523 curaret
1656 1460 1893 1544 plagas,
1924 1481 2046 1525 non
2076 1462 2319 1526 abster-

754 1567 929 1641 geret
962 1556 1166 1631 luem,
1207 1578 1327 1621 non
1355 1557 1557 1623 lectos
1586 1560 1929 1642 purgaret?
1971 1560 2083 1621 Hic
2126 1559 2315 1623 mise·

2435 1080 2557 1145 que
2597 1068 2885 1133 ubertate
2912 1069 2992 1131 de
3025 1068 3255 1140 Caelo,
3297 1065 3524 1154 insigni
3553 1064 3856 1134 miraculo
3896 1086 4010 1152 per

2437 1160 2650 1242 plures
2681 1162 2816 1229 dies
2847 1166 3148 1231 esurienti
3180 1165 3413 1251 populo
3442 1167 3737 1232 alimenta
3782 1189 4007 1252 suppe-

2436 1257 2610 1323 ditat.
2640 1261 2758 1325 Vix
2784 1261 3050 1376 denique
3080 1263 3291 1329 ullus
3273 1284 3338 1326 tn
3374 1272 3500 1328 tota
3528 1265 3706 1330 ltalia
3740 1258 4001 1346 reperiri

2434 1358 2665 1470 poterit
2696 1357 2907 1431 locus,
2937 1360 3003 1422 in
3033 1382 3162 1443 quo
3193 1360 3492 1426 Camillus
3522 1381 3643 1424 non
3673 1360 4003 1447 reliquerit

2433 1455 2678 1540 insigne
2702 1455 2953 1539 aliquod
2985 1440 3326 1525 charitatis
3329 1480 3478 1529 suae
3509 1458 3923 1542 vestigium.-

2568 1554 2759 1619 ·Etsi
2786 1574 2937 1619 iero
2964 1555 3026 1619 in
3049 1555 3441 1621 intirmorum
3474 1557 3768 1621 domibus
3789 1577 3860 1622 ac
3877 1561 4002 1621 No-

750 1657 1015 1721 tandum
1055 1656 1120 1718 tn
1160 1656 1416 1719 modum
1456 1654 1723 1720 infectos
1768 1658 1992 1721 morbo
2022 1657 2150 1722 suis
2182 1659 2316 1741 ipso
2429 1650 2726 1714 socomiis
2756 1652 3051 1734 peculiari
3073 1653 3343 1736 quodam
3377 1654 3565 1719 modo
3594 1650 3698 1716 illa
3722 1654 3991 1719 emicue-

751 1754 1120 1836 complexos
1140 1755 1430 1819 manibus
1459 1775 1605 1818 suas
1629 1756 1765 1838 ipse
1799 1756 1961 1817 inter
1984 1756 2165 1820 ulnas
2194 1756 2318 1823 alio
2430 1747 2552 1820 ¹²51,
2596 1768 2718 1812 80¹¹
2751 1749 2837 1812 3¹⁸
2866 1758 3074 1814 lamen
3110 1760 3176 1812 ul
3207 1752 3270 1813 ἱυ
3300 1760 3492 1816 οῐπὴθ
3536 1751 3857 1815 hominum
3890 1773 3996 1837 ge·

748 1852 1212 1924 transferebat,
1260 1852 1565 1935 novisque
1615 1852 1871 1917 lectulis
1917 1852 2311 1918 collocabat:

746 1950 887 2014 lllie
912 1949 1287 2014 constitutos
1317 1949 1381 2010 in
1411 1950 1636 2014 mortis
1664 1950 1962 2035 augustiis
1991 1951 2054 2013 in
2098 1958 2217 2033 Spe
2250 1963 2314 2018 et

747 2048 897 2112 Fide
922 2046 1346 2111 confirmabat.
1378 2047 1493 2109 Hic
1524 2047 1862 2131 migrantes
1890 2068 1972 2112 ex
2000 2049 2117 2114 boc
2140 2071 2315 2112 mun·

748 2142 831 2209 do
874 2145 1113 2210 animas
1154 2144 1314 2225 apud
1361 2150 1557 2206 Deum
1592 2144 2025 2219 Orationibus,
2070 2146 2314 2210 Sacrifi-

748 2242 906 2315 ciis,
951 2243 1366 2333 precibusque
1405 2242 1682 2325 juvabat.
1726 2242 2029 2309 Illic‘'vita
2073 2245 2313 2310 functo*

740 2361 879 2404 rum
922 2361 1186 2421 corpora
1233 2341 1365 2403 suis
1404 2341 1692 2405 manibus
1732 2336 1977 2406 feretro
2017 2342 2310 2425 imposita

743 2437 821 2501 ad
839 2435 1160 2518 Templum
1191 2437 1324 2500 suis
1345 2435 1622 2501 humeris
1649 2437 2001 2505 deferebat.
2029 2440 2187 2512 Quid
2216 2430 2311 2501 d'i·

742 2555 877 2600 cam
908 2533 984 2597 de
1025 2533 1199 2598 novis
1231 2533 1520 2617 pluribus
1550 2535 1771 2599 erectis
1805 2535 1865 2597 in
1896 2536 2084 2600 variis
2129 2538 2313 2602 Urbis

740 2630 1020 2714 partibus
1039 2631 1480 2719 Nosocomiis?
1506 2631 1663 2705 Quid
1696 2633 1773 2696 de
1807 2632 1940 2716 ipsa
1965 2631 2312 2717 Religionis

741 2747 890 2792 suae
935 2727 1121 2791 domo
1149 2728 1211 2791 in
1249 2729 1718 2793 Xenodochium
1752 2733 2108 2809 conversa?
2149 2733 2312 2806 Quid

750 2821 831 2888 de
862 2824 1207 2889 innumeris
1248 2827 1703 2909 propemodum
1740 2827 2131 2907 sumptibus,
2174 2830 2312 2911 qui·

748 2920 867 2985 bus
897 2941 1040 2985 cum
1072 2941 1195 2985 non
1228 2932 1441 3002 posset
1470 2923 1750 2987 sufficere
1782 2924 2121 3007 Religionis
2158 2947 2309 2992 suae

740 3027 1074 3103 paupertas
1097 3063 1118 3091 ‚
1160 3020 1529 3102 gravissimo
1549 3020 1757 3086 alieno
1783 3043 1933 3087 aere
1961 3020 2131 3087 illam
2176 3045 2314 3109 gra·

742 3135 885 3180 vare
915 3136 1037 3181 nou
1071 3117 1434 3182 dubitavit?
1471 3147 1497 3175 ι
1533 3127 1537 3133 ’
1788 3192 1795 3198 ¹

879 3244 902 3269 ·
939 3215 1059 3278 Sed
1088 3214 1151 3276 in
1173 3215 1289 3280 boc
1319 3237 1443 3279 uno
1463 3219 2019 3283 commemorando
2050 3214 2310 3285 charita-

744 3312 828 3375 tis
846 3312 1095 3378 Camilli
1114 3323 1495 3398 -argumento
1517 3316 1668 3397 quid
1703 3317 1938 3379 diutius
1968 3317 2306 3391 immoror,

737 3428 878 3472 cum
913 3418 1143 3472 tantum
1169 3430 1420 3492 semper
1447 3409 1551 3473 illa
1578 3412 1876 3495 patuerit,
1903 3422 1970 3475 ut
1992 3433 2104 3477 nec
2120 3415 2309 3479 unius

739 3505 927 3569 Urbis
968 3512 1274 3570 Romanae
1316 3508 1555 3570 ambitu
1600 3508 1946 3581 contineri,
1992 3531 2106 3575 nec
2138 3511 2307 3575 loco·

678 3603 681 3604 ⁷
742 3622 877 3662 rum
924 3600 1232 3665 limitibus
1273 3604 1743 3678 circumscribi,
1786 3626 1902 3670 nec
1947 3615 2305 3689 temporum

737 3700 1216 3765 circumstantiis
1245 3701 1516 3774 definiri,
1539 3723 1653 3766 nec
1685 3704 2091 3769 multitudine
2112 3706 2310 3769 homi-

739 3816 890 3860 num
924 3799 1224 3862 coarctari
1256 3800 1570 3879 potuerit?
1619 3802 1940 3881 Superatis
1984 3802 2307 3886 arginibus

740 3895 945 3958 ‘tibris
983 3897 1307 3960 exundat?
1349 3904 1617 3980 Lateque
1650 3920 1764 3980 per
1794 3902 2023 3964 Urbem
2069 3891 2340 3965 effusus*

737 3993 904 4057 inter
930 4004 1173 4059 ceteras
1200 3996 1440 4068 domos,
1471 4019 1624 4081 quas
1658 3998 1838 4061 undis
1872 3999 2124 4072 obruit,
2153 3993 2306 4064 'San-

741 4091 825 4154 cti
885 4090 1149 4173 Spiritus
1198 4094 1667 4159 Xenodochium
1714 4096 2010 4160 invadens
2066 4098 2305 4180 impetu

741 4191 1063 4269 repentino
1095 4190 1489 4256 intirmorum
1520 4215 1801 4260 cameras
1827 4198 2136 4277 occupat?
2166 4196 2310 4259 Nul-

741 4283 841 4349 lae
870 4294 1129 4367 possunt
1180 4309 1377 4370 aquae
1424 4290 1664 4353 Camilli
1698 4291 2066 4375 extinguere
2110 4291 2312 4355 cbari-

739 4391 969 4457 tatem‚
1000 4386 1170 4449 nulla
1198 4386 1455 4450 flumina
1487 4390 1781 4452 obruere.
1813 4396 1876 4451 tn
1904 4410 2096 4471 aquas
2139 4391 2311 4454 scili·

741 4491 841 4545 cel
872 4482 1160 4547 ulceroso
1190 4484 1381 4548 etiam
1406 4505 1589 4549 crure
1624 4486 1957 4569 prosiliens
1990 4489 2102 4552 bac
2136 4488 2309 4554 illac-

743 4601 867 4662 que
896 4581 1133 4645 tamdiu
1174 4581 1503 4656 discurrit,
1550 4583 1847 4666 quamdiu
1896 4583 2163 4649 tnflrmis
2204 4607 2312 4649 eo·

741 4698 1009 4761 rumque
1056 4681 1329 4764 grabatis
1371 4680 1448 4744 ad
1491 4680 1630 4746 loca
1674 4681 1992 4761 superiora
2040 4684 2168 4747 suis
2198 4683 2309 4746 bu·

746 4779 939 4842 meris
968 4781 1328 4861 exportatis,
1346 4780 1628 4845 consulat
1657 4773 1871 4850 eorum
1904 4780 2088 4845 saluti
2121 4789 2308 4862 atque

2426 1865 2544 1909 nus
2571 1846 2772 1911 effusa
2802 1847 3155 1913 incredibili
3181 1866 3302 1914 nou
3332 1846 3530 1912 tuerit
3557 1850 3849 1914 omnibns
3891 1850 3996 1915 ad·

2420 1941 2725 2024 jumento.
2755 1943 2910 2016 Quis
2940 1944 3106 2007 enim
3139 1964 3474 2009 recensere
3506 1946 3738 2027 poterit
3778 1966 3998 2013 nume·

2427 2039 2620 2103 rando
2647 2039 2746 2109 vel
2773 2040 3053 2123 virgines
3073 2043 3363 2125 congruis
3385 2042 3721 2125 assignatis
3741 2045 3996 2111 dotibus

2429 2136 2647 2221 nuptui
2680 2138 2940 2202 traditas
2969 2149 3077 2203 aut
3103 2140 3461 2212 Coenobiis,
3491 2140 3587 2205 ’rel
3623 2141 3896 2225 Pupillus
3926 2143 3996 2207 in

2425 2233 2554 2298 suis
2575 2234 2825 2318 juribus
2837 2245 3256 2303 „conservatos
3279 2280 3300 2310 ,
3329 2238 3426 2301 vel
3460 2239 3697 2304 viduas
3722 2240 3994 2305 vindica·

2424 2337 2522 2395 tas
2540 2374 2561 2403 ‚
2590 2328 2933 2396 vel‘Nudos
2960 2341 3216 2413 opertos
3237 2377 3259 2406 ,
3291 2334 3388 2403 vel
3407 2335 3787 2413 ‚Esurientes
3829 2346 3995 2402 satu-

2425 2435 2592 2492 ratos
2615 2471 2635 2500 ‚
2678 2427 2775 2493 vel
2809 2429 3173 2513 Peregrinos
3216 2430 3489 2513 bospitio
3523 2438 3851 2514 receptos,
3894 2433 3993 2497 vel

2422 2526 2783 2591 Haereticos
2810 2527 2890 2589 ab
2924 2527 3249 2592 erroribus
3295 2537 3662 2602 revocatos,
3709 2529 3806 2593 vel
3855 2532 3993 2596 tnti-

2428 2623 2604 2689 deles
2636 2632 2948 2688 Romanae
2978 2624 3291 2707 Religioni
3321 2624 3684 2709 conjuncto's
3713 2632 3746 2690 ⁸!
3769 2660 3805 2707 ‘-

2562 2750 2584 2775 ·
2621 2728 2813 2786 Tanta
2845 2722 3056 2803 itaque
3079 2732 3404 2788 aestuante
3431 2724 3491 2785 in
3521 2724 3996 2808 Camilli-pecto·

2424 2837 2495 2882 re
2536 2818 2834 2885 charitate
2858 2862 2879 2892 ,
2919 2820 3135 2883 mirari
3180 2828 3351 2884 certe
3395 2822 3627 2905 poterit
3667 2843 3893 2896 nemo,
3935 2826 3989 2890 si

2422 2924 2771 2981 ceterarum
2818 2918 3007 2980 etiam
3037 2919 3334 2980 virtutum
3365 2939 3588 3003 agmen
3631 2923 3992 2994 accesserit.

2424 3018 2586 3075 Cum·
2619 3014 2784 3078 enim
2819 3015 3118 3099 Reginam
3150 3026 3488 3099 sequantur
3518 3014 3830 3094 Ancillam
3877 3022 3987 3083 ubi

2424 3112 2696 3177 charitas
2724 3120 2818 3177 est
2843 3157 2863 3186 ‚
2909 3114 3308 3180 deesseeillae
3343 3135 3464 3180 non
3493 3127 3773 3199 possunt.
3823 3118 3983 3192 Quid

2419 3211 2611 3294 igitur
2638 3211 2838 3275 dicam
2872 3212 2951 3275 de
2984 3213 3210 3296 insigni
3241 3211 3347 3280 illa
3380 3214 3568 3275 animi
3599 3214 3994 3292 humilitate,

2422 3331 2544 3392 qua
2588 3308 2891 3374 Camillus
2933 3311 3013 3372 de
3047 3332 3115 3375 se
3144 3311 3281 3395 ipso
3309 3319 3436 3374 tam
3468 3312 3721 3395 abjecte
3765 3316 3994 3382 sentie-

2423 3407 2570 3481 bat,
2618 3416 2682 3471 ut
2712 3428 2747 3469 a
2782 3407 2955 3470 nullo
2988 3428 3259 3490 unquam
3293 3410 3541 3476 Ordinis
3589 3414 3899 3478 Fundator
3925 3423 3994 3480 et

2422 3512 2604 3569 Pater
2642 3504 2947 3587 appellari
2996 3507 3395 3586 permiserit,
3439 3519 3505 3571 ut
3538 3510 3706 3573 domi
3751 3512 3994 3598 patinas

2422 3609 2695 3687 tergere,
2717 3602 3009 3667 cubicula
3037 3623 3314 3677 verrere,
3337 3626 3482 3668 vasa
3503 3603 3821 3670 immunda
3852 3627 3996 3688 pur-

2419 3719 2605 3782 gare,
2647 3700 2801 3764 foris
2831 3721 2984 3765 vero
3013 3701 3338 3765 hostiatim
3369 3704 3771 3768 emendicare
3812 3703 3991 3768 fami-

2419 3797 2826 3862 liarissimum
2859 3796 2979 3879 ipsi
3007 3796 3239 3876 fuerit,
3271 3808 3340 3862 ut
3368 3820 3436 3862 se
3467 3820 3535 3863 se
3566 3801 3805 3866 cunctis
3833 3793 3989 3886 abii:

2420 3915 2606 3965 cere,-
2637 3894 2899 3959 aliorum
2932 3896 3127 3977 pedes
3160 3895 3469 3970 osculari,
3498 3896 3766 3961 aliorum
3799 3899 3990 3963 virtu-

2421 4003 2548 4057 tem
2582 3992 2872 4057 admirari
2901 4034 2921 4064 ,
2952 3991 3021 4056 se
3051 3992 3255 4057 solum
3288 3993 3612 4073 despicere
3635 4037 3653 4066 ‚
3685 4015 3756 4059 se
3785 3995 3990 4075 solnm

2423 4088 2867 4161 miserrimum,
2902 4110 2970 4153 se
2994 4088 3196 4153 solum
3232 4097 3622 4171 peccatorem
3648 4093 3989 4156 maximum

2420 4210 2492 4254 ac
2548 4188 2927 4252 destinatum
2972 4187 3251 4251 aeternis
3294 4187 3539 4270 ignibus
3581 4189 3868 4252 titionem
3911 4212 3995 4255 ex

2420 4281 2628 4352 animo
2672 4296 2961 4366 reputare
2991 4285 3426 4358 consueverim
3456 4293 3523 4350 ut
3552 4286 3838 4351 abdicata
3885 4309 3993 4368 ge-

2422 4382 2618 4448 nerali
2672 4382 2921 4447 Ordinis
2972 4380 3371 4454 Praefectus-‘a
3416 4384 3582 4445 inter
3619 4385 3789 4465 ipsos
3829 4405 3989 4466 quos

2423 4481 2803 4545 enutriverat
2843 4479 3009 4543 filios
3051 4499 3239 4551 suos,
3286 4478 3349 4541 in
3395 4479 3558 4543 servi
3605 4478 3803 4543 forma
3837 4501 3992 4548 esse

2419 4579 2684 4645 voluerit
2703 4580 2738 4639 ¹?
2764 4578 2920 4651 Quid
2942 4578 3021 4639 de
3045 4577 3158 4638 illo
3178 4576 3584 4659 Evangelicae
3609 4579 3991 4660 Paupertatis

2421 4676 2774 4739 admirabili
2811 4674 3062 4757 spiritu,
3095 4692 3218 4756 quo
3244 4683 3495 4737 terrena
3525 4681 3742 4738 cuncta
3771 4676 3991 4756 despe-

2371 4777 2372 4782 ’
2418 4775 2559 4842 xit?
2585 4774 2744 4848 Quid
2775 4772 2854 4836 de
2886 4770 3181 4853 singulari
3218 4771 3321 4835 illa
3354 4771 3544 4832 animi
3577 4771 3994 4835 mansuetudi-

743 4876 1082 4940 securitati.
1125 4878 1458 4942 Mediolani
1492 4888 1733 4962 pestem
1766 4878 2032 4961 grassari
2077 4877 2315 4961 siguifi—
2424 4892 2547 4944 ne,
2588 4891 2707 4950 qua
2737 4869 3033 4943 labores,
3075 4887 3446 4940 aerumnas,
3477 4865 3734 4950 injurias
3777 4876 3992 4932 contu·-

745 4980 966 5039 eatur?
993 4975 1155 5039 Nihil
1187 4985 1321 5049 est,
1354 4997 1479 5060 que
1507 4976 1808 5040 Camillus
1838 4976 2039 5040 valeat
2083 4976 2313 5040 retine·

2428 4970 2780 5050 meliusque
2811 4965 3276 5079 aequanimiter·
3285 4965 3446 5029 adeo
3479 4965 3657 5038 tulit,
3687 4974 3752 5027 ut
3781 4964 3991 5028 detra·

746 5074 836 5145 ri,
870 5075 1199 5156 quominus
1229 5081 1442 5139 Genua
1472 5076 1581 5137 ubi
1616 5093 1852 5136 moram
1884 5073 2212 5144 trahebat,
2247 5074 2310 5140 in
2423 5076 2631 5132 ctores
2679 5087 2825 5129 suos
2873 5064 3042 5129 omni
3084 5062 3313 5125 amoris
3352 5065 3540 5144 atque
3592 5061 3993 5144 benignitatis

744 5191 882 5235 eam
914 5175 1111 5253 ipsam
1144 5175 1408 5246 Urbem,
1454 5193 1645 5257 quam
1675 5171 1781 5235 alii
1827 5170 2311 5254 diligentissime
2428 5186 2618 5232 sensu
2670 5161 3073 5243 complexus,
3122 5160 3242 5222 sibi
3296 5166 3547 5241 Deoque
3578 5158 3991 5224 amicissimos

749 5272 1189 5344 declinabant,
1221 5291 1464 5337 stimma
1497 5270 1782 5353 protinus
1813 5266 2061 5331 advolet
2092 5267 2313 5331 alacri·

750 5378 900 5435 tate.
944 5378 1300 5453 Corn-ptam
1347 5370 1569 5433 eodem
1602 5369 1825 5430 morbo
1872 5366 2167 5431 Nolanam
2212 5372 2317 5429 Ur-

710 5541 719 5552 ,
755 5471 900 5536 bem
929 5468 1278 5553 iutelligit?
1298 5465 1620 5554 Neapolim
1650 5463 2177 5547 subito—Camillus
2204 5463 2310 5526 de-

2425 5261 2696 5326 fecerit?
2725 5259 2882 5333 Quid
2915 5259 2997 5321 de
3028 5256 3233 5320 studio
3257 5254 3368 5319 illo
3395 5255 3712 5319 Orationis
3741 5256 3995 5319 assiduo

2431 5367 2493 5421 et
2526 5355 2986 5437 contemplandi
3007 5352 3454 5417 consuetudine
3484 5371 3606 5415 non
3631 5352 3993 5433 interrupta,

2429 5457 2529 5524 cui
2563 5464 2732 5520 tanto
2761 5452 2948 5519 animi
2983 5471 3193 5525 sensu,
3225 5449 3416 5514 etiam
3446 5469 3585 5513 cum
3620 5448 3882 5512 tntirmis
3910 5447 3998 5513 l'a·
