4442 6300
1450 549 1800 617 QUINQUE
1866 547 2336 603 SANCTORUM
2408 550 2577 603 ETC.
3368 553 3440 604 ’Π

362 712 537 775 quae
580 691 952 757 dicebantur
975 691 1055 755 ab
1086 691 1239 774 ipsis
1258 736 1281 766 ‚
1309 691 1456 755 dnm
1484 690 1759 757 Infirmis
1790 692 1944 757 assi-

372 798 651 862 sterent,
681 796 748 851 et
788 788 1156 870 praesertim
1192 788 1616 859 ⁴morientibus
1658 787 1946 872 spiritua-

372 885 500 950 lem
532 905 716 966 opem
752 885 1071 951 afferrent.
1105 914 1126 940 ·

511 1013 534 1038 ι
583 991 829 1047 Interea
860 990 1072 1048 tamen
1100 991 1353 1067 tempus
1386 982 1542 1046 illud
1573 982 1942 1057 advenerat,

373 1102 501 1162 quo
527 1080 842 1145 caelestes
885 1080 1078 1144 iidem
1113 1080 1412 1163 Spiritus,
1459 1080 1564 1162 qui
1597 1079 1696 1153 bic
1724 1079 1787 1143 in
1820 1086 1941 1142 ter-

369 1180 459 1243 ris
502 1178 773 1241 Camillo
820 1179 1123 1243 inservire
1173 1178 1596 1261 gestiverunt,
1644 1178 1938 1243 eumdem

370 1297 585 1342 secum
616 1275 958 1341 transferre
990 1277 1053 1339 in
1082 1275 1428 1341 caelestem
1457 1274 1728 1339 Patriam
1759 1273 1941 1339 festi·

371 1378 622 1439 nabant.
674 1374 850 1449 Quod
900 1393 1041 1439 cnm
1093 1373 1356 1439 caelitus
1406 1373 1529 1437 sibi
1575 1372 1933 1437 nunciatum

368 1481 539 1537 esset
561 1518 583 1546 ,
611 1472 764 1538 satis
792 1471 1094 1556 explicari
1124 1490 1244 1536 non
1272 1478 1522 1554 potest,
1552 1477 1789 1554 quanto
1818 1470 1939 1553 spi-

371 1572 532 1636 ritus
560 1572 653 1636 sui
681 1570 935 1634 fervore
966 1589 1079 1653 per
1107 1577 1284 1635 actus
1326 1569 1715 1634 certissimae
1740 1567 1934 1647 fidei,

367 1670 829 1735 sincerissimae
880 1666 1196 1731 charitatis
1218 1711 1239 1742 ,
1285 1668 1660 1750 assiduaque
1721 1687 1932 1731 rernm

365 1766 735 1831 caelestium
774 1763 1301 1846 contemplatione
1344 1764 1408 1825 in
1439 1783 1762 1829 occursum
1806 1772 1928 1828 Do-

367 1864 514 1925 mini
544 1883 613 1926 se
643 1862 1128 1945 praeparaverit.
1162 1869 1278 1925 Per
1305 1861 1556 1945 triginta
1583 1869 1714 1926 tres
1742 1862 1933 1945 igitur

364 1981 611 2026 menses
640 1960 810 2024 lenta
840 1958 1233 2041 molestaque
1263 1955 1430 2024 febri
1472 1960 1932 2041 patientissime

365 2059 652 2128 tolerata,
679 2077 822 2122 cum
860 2057 1084 2122 adesse
1109 2056 1239 2140 jam
1268 2056 1645 2140 intelligeret
1675 2059 1932 2140 optatis-

367 2159 588 2222 simam
651 2155 825 2217 illam
878 2154 1044 2218 diem
1067 2196 1089 2227 ,
1138 2176 1261 2238 qua
1315 2155 1816 2229 dissolveretur,
1864 2163 1931 2222 et

363 2262 532 2319 esset
561 2273 704 2318 cum
728 2252 995 2324 Christo,
1016 2253 1378 2317 convocatis
1410 2253 1739 2337 Religiosis
1773 2254 1929 2329 suis,

361 2353 603 2417 veniam
638 2351 716 2413 ab
756 2350 838 2414 iis
864 2350 1220 2414 humil-lime
1264 2350 1434 2430 prius
1468 2350 1808 2434 postulavit
1850 2351 1928 2416 de

366 2471 549 2516 cursu
580 2471 696 2515 suo
723 2492 743 2521 ,
774 2457 845 2512 ut
872 2447 1080 2531 ajebat
1106 2491 1126 2520 ,
1156 2447 1427 2528 pessime
1456 2455 1927 2526 consummato;

362 2548 588 2611 deinde
620 2568 770 2611 vero
807 2544 1075 2626 plurima
1107 2544 1327 2609 salutis
1357 2546 1594 2610 monita
1623 2547 1789 2609 circa
1819 2548 1928 2612 Dei

361 2644 786 2726 proximique,
817 2642 1147 2724 praecipue
1176 2660 1328 2705 vero
1358 2642 1756 2707 Infirmorum
1785 2643 1928 2709 cba-

361 2739 654 2813 ritatem‚
697 2749 872 2803 aestu
905 2737 1092 2800 divini
1138 2738 1464 2821 cujusdam
1494 2740 1762 2804 fervoris
1795 2740 1928 2822 ple-

362 2836 620 2900 nissima
647 2834 1154 2921 communicavit.
1183 2842 1406 2900 Postea
1435 2857 1583 2901 vero
1603 2835 1924 2903 Ecclesiae

363 2934 768 2998 sacramentis
798 2952 1045 2996 summo
1072 2931 1321 3013 pietatis
1352 2943 1417 2997 et
1440 2934 1759 3017 religionis
1790 2956 1928 3000 sen-

360 3052 432 3094 su
475 3030 834 3111 susceptis,
884 3029 1058 3092 brevi
1103 3030 1372 3095 tolerato
1414 3033 1637 3096 mortis
1679 3053 1923 3116 agone,

361 3130 693 3194 abscondit
732 3151 875 3194 cum
936 3127 1182 3194 Christo
1230 3130 1417 3193 vitam
1462 3151 1636 3194 snam
1689 3130 1752 3192 in
1794 3137 1926 3197 Deo

358 3246 522 3290 anno
553 3226 773 3290 salutis
802 3226 1143 3291 millesimo
1183 3228 1642 3292 sexcentesimo
1674 3227 1924 3293 decimo

363 3333 583 3406 quarto
606 3367 626 3396 ,
658 3324 760 3386 die
791 3324 1039 3387 decima
1070 3334 1288 3406 quarta
1320 3324 1497 3399 Julii,
1526 3326 1749 3391 aetatis
1771 3347 1922 3391 suae

359 3422 753 3506 sexagesimo
783 3422 1019 3504 quinto.
1076 3452 1097 3477 n

490 3550 512 3574 ο
565 3519 794 3584 Audito
837 3520 1033 3602 ipsius
1064 3521 1278 3594 obitu,
1322 3541 1462 3584 cum
1509 3521 1777 3585 maxima
1825 3542 1923 3585 sn-

356 3617 488 3680 bito
531 3618 734 3681 omnis
764 3617 1003 3681 ordinis
1042 3616 1378 3680 multitudo
1405 3617 1815 3682 confluxisset
1843 3618 1921 3682 ad

356 3715 683 3797 Templum
713 3720 972 3778 Sanctae
1001 3714 1231 3778 Mariae
1256 3713 1663 3806 Magdalenae
1693 3715 1922 3797 pretio-

357 3832 490 3875 sum
536 3812 675 3893 ejus
717 3811 983 3874 cadaver
1030 3817 1396 3873 veneratura
1423 3853 1441 3882 ,
1499 3808 1920 3875 clementissi-

356 3927 492 3971 mus
523 3915 691 3972 Deus
718 3907 931 3972 multis
965 3907 1317 3981 miraculis,
1341 3917 1405 3968 et
1436 3907 1783 3992 insignibus
1813 3910 1921 3970 be-

353 4005 593 4070 neficiis
624 4013 911 4070 Sanctum
935 4026 1116 4069 suum
1145 4005 1336 4069 voluit
1373 4004 1543 4070 illico
1564 4003 1917 4069 mirificare:

353 4108 519 4166 lnter
544 4125 705 4186 quae
737 4103 986 4167 silentio
1012 4103 1340 4184 praeteriri
1360 4124 1479 4167 non
1511 4103 1727 4173 debet,
1750 4103 1916 4185 qnod

352 4200 427 4263 ad
472 4202 823 4284 simplicem
869 4200 1115 4265 Camilli
1164 4208 1516 4265 contactum
1547 4243 1568 4273 ‚
1612 4206 1918 4283 quotquot

350 4301 427 4362 ab
460 4300 797 4362 immundis
827 4299 1153 4380 spiritibus
1171 4298 1376 4362 vexati
1408 4299 1484 4363 ad
1510 4298 1795 4379 ejusdem
1819 4321 1919 4363 ac-

350 4418 598 4463 cessere
618 4397 903 4470 cadaver,
926 4383 1365 4461 fuerunt'illico
1386 4395 1663 4470 liberati,
1690 4394 1915 4459 iisdem

352 4495 683 4577 spiritibus
718 4494 1026 4577 insignem
1070 4494 1318 4557 Camilli
1350 4494 1641 4558 virtutem
1676 4500 1740 4557 et
1786 4492 1919 4577 glo-

347 4594 503 4658 riam
536 4611 692 4656 voce
723 4593 990 4655 maxima
1021 4592 1391 4674 praedicare
1416 4593 1672 4655 coactis.
1729 4620 1750 4645 ι

478 4719 507 4744 ι
557 4695 710 4753 Cum
757 4689 1162 4773 postmodum
1207 4689 1471 4753 coelesti
1511 4689 1754 4753 lumine
1798 4687 1916 4753 cir-

346 4786 698 4851 cumfusum
733 4793 800 4851 se
831 4787 1122 4869 plurimis
1152 4788 1562 4868 spectandum
1591 4785 1917 4869 praebuis-

351 4894 467 4956 set,
499 4883 767 4967 ejusque
799 4883 1058 4967 gloriam
1092 4882 1313 4946 multis
1344 4884 1561 4947 testari
1597 4881 1913 4946 miraculis

349 4984 516 5044 Deus
570 4982 826 5043 minime
884 4980 1276 5054 destitisset,
1323 4981 1421 5064 agi
1469 4987 1760 5061 coeptum
1814 4988 1913 5044 est

343 5078 531 5157 paulo
563 5086 705 5159 post
752 5078 887 5160 ejus
918 5077 1155 5141 obitum
1202 5078 1281 5140 de
1313 5097 1392 5140 eo
1432 5075 1600 5140 inter
1641 5074 1914 5140 Coclites

346 5175 754 5238 recensendo.
791 5182 980 5238 Porro
1012 5174 1228 5237 multis
1262 5173 1567 5239 confectis
1596 5175 1909 5238 ordinaria

347 5278 411 5333 et
438 5271 796 5352 Apostolica
842 5271 1142 5338 facultate
1172 5272 1575 5337 Processibus
1598 5313 1618 5344 ,
1663 5291 1913 5336 eorum·

348 5385 464 5447 qne
494 5368 815 5432 validitate
849 5372 1213 5452 approbata,
1245 5369 1452 5451 iisqne
1483 5369 1561 5432 de
1597 5388 1773 5432 more
1806 5369 1913 5432 be·

352 5482 429 5530 ne
458 5468 797 5539 discussis,
840 5475 980 5550 post
1008 5467 1261 5551 longum
1307 5466 1795 5549 diuturnumque
1824 5466 1907 5530 si·

671 5595 859 5634 nauso
928 5595 1038 5634 xxv.
1083 5594 1233 5632 rom.
1277 5583 1403 5634 vn.

2056 692 2317 754 lentium
2341 736 2363 767 ,
2407 693 2659 759 tandem
2690 716 2725 759 a
2751 694 3095 760 Benedicto
3140 702 3297 758 xm.
3331 702 3395 759 P.
3428 703 3498 761 Ο.
3532 702 3616 761 Μ.

2052 789 2154 853 die
2184 789 2487 873 vigesima
2518 799 2737 874 quarta
2765 791 2918 856 Julii
2949 812 3110 857 anno
3144 792 3492 858 millesimo
3522 814 3620 859 se·

2052 887 2538 970 ptingentesimo
2578 889 2880 975 vigesimo
2916 898 3135 956 octavo
3159 934 3179 961 ‚
3224 900 3508 956 constare
3537 893 3618 959 de

2049 984 2291 1046 Camilli
2331 984 2558 1051 virtute
2602 988 2666 1049 in
2706 987 2906 1071 gradu
2939 988 3193 1052 heroico
3237 987 3614 1055 declaratum

2052 1088 2168 1142 est.
2224 1109 2248 1134 ο

2184 1205 2205 1230 ·
2258 1185 2414 1242 Tum
2457 1199 2649 1252 vero,
2692 1200 2833 1244 cum
2882 1181 3223 1255 miracula,
3266 1202 3429 1264 quae
3471 1192 3613 1265 post

2048 1273 2289 1338 obitum
2336 1284 2835 1357 perpetraverat,
2878 1279 2941 1341 in
2993 1280 3427 1361 quaestionem
3472 1302 3614 1363 pro·

2047 1369 2232 1436 ducta
2282 1370 2582 1446 tuissent,
2632 1373 2712 1439 iis
2761 1376 3054 1441 omnibus
3108 1377 3232 1442 rite
3273 1377 3608 1461 valideque

2047 1467 2353 1534 confectis
2372 1513 2392 1541 ,
2427 1471 2715 1554 beneque
2746 1472 3099 1555 perpensis.
3130 1494 3292 1557 qnae
3322 1495 3404 1540 ex
3433 1484 3610 1540 Sum·

2046 1582 2290 1630 morum
2335 1566 2704 1632 Pontificum
2752 1571 3032 1634 Decretis
3085 1570 3319 1636 sancita
3365 1582 3507 1636 sunt
3547 1575 3608 1636 in

2045 1661 2250 1727 solitis
2291 1666 2926 1749 congregationibus,
2969 1666 3074 1730 die
3106 1668 3355 1733 demum
3384 1670 3610 1755 vigesi-

2042 1776 2146 1823 ma
2188 1772 2363 1824 sexta
2408 1763 2796 1842 Septembris
2836 1765 2978 1827 anni
3013 1763 3333 1829 millesimi
3378 1770 3607 1849 septin-

2041 1858 2374 1939 gentesimi
2418 1859 2876 1943 quadragesimi
2908 1862 3092 1943 primi
3132 1868 3608 1931 BENEDICTUS

2041 1961 2197 2018 xlv.
2232 1962 2293 2018 P.
2326 1963 2397 2021 O.
2423 1963 2504 2022 M.
2536 1957 2660 2022 duo
2681 1979 2759 2022 ex
2782 1978 3005 2023 novem
3032 1960 3366 2042 propositis
3384 1983 3608 2045 appro-

2040 2054 2233 2118 bavit.
2265 2062 2539 2130 Quorum
2562 2056 2824 2139 primum
2855 2066 2951 2123 est
2970 2057 3048 2120 de
3065 2059 3338 2123 undenni
3362 2059 3604 2135 Puella,

2042 2172 2203 2233 quae
2234 2174 2375 2216 cum
2417 2154 2686 2218 viterbii
2731 2175 2845 2238 per
2881 2166 3125 2236 septem
3171 2177 3423 2223 menses
3448 2157 3607 2222 affli-

2039 2254 2139 2312 cta
2185 2248 2409 2313 fuisset
2450 2251 2771 2315 dirissimo
2813 2252 2876 2313 in
2909 2254 3166 2318 naribus
3207 2252 3482 2340 polypo,
3525 2277 3607 2320 ex

2040 2344 2179 2410 solo
2204 2343 2298 2409 fili
2330 2348 2567 2411 Camilli
2586 2349 2930 2414 subuculas
2958 2358 3246 2415 contactu
3267 2354 3603 2419 convaluit.
3726 2408 3735 2413 .

2039 2443 2322 2508 Alterum
2367 2466 2517 2510 vero
2548 2447 2629 2512 de
2670 2446 2995 2512 Catharina
3026 2449 3310 2514 Dondula
3348 2451 3606 2536 triginta

2042 2560 2341 2605 annorum
2391 2542 2702 2618 muliere,
2750 2566 2913 2628 quae
2956 2566 3100 2610 cum
3142 2556 3382 2613 Romae
3423 2559 3604 2614 sexto

2039 2639 2412 2720 gestationis
2463 2659 2677 2705 mense
2730 2641 3000 2726 maligna
3048 2642 3211 2708 febri
3270 2655 3599 2729 correpta,

2039 2735 2417 2801 inflammata
2440 2738 2594 2801 item
2626 2739 2691 2800 in
2722 2738 2937 2819 pleura
2957 2750 3146 2823 atque
3176 2742 3601 2822 pulmonibus,

2038 2835 2168 2897 imo
2184 2835 2371 2898 etiam
2393 2836 2455 2896 in
2475 2843 2722 2918 gutture
2741 2837 3085 2901 infeliciter
3101 2839 3395 2913 ulcerata,
3422 2841 3599 2906 ideo-

2037 2949 2161 3011 que
2189 2929 2418 2995 fuisset
2449 2933 2529 2995 ab
2568 2933 2860 2997 omnibus
2883 2935 3152 2999 Medicis
3191 2935 3599 3012 conclamata,

2039 3047 2117 3090 ex
2147 3027 2284 3091 solo
2313 3049 2512 3111 aquae
2542 3028 2798 3103 haustu,
2829 3032 2894 3093 in
2926 3053 3050 3113 quo
3082 3033 3288 3116 pulvis
3316 3055 3396 3097 ex
3427 3034 3600 3099 cubi·

2043 3123 2188 3189 culo
2221 3126 2390 3191 beati
2424 3125 2671 3192 Camilli
2698 3127 2906 3193 fuerat
2934 3129 3310 3205 dissolutus,
3342 3143 3602 3215 repente

2035 3223 2395 3294 incolumis,
2410 3225 2770 3308 viribusque
2792 3227 3066 3308 pristinis
3084 3231 3447 3294 assurrexit.
3461 3230 3602 3294 Vir·

2034 3322 2276 3386 tutibus
2318 3323 2530 3404 itaque
2573 3324 3019 3407 miraculisque
3067 3326 3415 3392 luculenter
3456 3347 3597 3410 pro-

2034 3419 2238 3493 batis,
2281 3441 2425 3485 cnm
2471 3428 2602 3485 tuto
2644 3422 2721 3485 ad
2767 3423 3011 3487 Camilli
3059 3424 3593 3489 Beatifieationem

2034 3518 2285 3601 procedi
2332 3538 2520 3600 posse
2576 3524 2788 3582 Sacra.
2815 3518 3126 3603 generalis
3181 3524 3594 3604 congregatio

2035 3616 2286 3679 Rituum
2326 3615 2710 3698 judicasset,
2756 3617 2922 3680 idem
2974 3624 3263 3682 Summus
3306 3618 3596 3684 Pontifex

2033 3719 2368 3776 Decretum
2412 3712 2891 3778 Beatificationis
2939 3716 3135 3779 edidit
3176 3715 3278 3779 die
3321 3719 3597 3780 secunda

2035 3811 2347 3874 Februarii
2376 3808 2519 3872 anni
2546 3811 2863 3875 millesimi
2888 3813 3419 3896 septingentesimi
3448 3836 3597 3896 qua-

2033 3907 2371 3989 dragesimi
2401 3909 2701 3982 secundi,
2745 3911 2850 3973 die
2896 3931 3046 3974 vero
3090 3913 3355 3994 septima
3395 3917 3594 3976 Breve

2033 4007 2313 4086 expediri
2350 4006 2685 4070 mandavit.
2739 4036 2762 4062 ι

2168 4131 2191 4156 ι
2243 4101 2502 4165 Camillo
2529 4104 2741 4186 itaque
2777 4104 2964 4186 paulo
2995 4114 3136 4186 post
3167 4104 3434 4169 solemni
3470 4105 3592 4170 ritu

2030 4202 2193 4264 inter
2232 4206 2457 4264 Beatos
2500 4201 2816 4282 adscripto
2839 4246 2859 4274 ,
2904 4222 3044 4266 cum
3077 4222 3108 4264 a
3141 4208 3268 4266 Deo
3299 4202 3376 4266 ad
3420 4203 3592 4267 Servi

2029 4298 2124 4363 sui
2159 4299 2460 4381 majorem
2494 4297 2760 4382 gloriam
2793 4318 2949 4362 nova
2981 4300 3263 4381 qnotidie
3295 4300 3592 4364 miracula

2030 4393 2288 4468 fierent,
2319 4395 2587 4477 novique
2617 4416 2806 4476 super
2832 4395 2927 4457 bis
2962 4403 3293 4461 Processus
3324 4403 3588 4477 Aposto-

2026 4490 2149 4555 lica
2177 4493 2547 4556 anctoritate
2591 4492 2929 4556 constructi
2979 4488 3273 4564 fuissent,
3318 4500 3459 4573 post
3486 4508 3589 4574 ap-

2028 4591 2350 4671 probatam
2371 4591 2741 4659 eorumdem
2774 4588 3155 4654 validitatem
3180 4591 3258 4653 de
3278 4591 3355 4656 iis
3375 4592 3435 4652 in
3455 4590 3588 4672 plu·
3665 4577 3681 4594 ⁸

2027 4685 2200 4748 ribus
2251 4686 2844 4769 congregationibus
2902 4693 3109 4750 actum
3171 4695 3269 4751 est
3294 4731 3309 4748 .
3371 4687 3585 4752 Delata

2023 4781 2418 4863 postmodum
2449 4804 2633 4846 causa
2676 4804 2883 4849 coram
2931 4786 3337 4849 sanctissimo
3380 4785 3592 4848 Domi·

2025 4898 2106 4943 no
2133 4885 2358 4944 Nostro
2399 4880 2501 4944 die
2531 4880 2776 4946 decima
2809 4887 2984 4945 sexta
3026 4883 3230 4948 Martii
3263 4883 3401 4946 anni
3447 4882 3587 4945 mil-

2026 4975 2226 5040 lesimi
2255 4978 2793 5061 septingentesimi
2840 4979 3303 5062 quadragesimi
3341 4979 3584 5062 quinti,

2025 5095 2101 5139 ex
2134 5074 2339 5139 tribus
2368 5075 2703 5156 propositis
2747 5078 2871 5141 duo
2901 5077 3142 5142 censuit
3184 5078 3584 5158 approbanda

2023 5170 2124 5234 die
2156 5171 2352 5254 prima
2382 5172 2525 5255 Maji
2556 5173 2837 5255 ejusdem
2870 5174 3031 5237 anni.
3064 5174 3338 5237 Primum
3371 5183 3469 5238 est
3495 5176 3585 5237 in-

2024 5278 2346 5335 stantanea
2380 5270 2547 5332 salus
2574 5271 2795 5335 Luciae
2822 5271 3154 5335 Theresiae
3183 5272 3341 5334 Petti
3369 5292 3446 5333 ex
3477 5293 3580 5353 op-

2020 5368 2167 5449 pido
2197 5367 2584 5448 CapraroJae.
2617 5374 2783 5432 Haec
2803 5388 2942 5432 cum
2973 5368 3281 5432 asthmate
3311 5370 3584 5433 laboras·

2025 5474 2121 5530 set
2151 5467 2230 5532 ab
2264 5466 2393 5547 ipsa
2437 5465 2780 5538 nativitate,
2826 5466 3108 5548 adeoque
3152 5466 3574 5548 gravissimam

3188 5583 3254 5633 12
