4442 6300
976 516 1089 572 ¹¹¹1!

820 664 1173 729 sanctos
1203 664 1679 729 nannum
1707 667 1996 731 Armenes
2031 670 2350 750 ArcRspt·

1050 783 1276 871 ⁸scopus
1305 769 1634 830 Caesareae
1669 770 2116 844 cappadociae.

930 960 1090 1022 Dum
1113 958 1529 1027 Florentinum
1542 960 1855 1046 virginem
1878 959 2269 1026 catharinam
2289 960 2371 1026 de

801 1056 1031 1122 Ricciis
1061 1057 1393 1143 cogitotot
1416 1061 1736 1143 tantisque
1758 1060 2059 1124 virtutum
2091 1067 2156 1123 et
2187 1058 2370 1124 mira·

799 1153 1091 1221 culorum
1127 1155 1312 1221 donis
1338 1177 1373 1221 e
1402 1161 1534 1222 Deo
1560 1157 1919 1242 insignitam
1941 1199 1962 1230 ,
2005 1156 2067 1218 in
2097 1163 2366 1221 mentem

800 1253 961 1341 mihi
987 1253 1159 1319 venit
1199 1253 1683 1320 celeberrimum
1726 1254 1882 1320 illud
1922 1254 2267 1320 Concilium
2297 1255 2365 1319 in

802 1349 1154 1415 Florentino
1181 1353 1348 1416 Urbe
1376 1350 1766 1417 celebratum
1787 1395 1808 1423 ‚
1838 1353 1903 1414 in
1933 1372 2059 1435 quo
2088 1353 2372 1418 Orienta-

803 1447 887 1512 lis
913 1447 1196 1514 Ecclesia
1228 1458 1293 1514 et
1323 1449 1690 1533 praesertim
1721 1454 1985 1514 Armene
2021 1456 2363 1514 Romanam

798 1545 990 1608 fldem
1035 1543 1319 1626 professa
1361 1554 1481 1611 est.
1526 1544 1888 1610 catharinae
1930 1545 2196 1611 ebaritas
2229 1554 2364 1611 tam

801 1662 950 1727 erga
978 1643 1261 1708 viventes
1287 1649 1656 1709 Peccatores
1676 1687 1699 1719 ,
1739 1643 2103 1710 Haereticos
2130 1652 2197 1709 et
2228 1641 2368 1706 Infl-

800 1739 983 1805 deles
1006 1785 1033 1815 ,
1077 1756 1261 1823 quam
1290 1760 1437 1827 erga
1468 1739 1710 1806 solutas
1734 1740 2101 1823 corporibus
2129 1741 2371 1807 animes

794 1836 860 1902 in
905 1836 1254 1922 Purgatorii
1307 1839 1530 1920 poenls
1581 1838 1924 1902 existentes
1951 1880 1973 1910 ,
2016 1844 2184 1902 tanta
2228 1845 2365 1903 erat

799 1942 1057 2016 tamque
1086 1932 1318 1998 eximia
1338 1976 1360 2006 ,
1400 1941 1470 1998 ut
1500 1955 1569 1998 se
1599 1934 1675 1996 ad
1707 1932 2033 2016 quaelibet
2074 1953 2190 2015 pro
2227 1931 2369 1999 illo-

796 2048 935 2094 rum
971 2029 1170 2093 salute
1205 2036 1510 2094 tormenta
1551 2028 1973 2095 libentissime
2001 2034 2133 2094 Deo
2178 2031 2366 2096 offer·

796 2133 949 2201 ret,
992 2135 1057 2191 et
1099 2126 1488 2192 voluntarios
1534 2127 1776 2211 proprii
1823 2127 2108 2209 corporis
2149 2126 2365 2191 enimi-

798 2245 924 2310 que
966 2225 1275 2290 cruciatus
1300 2244 1415 2309 pro
1444 2224 1809 2290 eorumdem
1853 2223 2162 2290 beneficio
2203 2224 2367 2291 dica·

801 2328 923 2388 ret.
974 2327 1192 2403 ltaque
1235 2341 1272 2385 e
1320 2341 1391 2386 re
1438 2320 1845 2387 Orientalium
1901 2341 2183 2386 meorum
2210 2319 2364 2389 ,fore

795 2439 1071 2492 censeo,
1113 2417 1370 2481 uthans
1408 2404 1730 2501 Virginem
1759 2417 2170 2482 Florentinam
2216 2424 2365 2483 San·

794 2524 1045 2582 ctorum
1077 2514 1274 2579 Fastis
1318 2519 1733 2577 SANCTITAS
1776 2520 2077 2578 VESTRA
2126 2513 2363 2579 adscri-

795 2613 950 2687 bat;
994 2632 1123 2693 quo
1164 2609 1281 2676 fiet
1306 2616 1376 2673 nt
1418 2610 1557 2694 ejus
1598 2610 1888 2692 precibus
1928 2619 1995 2674 et
2038 2631 2210 2676 sacra
2255 2610 2367 2677 illa

795 2709 1079 2798 synodus
1121 2707 1340 2772 animis
1370 2707 1779 2772 Orientalium
1822 2707 2088 2772 insideat
2109 2751 2129 2781 ‚
2161 2717 2228 2773 et
2257 2709 2363 2792 qui

793 2807 1002 2873 fuerat
1028 2806 1119 2870 ibi
1165 2806 1516 2878 damnatus,
1546 2805 1904 2892 negantium
1933 2805 2365 2892 Purgatorium

792 2924 977 2971 error
1007 2904 1310 2971 radicitus
1341 2904 1745 2986 exstirpetur.

839 3099 1358 3167 STEPHANUS
1374 3099 1638 3161 Evoatus
1691 3096 2052 3162 assemanus
2074 3096 2317 3162 Archio-

1250 3197 1545 3274 piscopus
1590 3198 1912 3273 Apameae.

924 3386 1057 3453 Sibi
1089 3388 1188 3476 (a)
1214 3388 1320 3453 nni
1352 3387 1528 3461 viru,
1568 3394 2030 3454 BEATISSIME
2064 3395 2359 3464 PATER,

798 3483 1131 3569 despondit
1147 3483 1431 3548 cbristus
1462 3485 1769 3566 virginem
1790 3493 2024 3548 castam
2057 3491 2124 3549 B.
2144 3486 2361 3551 Catha-

793 3581 996 3646 rinam
1025 3581 1106 3645 de
1136 3581 1369 3645 Ricciis
1409 3581 1743 3645 Monialem
1798 3579 2144 3645 Professam
2178 3582 2364 3663 peril-

794 3677 1014 3744 lustris
1051 3678 1513 3744 predicatorum
1560 3676 1833 3743 Ordinis.
1862 3683 2030 3742 Haec
2057 3698 2208 3742 vero
2253 3677 2360 3763 (b)

794 3775 1097 3860 cogitavit
1138 3794 1296 3855 quae
1342 3774 1581 3838 Domini
1613 3784 1830 3839 essent
1851 3818 1874 3849 ‚
1918 3784 1986 3836 ut
2014 3783 2186 3840 esset
2214 3782 2360 3839 San·

792 3880 894 3939 cta
924 3889 1186 3954 corpore
1215 3878 1282 3935 et
1312 3871 1536 3955 spiritu
1565 3870 1703 3958 (e),
1731 3891 1843 3937 vas
1873 3893 2053 3938 suum
2083 3873 2365 3956 posside·
2464 3903 2468 3910 ·

796 3976 895 4034 ret
923 3967 988 4030 in
1019 3965 1517 4033 sanctificatione
1552 3968 1877 4035 ethonore
1919 3967 2066 4056 (d),
2111 3970 2359 4054 sibique

796 4066 1048 4131 abesset
1091 4062 1393 4148 gloriari,
1438 4063 1649 4129 nisiin
1691 4069 1884 4131 Cruce
1915 4065 2162 4131 Domini
2208 4074 2358 4168 Iesu

794 4161 1076 4237 Christi,
1127 4181 1244 4246 per
1289 4182 1480 4245 quem
1533 4163 1656 4227 sibi
1710 4143 1977 4228 mundus
2026 4133 2361 4231 crucifixus

793 4266 956 4333 erat,
986 4267 1050 4324 et
1077 4259 1229 4374 ipsa·
1240 4260 1474 4325 mundo
1501 4258 1619 4345 (e).
1660 4259 1905 4324 Christo
1933 4257 2203 4327 confixa
2205 4268 2359 4328 Cru-

797 4356 858 4423 ci
887 4355 1139 4422 vivebat
1159 4399 1178 4429 ‚
1204 4356 1331 4440 jam
1365 4377 1487 4422 non
1520 4356 1655 4442 ipsa
1677 4400 1699 4430 ‚
1727 4357 1976 4423 vivebat
2000 4379 2152 4425 vero
2183 4361 2251 4424 in
2282 4381 2359 4428 ea

797 4454 1120 4528 Christus,
1159 4455 1337 4540 cujus
1376 4453 1485 4539 (i)
1525 4454 1822 4540 Stigmata
1851 4456 1919 4517 in·
1940 4476 2202 4540 corpore
2245 4480 2362 4524 suo

795 4553 1131 4637 portabat,
1159 4551 1307 4633 quia
1336 4550 1434 4639 (g)
1460 4557 1641 4634 fortis
1671 4565 1763 4618 est
1786 4564 1858 4616 ut
1894 4573 2050 4630 mors
2088 4561 2355 4622 dilectio.

800 4649 916 4715 Ubi
946 4656 1154 4713 autem
1184 4647 1490 4712 dilectum
1522 4671 1706 4720 suum
1741 4647 1973 4715 invenit
1998 4651 2189 4735 virgo
2217 4673 2362 4735 pru·

799 4746 958 4811 dens
1007 4743 1150 4830 (b),
1205 4745 1404 4810 tenuit
1450 4766 1565 4815 neo
1606 4747 2117 4822 dimisit,'donec
2159 4751 2359 4833 ipsam

790 4841 1222 4909 introduceret
1271 4841 1336 4906 in
1384 4843 1751 4912 aethereum
1800 4843 2140 4910 thalamum
2171 4893 2187 4910 .
2243 4848 2362 4912 Cui

872 5085 988 5165 (ι)
1009 5092 1064 5145 2.
1101 5093 1223 5146 Cor.
1255 5097 1343 5150 11.

904 5180 995 5256 (b)
1024 5181 1074 5234 ί.
1111 5181 1235 5234 Cor.
1263 5183 1318 5236 ¹1.

901 5264 988 5337 (c)
1017 5268 1065 5319 1.
1100 5267 1261 5323 Thes.
1288 5267 1341 5321 l.

901 5355 996 5424 (d)
1029 5356 1155 5407 Gal.
1184 5358 1237 5411 6.

904 5442 989 5514 (e)
1021 5443 1148 5496 Gal.
1185 5444 1241 5498 2.
1340 5495 1345 5500 .

2026 524 2231 577 ACTA
2269 523 2921 581 CANoNtzA‘rtottts

2482 669 2694 754 itaque
2720 670 3157 739 uinculorum
3192 665 3623 737 claritas'cum
3656 673 3824 738 omni
3855 670 4043 739 virtu-

2484 777 2616 832 tum
2648 766 2833 833 lande
2860 789 3206 835 consonans
3239 773 3421 836 testis
3449 769 3730 844 adfulsit,
3755 773 3823 834 id
3847 792 4032 837 unum

2484 872 2773 950 superest
2813 875 2879 929 ut
2910 886 3049 930 eam
3094 871 3532 933 BEATlTUDO
3558 875 3860 935 VESTRA
3907 888 4040 934 san·

2485 970 2720 1026 starum
2770 964 3093 1045 virginum
3139 971 3514 1046 sponsarum
3565 967 3687 1051 (i),
3733 968 4039 1050 Episcopo

2480 1059 2826 1124 animarum
2858 1067 3202 1126 nostrarum
3247 1064 3494 1129 ote-isto
3533 1064 4036 1129 charissimarmn

2482 1158 2775 1244 Catalogo
2819 1156 3137 1224 accenseri
3179 1160 3479 1227 decernat
3507 1205 3527 1236 ,
3570 1172 3766 1245 atque
3809 1161 4042 1245 praeei-

2480 1253 2626 1338 piat.

2669 1446 3057 1511 JOANNES
3086 1449 3480 1513 Innocentius
3510 1454 3855 1531 Episcopus

3015 1546 3501 1623 Fugarnsiensis.

2602 1735 2778 1811 Quod
2809 1735 3008 1803 uncti
3042 1737 3344 1803 francisci
3374 1738 3775 1824 privilegium
3805 1738 4041 1817 fuerat,

2478 1843 2548 1898 ut
2577 1835 2872 1920 Stigmata
2906 1835 3151 1899 Domini
3183 1842 3332 1900 Iesu
3368 1837 3429 1898 in
3459 1858 3728 1920 corpore
3758 1859 3876 1902 suo
3904 1858 4041 1920 por·

2475 1937 2680 2006 taret,
2723 1932 2840 1996 boc
2880 1938 3047 1997 Deus
3099 1933 3340 1998 duabus
3382 1934 3736 1999 catharinis
3790 1937 4039 2003 Ordinis

2478 2035 2540 2093 Β.
2582 2029 2889 2094 Dominici
2931 2030 3288 2114 virginibus
3327 2053 3661 2098 commune
3705 2032 3899 2109 fecit,
3943 2041 4045 2100 Se·

2471 2127 2653 2190 nensi
2687 2127 2982 2190 nimirum
3016 2136 3081 2192 et
3112 2128 3503 2195 florentinae
3522 2174 3542 2202 ,
3573 2139 3850 2225 utraque
3873 2134 4037 2223 en'qn

2476 2226 2553 2289 ad
2586 2245 2806 2290 manus
2828 2269 2850 2297 ,
2893 2225 3084 2306 pedes
3120 2235 3188 2291 et
3218 2246 3327 2291 cor
3368 2248 3575 2292 sacras
3607 2232 4040 2309 Redemptoris

2474 2321 2800 2386 cicatrices
2821 2320 3027 2385 divina
3049 2322 3275 2387 virtute
3302 2323 3641 2405 insculptas
3676 2327 3891 2410 gessit.
3923 2312 4039 2392 Sed

2477 2418 2830 2483 florentina
2888 2418 3079 2501 Virgo
3126 2421 3188 2483 id
3239 2424 3391 2503 prae
3449 2422 4038 2507 ceteris·singnlare

2473 2516 2734 2592 habuit,
2785 2522 2857 2577 ut
2901 2516 3226 2598 spinosum
3280 2517 3560 2587 diadema
3610 2520 3681 2583 in
3724 2523 3932 2602 capite
3974 2530 4039 2585 et

2476 2612 2691 2678 Crucis
2740 2614 3006 2697 vestigia
3053 2613 3116 2676 in
3163 2624 3344 2701 tergo
3371 2616 3698 2697 impressa
3744 2614 4041 2700 portaret.

2474 2708 2886 2773 Admirabilis
2929 2710 3081 2774 baec
3123 2702 3411 2775 crucifixi
3456 2713 3664 2796 imago
3710 2722 3837 2778 tam
3883 2714 4039 2778 vivis

2474 2804 2800 2871 coloribus
2831 2805 2894 2867 in
2928 2824 3191 2888 corpore
3212 2816 3272 2872 et
3305 2810 3509 2872 anima
3538 2830 3868 2892 expressa,
3900 2811 4037 2894 quis

2397 2978 2406 2983 ,
2474 2904 2717 2967 dubitet
2746 2902 2894 2984 quin
2920 2902 3084 2967 inter
3115 2912 3356 2969 sanctas
3375 2905 3657 2987 Virgines
3681 2925 3714 2970 a
3740 2912 4038 2972 SANCTI-

2472 3006 2677 3064 ΤΑΤΒ
2719 3002 3018 3064 VESTRA
3068 3002 3382 3066 recenseri
3430 3002 3692 3084 possit?
3737 3003 3933 3086 Cujus
3973 3003 4034 3065 in

2472 3097 2728 3164 caelesti
2763 3097 2966 3162 Patria
2997 3107 3333 3184 egceptae,
3364 3107 3426 3163 et
3454 3099 3797 3165 conformis
3827 3100 4040 3184 imagi·

2472 3197 2534 3259 ni
2559 3196 2671 3260 titii
2703 3197 2813 3260 Dei
2848 3195 3046 3259 factae
3080 3197 3423 3277 triumpho,
3452 3199 3638 3262 etiam
3669 3208 3885 3262 sancta
3913 3206 4036 3263 Ma·

2470 3294 2564 3359 ria
2606 3292 2988 3378 Magdalena
3030 3293 3110 3357 de
3140 3292 3388 3366 Pazzis,
3433 3294 3580 3358 dum
3613 3293 3865 3359 adbuc
3846 3316 3906 3357 in
3950 3295 4036 3357 vi·

2466 3391 2564 3455 vis
2606 3399 2821 3463 esset,
2865 3397 2998 3455 Deo
3041 3390 3201 3455 adeo
3240 3387 3338 3452 illi
3383 3390 3630 3456 favente
3671 3392 4037 3457 interfuisse

2473 3488 2852 3572 perhibetur.
3359 3477 3402 3520 '²¹

2505 3684 3095 3746 BERNARDINUS
3144 3686 3283 3745 Vari
3344 3685 3681 3757 Episcopus
3727 3688 4010 3747 civicae-‘s

2665 3777 2679 3786 ²
2872 3784 3342 3870 castellan-ufer
3376 3784 3630 3854 Hortus.

2607 3975 3069 4036 BEATtssmss
3092 3975 3366 4035 PATER:
3396 3975 3584 4035 Beata
3612 3970 3943 4036 Catharina
3958 3969 4037 4035 (10

2471 4066 2698 4132 Ricciis
2728 4067 2877 4131 dum
2918 4067 3347 4153 virginitatem
3379 4087 3552 4130 suam
3601 4072 3733 4131 Deo
3763 4067 4036 4140 dicavit,

2471 4165 2887 4246 eamdemque
2941 4185 3145 4246 nsque
3190 4164 3269 4229 ed
3321 4172 3587 4229 mortem
3638 4161 4037 4229 exactis'sime

2469 4261 2849 4336 custodivit,
2892 4260 3308 4344 proculdubio
3350 4281 3419 4326 se
3461 4258 3755 4325 omnibus
3797 4258 4036 4325 virtuti-

2469 4361 2590 4424 bus
2620 4368 2905 4424 ornatam
2939 4358 3232 4423 ostendit.
3254 4357 3589 4450 Virginitas
3609 4356 3775 4420 enim
3797 4357 4038 4441 paritur

2471 4456 2894 4529 abstinentia,
2934 4455 3356 4539 poenitentia,
3396 4449 3800 4520 humilitate.
3851 4453 4037 4518 alitur

2473 4555 2839 4640 prudentia,
2883 4552 3300 4628 fortitudine,
3347 4551 3741 4620 obedientia.
3788 4547 4036 4634 perfici·

2470 4661 2575 4716 tur
2602 4651 2978 4723 solitudine,
3016 4649 3309 4723 silentio,
3352 4641 3698 4721 charitate,
3746 4648 4031 4711 oratione

2474 4750 2744 4832 aliisque
2788 4747 3168 4822 virtutibus3
3220 4766 3441 4810 omnes
3489 4745 3722 4827 quippe
3769 4745 4031 4809 virtutes

2480 4849 2641 4915 circa
2682 4844 3106 4929 virginitatem
3139 4843 3501 4917 excubant,
3545 4851 3781 4918 utfeam
3826 4849 4034 4905 tuean-

2575 5096 2681 5168 (1)
2713 5097 2837 5150 Gal.
2866 5096 2920 5149 o.

2580 5185 2669 5258 (g)
2700 5186 2856 5238 Cane.
2885 5184 2938 5236 Β.

2574 5272 2664 5343 (ΙΙ)
2693 5274 2851 5332 cane.
2890 5270 2944 5321 3.
3017 5321 3026 5332 ,

2580 5359 2655 5432 (i)
2680 5360 2728 5411 1.
2761 5359 2916 5412 em.
2940 5355 2995 5408 2.
