4442 6300
903 546 1012 602 m

715 695 814 768 qul
840 694 1153 763 intersunt,
1179 690 1251 747 iis
1275 686 1677 763 Indulgentlam
1706 685 1960 744 concedit
1983 686 2132 759 papa
2154 727 2168 743 .
2195 685 2293 739 Vi·

719 785 787 838 de
815 782 1171 851 Indulgentia
1194 821 1207 834 .

827 870 1214 927 Processionis
1232 869 1288 922 in
1317 868 1457 923 t'esto
1489 867 1759 937 Corporis
1782 864 1988 920 Clu-isti
2006 864 2289 918 Institutio

716 975 833 1015 non
862 960 982 1014 sine
1008 977 1246 1029 superno
1272 958 1374 1012 Dei
1403 955 1582 1010 afflatu
1607 994 1622 1022 ,
1645 975 1774 1027 pag.
1805 956 1932 1007 132.

824 1047 1209 1103 Prot-essionis
1243 1046 1558 1118 hujusmodi
1597 1046 1730 1098 ritus
1760 1044 1901 1115 apud
1941 1041 2282 1105 Vaticanum,

725 1132 866 1191 ibid.

828 1220 1212 1277 Processiom‘s
1235 1219 1374 1274 ordo
1403 1218 1471 1273 ad
1504 1217 1896 1289 comportanda
1921 1216 2164 1289 quinque
2193 1218 2293 1270 Ca·

718 1309 1157 1364 nonizandorum
1179 1308 1391 1362 Vexilla
1418 1310 1475 1359 in
1505 1307 1793 1359 Basilicam
1815 1305 2133 1359 vaticanam
2163 1303 2290 1375 ipso

719 1400 1172 1455 Canonizationis
1200 1397 1291 1450 die
1314 1434 1331 1462 ,
1354 1414 1484 1467 pag.
1513 1395 1638 1448 304.
1668 1405 1723 1447 et
1741 1412 1857 1463 seq.

830 1489 1187 1540 Procurator
1211 1482 1663 1537 canonizationis
1686 1517 1703 1548 ,
1747 1490 1806 1533 ut
1850 1478 2150 1550 plurimum
2192 1478 2291 1533 eli-

716 1573 865 1643 gitur
890 1573 1079 1643 Nepos
1106 1573 1316 1625 Summi
1348 1570 1659 1637 pontificis,
1680 1587 1810 1642 pag.
1834 1568 1964 1621 291.
1991 1567 2133 1621 Vide
2160 1569 2291 1621 Car-

715 1659 1360 1717 dinaILtJ’ortocarrero
1387 1696 1400 1709 .

824 1748 1180 1803 Procurator
1201 1746 1431 1800 Fiscalis
1462 1747 1719 1799 camerae
1746 1743 2102 1814 Apostolicae
2129 1742 2292 1795 instat

715 1835 863 1906 apud
891 1835 1312 1889 protonotarios
1342 1834 1401 1888 in
1432 1832 1802 1887 Consistoriis
1829 1830 2206 1901 semipublicis
2235 1841 2294 1884 ut

705 1924 1091 1976 ·1nstrumenta
1118 1922 1408 1976 conficiant
1452 1921 1520 1974 de
1562 1920 1719 1973 Actis
1764 1921 1822 1972 in
1867 1918 2075 1974 eisdem
2100 1956 2115 1984 ,
2157 1936 2289 1991 pag.

714 2012 839 2066 118.
870 2011 993 2064 177.
1020 2010 1147 2064 210.

824 2101 1183 2155 Procurator
1203 2097 1433 2150 Fiscalis
1463 2099 1722 2150 Gamerae
1743 2095 1799 2148 in
1821 2094 2112 2165 pervigilio
2141 2094 2288 2148 Festi

716 2185 816 2239 88.
863 2188 1263 2257 Apostolorum
1295 2187 1440 2240 petri
1469 2224 1486 2252 ,
1534 2194 1589 2238 et
1632 2185 1786 2237 pauli
1834 2192 2162 2254 protestatur
2188 2200 2290 2252 pro

708 2274 992 2328 Parmensi
1014 2312 1035 2343 ,
1061 2283 1118 2329 et
1141 2276 1461 2328 placentino
1490 2274 1696 2326 Ducatu
1714 2308 1733 2338 ,
1757 2274 1904 2341 papa
1930 2270 1996 2324 ab
2025 2271 2165 2323 Aula
2185 2272 2292 2324 'pa-

717 2372 1092 2417 ramentorum
1113 2362 1181 2416 ad
1204 2364 1520 2434 cappellam
1549 2360 1934 2432 progrediente
1961 2376 2063 2430 pro
2090 2361 2292 2430 Vespe-

710 2451 791 2506 ris
813 2489 830 2517 ,
851 2469 981 2522 pag.
1010 2451 1138 2505 302.

821 2538 1133 2593 Promotor
1178 2536 1341 2592 Pidei
1402 2555 1467 2592 ex
1528 2537 1934 2590 Advocatorum
2004 2537 2289 2590 consisto·

715 2626 940 2681 rialium
991 2627 1243 2699 collegio
1289 2626 1443 2698 seligi
1489 2625 1650 2682 debet
1692 2628 1750 2679 in
1793 2634 2070 2697 posteram
2095 2661 2111 2690 ,
2155 2642 2288 2695 pag.

829 2803 1180 2858 promotoris
1205 2801 1366 2856 Fidei
1396 2820 1593 2857 munus
1632 2819 1691 2858 se
1729 2800 2046 2856 obtinuisse
2082 2800 2141 2852 in
2179 2800 2287 2857 Mi·

706 2884 939 2944 noribus
967 2899 1187 2944 testatur
1210 2891 1358 2960 papa
1381 2927 1397 2954 ,
1426 2889 1564 2942 ibid.

2071 536 2310 595 mnu
2349 536 2637 593 RERUM.

2388 681 2682 741 pontificis
2714 679 2886 750 gratia
2934 676 3262 735 Theodorus
3304 678 3734 752 Buecapadnlius
3758 718 3770 731 .
3812 677 3962 734 vm·

2395 769 2886 839 Buccapadult'um
2909 808 2921 819 .

2506 858 2766 930 Pyrrhus
2789 857 3039 911 marchio
3064 859 3208 911 Vasa
3245 856 3632 911 pietramelara
3670 858 3971 912 Pontificio

2392 948 2580 1020 Equiti
2609 948 2916 1003 Praefectus
2942 946 3356 1002 commendatur
3379 983 3397 1015 ,
3419 964 3550 1019 pag.
3577 948 3670 1000 08.

3153 1214 3207 1266 Β

2500 1477 2734 1535 Reditus
2760 1475 2974 1531 Summi
3012 1475 3300 1531 pontilicis
3326 1476 3387 1531 in
3409 1475 3618 1533 Urbem
3656 1495 3687 1532 c
3725 1474 3971 1532 candul-

2391 1564 2487 1636 phi
2525 1568 2718 1620 castro
2741 1603 2758 1631 ,
2778 1584 2907 1637 pag.
2937 1566 3029 1620 97.

2503 1653 2903 1722 Referendarii
2951 1654 3235 1724 utriusque
3285 1654 3603 1724 Signatum
3649 1653 3968 1709 'Umbellam

2393 1740 2643 1794 deferunt
2681 1744 2736 1794 in
2778 1741 2867 1794 die
2908 1741 3361 1794 canonizationis
3397 1759 3557 1811 supra
3598 1724 3799 1811 papam
3826 1738 3974 1795 Roo-

2394 1829 2575 1883 chetto
2598 1865 2615 1893 ,
2641 1838 2695 1882 et
2721 1830 3121 1898 superpelliceo
3152 1826 3330 1881 induti
3349 1869 3370 1899 ,
3392 1848 3520 1899 pag.
3548 1830 3677 1882 308.

2505 1917 2963 1971 canonizationis
2992 1918 3290 1970 Solemniia
3330 1918 3634 1985 intersunt,
3669 1935 3798 1986 pag.
3836 1916 3967 1970 307.

2503 2006 2655 2059 Inter
2673 2005 3094 2059 Referendarios
3121 2006 3304 2059 locum
3333 2004 3584 2059 obtinent
3618 2006 3660 2058 ii
3702 2004 3970 2059 canonici

2391 2094 2558 2145 trium
2601 2092 3046 2146 patriarchalium
3070 2133 3090 2160 ,
3120 2094 3215 2163 qui
3248 2109 3444 2147 munus
3472 2091 3777 2162 Presbyteri
3817 2091 3974 2145 Assi-

2394 2179 2614 2245 stentis,
2641 2180 2877 2235 Diae-ni
2894 2219 2909 2244 ,
2936 2181 3020 2233 vel
3048 2179 3390 2237 subdiaconi
3417 2178 3625 2233 obeunt
3648 2180 3708 2232 in
3736 2179 3971 2249 cappel-

2392 2266 2443 2320 la
2469 2267 2763 2319 pontificia
2787 2304 2803 2332 ,
2825 2286 2955 2336 pag.
2984 2267 3110 2320 307.

2507 2353 2909 2417 Bel'erendaria'
2925 2354 3345 2409 Baldacchinnm
3372 2365 3595 2426 portant
3612 2372 3773 2426 supra
3790 2355 3976 2409 Sacra-

2393 2451 2634 2496 mentum
2664 2442 2722 2495 in
2752 2443 3115 2499 processione
3137 2444 3410 2512 Corporis
3430 2442 3657 2508 Christi,
3670 2460 3801 2512 pag.
3824 2441 3950 2495 1³2.

2500 2530 2664 2584 Unde
2690 2567 2707 2598 ,
2758 2538 2811 2585 et
2858 2539 3031 2601 quoto
3083 2531 3193 2584 loci
3241 2532 3418 2601 spatio
3461 2531 3522 2583 id
3567 2531 3724 2584 obire
3770 2545 3969 2582 munus

2392 2628 2701 2687 teneantur,
2746 2621 2795 2673 ai
2842 2620 3008 2675 Sedes
3054 2620 3381 2691 Apostolica
3422 2618 3970 2688 vacet,'indicatur,

2382 2727 2510 2780 pag.
2557 2710 2685 2763 137.

2398 2830 2405 2839 ·
2502 2795 2720 2864 Regina
2741 2834 2755 2848 .
2781 2794 2927 2849 Vide
2956 2798 3250 2849 Succorum
3276 2795 3497 2864 Regina
3521 2833 3535 2849 .

2502 2881 2690 2951 Regni
2713 2882 2995 2954 utriusque
3023 2882 3241 2938 Siciliae
3269 2883 3531 2953 Vectigal.
3556 2879 3703 2935 Vide
3736 2880 3968 2937 Orator.

826 2978 1182 3030 Promotoris
1224 2977 1428 3042 Fidei,
1478 2985 1534 3030 et
1573 2976 1840 3029 Advocati
1877 2974 2025 3029 Fisci
2067 2990 2289 3027 munera
2393 2972 2556 3023 Rex.
2597 2970 2883 3038 Vectigal.

714 3064 849 3119 olim
883 3065 1217 3136 coniunctim
1266 3073 1410 3135 gesta
1433 3102 1449 3129 ‚
1499 3073 1559 3118 ut
1595 3065 1650 3116 in
1691 3072 1970 3133 posterum
1999 3061 2285 3133 separatim

710 3154 1063 3208 conferantur
1084 3192 1100 3220 ,
1128 3154 1315 3207 statuit
1337 3153 1667 3207 Benedictus
1693 3154 1844 3206 xlv.
1876 3150 2010 3204 ibid.

819 3242 1124 3295 Promotus
1168 3240 1235 3294 ad
1280 3239 1683 3293 cardinalatum
1723 3239 1934 3293 etiamsi
1973 3239 2284 3310 Episcopus

704 3324 889 3394 tuerit,
919 3313 1199 3380 Aiinulum
1228 3326 1502 3397 deponere
1530 3326 1709 3391 debet,
1732 3326 1908 3379 donec
1932 3326 2160 3380 alterum
2188 3343 2289 3377 no-

705 3430 801 3468 vae
825 3414 1077 3485 dignitati
1108 3414 1351 3468 debitum
1383 3416 1646 3484 accipiat,
1672 3433 1798 3483 pag.
1825 3415 1917 3467 28.

814 3501 961 3556 Vide
988 3504 1277 3557 Annulum
1303 3541 1317 3556 .
1346 3502 1600 3572 Insignt‘a
1621 3541 1634 3555 .
1668 3503 1892 3556 Titulus
1913 3541 1928 3556 .

817 3591 1142 3660 Pro-Regae
1167 3591 1516 3661 Neapolitani
1558 3593 1738 3644 Roma
1779 3599 2113 3645 transeuntes
2149 3591 2288 3645 Nea-

705 3677 881 3750 polim
913 3677 1259 3748 hospitantur
1286 3679 1343 3731 in
1371 3678 1597 3732 aedibus
1625 3679 1932 3731 pontificiis
1961 3716 1976 3744 ,
1999 3696 2129 3750 pag.
2160 3679 2251 3732 52.

813 3764 1158 3822 Proteseaeio
1182 3804 1196 3818 .
1224 3765 1370 3820 Vide
1397 3783 1559 3833 supra
1592 3767 1946 3817 Procurator
1965 3801 1980 3816 .

817 3853 1276 3908 Protodiaeonue
1299 3887 1322 3907 .-
1338 3852 1484 3908 Vide
1511 3851 1690 3904 Prior
1709 3851 2118 3906 Diaconoruna.
2145 3853 2289 3907 Dia-

703 3956 882 3996 tonus
913 3941 1235 3995 Cardinalt's
1257 3977 1272 3994 .

818 4026 1220 4086 Protonotara'i
1245 4024 1558 4095 Apostolici
1587 4025 1938 4082 consistorio
1973 4027 2288 4098 semipubli-

707 4132 775 4167 co
798 4125 1108 4185 praesentes
1136 4124 1396 4186 rogantur
1416 4151 1433 4179 ,
1472 4122 1532 4168 nt.
1568 4114 1805 4167 Tabulas
1845 4114 2092 4186 publicas
2119 4116 2287 4169 confi-

704 4202 852 4255 ciant
884 4201 953 4257 de
985 4203 1058 4255 iis
1079 4241 1095 4269 ,
1127 4221 1263 4274 quas
1299 4210 1410 4255 acta
1455 4201 1512 4254 in
1559 4220 1626 4255 eo
1677 4210 1806 4256 sunt
1829 4240 1844 4256 .
1883 4203 2026 4258 Vide
2062 4206 2275 4259 Instru-

705 4303 950 4345 mentum
975 4332 988 4345 .
1016 4289 1296 4344 quentia
1315 4329 1329 4342 .
1358 4289 1741 4344 Procurator.

814 4378 1334 4431 protonotariorum
1363 4379 1615 4432 Decanus
1634 4414 1650 4442 ,
1677 4394 1800 4430 cnm
1830 4376 1868 4428 ii
1901 4385 2195 4431 monentur
2227 4386 2286 4431 nt

705 4464 943 4520 Tabulas
970 4460 1282 4531 conficiant,
1310 4464 1532 4534 collegii
1564 4467 1792 4520 nomine
1822 4464 2118 4536 respondet
2148 4467 2287 4519 Con·

681 4551 957 4623 ,ficiemus
975 4591 990 4619 ,
1012 4571 1143 4623 pag.
1174 4554 1299 4607 118.
1335 4552 1461 4605 177.
1489 4564 1546 4605 et
1572 4552 1718 4605 alibi
1737 4591 1753 4605 .

810 4642 1333 4696 protonotariomm
1363 4636 1666 4693 absentium
1694 4660 1723 4694 a
1750 4640 2104 4694 Consistorio
2136 4641 2282 4696 vices

701 4730 923 4799 supplet
948 4728 1432 4784 Caeremoniarum
1462 4727 1802 4795 Praefectus,
1828 4728 1885 4779 in
1914 4736 2027 4781 acta
2050 4729 2284 4782 reseren-

698 4815 776 4870 do
803 4815 953 4887 qnod
983 4817 1041 4869 in
1069 4818 1266 4888 quinto
1297 4815 1652 4869 Consistorio
1679 4814 2046 4885 semipublico
2087 4816 2282 4870 factum

697 4900 805 4956 tait
828 4917 931 4972 pro
960 4902 1394 4960 Canoniutione
1415 4899 1601 4957 beatae
1626 4901 1949 4957 catharinae
1977 4901 2046 4957 de
2073 4902 2250 4956 Riciis
2263 4941 2281 4969 ,

695 5006 826 5060 pag.
853 4989 990 5044 ²78.

810 5077 1334 5136 Protonotariorum
1386 5078 1700 5150 collegium
1754 5095 1848 5132 sex
1897 5078 2279 5133 tantummodo

689 5166 968 5219 personas
995 5164 1222 5222 idoneas
1250 5167 1319 5221 ad
1345 5169 1606 5221 Laut-eam
1636 5169 1962 5222 Doctoratus
2001 5167 2060 5220 in
2097 5167 2280 5244 singu·

698 5252 772 5308 lis
797 5255 956 5306 annis
983 5271 1310 5324 promovere
1337 5264 1520 5325 potest
1539 5293 1555 5322 ,
1578 5272 1710 5326 pag.
1738 5255 1862 5326 148.

2505 3061 2757 3127 Regnum
2785 3058 3145 3111 pontificium
3184 3057 3345 3111 Tiara
3383 3065 3468 3110 est
3491 3093 3507 3121 ,
3540 3074 3671 3128 pag.
3709 3055 3836 3108 308.
3876 3056 3969 3107 Eo

2390 3147 2560 3202 utitur
2589 3149 2734 3217 papa
2762 3147 2820 3200 in
2850 3146 3062 3215 siguum
3090 3144 3356 3215 Imperii,
3385 3142 3520 3197 ibid.
3560 3142 3703 3198 vide
3735 3142 3932 3196 Tiora.

2501 3235 2730 3289 Relatio
2758 3234 2825 3288 de
2854 3236 3048 3288 causis
3079 3233 3597 3287 canonizandorum
3618 3270 3639 3298 ,
3677 3248 3813 3302 quae
3851 3246 3972 3284 esse

2392 3326 2535 3378 solet
2563 3323 2872 3377 Cardinalis
2901 3322 3359 3391 congregationis
3399 3322 3521 3374 Sac.
3551 3321 3667 3372 Rit.
3703 3317 3971 3372 Praefecti

2393 3414 2473 3467 vel
2516 3411 2843 3482 antiquioris
2871 3410 2928 3460 in
2955 3410 3141 3463 eadem
3173 3409 3291 3462 Sac.
3321 3409 3757 3479 congregatione
3778 3443 3796 3474 ,
3837 3405 3903 3459 fit
3937 3424 3971 3458 a

2391 3502 2533 3571 papa
2560 3498 2618 3553 in
2649 3498 2999 3551 consistorio
3029 3506 3236 3552 secreto
3260 3534 3276 3563 ,
3302 3514 3433 3569 pag.
3465 3498 3551 3549 17.

2502 3585 2804 3656 Reliquiae
2836 3585 2979 3639 beati
3020 3583 3231 3638 Fidelis
3270 3604 3298 3636 a
3339 3585 3677 3655 Sigmaringa
3712 3579 3967 3653 publicae

2392 3675 2797 3727 venenerationi
2845 3672 3161 3743 propositae
3197 3673 3255 3724 in
3293 3672 3406 3724 Ara
3444 3672 3707 3740 principe
3744 3667 3967 3738 Templi

2392 3761 2833 3830 capuccinorum
2852 3797 2874 3829 ,
2903 3760 3035 3813 dum
3062 3758 3402 3822 pontilexjn
3429 3776 3493 3812 ea
3519 3757 3856 3812 Sacrificium
3883 3754 3970 3808 of-

2391 3849 2492 3902 fert
2513 3888 2532 3916 ‚
2557 3866 2685 3920 pag.
2711 3849 2770 3903 2.

2501 3927 2798 4006 Relicuiae
2817 3937 3140 3990 Sanctorum
3159 3935 3219 3989 in
3240 3943 3486 4007 pegmate
3506 3936 3647 3988 intra
3664 3934 3963 4004 Templum

2388 4027 2748 4079 Lateranenae
2776 4032 3066 4079 asservatas
3092 4025 3325 4094 propius
3353 4024 3578 4094 inspicit
3602 4024 3749 4093 papa
3766 4060 3783 4088 ,
3810 4038 3969 4076 vene·

2389 4121 2538 4166 ratur
2557 4149 2573 4178 ,
2621 4113 3069 4182 exosculaturque
3115 4114 3173 4164 in
3220 4112 3381 4166 Sacra
3426 4112 3760 4168 visitatione
3809 4109 3966 4164 illius

2387 4202 2655 4254 Basilicae
2681 4238 2696 4266 ,
2722 4218 2854 4271 pag.
2883 4199 2938 4254 ὅ.

2496 4290 2811 4358 Bepcgula,
2837 4297 2891 4346 et
2918 4287 3160 4343 cancelli
3186 4286 3254 4341 ad
3278 4289 3585 4343 custodiam
3612 4286 3831 4342 Theatri
3861 4286 3967 4341 ca·

2387 4377 2756 4430 nonizationis
2779 4415 2795 4439 .
2821 4394 2950 4445 pag.
2977 4376 3108 4428 202.

2499 4465 2639 4519 Vide
2664 4464 3138 4534 Iclmograpltiam
3171 4463 3409 4518 Thentrs’
3425 4502 3442 4517 .

2496 4552 2706 4604 Rerum
2745 4551 3105 4622 parandarum
3144 4568 3248 4621 pro
3291 4550 3724 4604 canonizatione
3776 4563 3960 4603 curam

2385 4639 2533 4693 inter
2560 4657 2619 4693 se
2647 4641 2831 4710 partiti
2872 4649 3000 4693 sunt
3035 4640 3408 4700 Postulatores
3446 4639 3505 4691 in
3543 4638 3805 4710 peculiari
3832 4644 3966 4690 con·

2383 4735 2545 4782 ventu
2568 4764 2584 4791 ‚
2606 4745 2732 4797 pag.
2759 4727 2846 4781 18.

2493 4815 2781 4885 Responsa
2809 4813 3054 4884 cajetani
3083 4813 3266 4867 Amati
3295 4813 3669 4885 Epistolarnm
3702 4807 3770 4865 ad
3795 4809 3961 4866 Pria-

2382 4901 2531 4972 eipea
2558 4921 2587 4955 a
2615 4901 2883 4967 Secretis,
2926 4901 2995 4955 ad
3036 4903 3322 4955 instantias
3362 4885 3769 4958 Adina-torum
3812 4901 3965 4953 con·

2382 4989 2760 5043 atistorialium
2789 4989 2850 5043 in
2884 4989 3237 5043 consistorio
3266 4988 3492 5060 publico
3512 5025 3531 5055 ,
3551 5006 3682 5060 pag.
3712 4989 3801 5058 31.
3828 4979 3923 5040 33.

2493 5078 2783 5147 Responsa
2810 5075 2874 5129 ad
2903 5078 3197 5131 Instantius
3233 5076 3294 5130 in
3332 5076 3425 5132 die
3465 5073 3914 5148 canonizationis
3936 5110 3959 5142 ,

2374 5181 2507 5237 pag.
2537 5164 2663 5218 310.
2691 5177 2745 5220 et
2770 5165 2899 5219 311.

2492 5253 2823 5308 Reverentia
2840 5271 2975 5325 qnae
2984 5255 3163 5323 ptpae
3183 5252 3245 5306 fit
3263 5272 3293 5307 a
3311 5249 3698 5310 cardinalibus
3717 5251 3780 5306 in
3808 5252 3963 5308 co·-

807 5337 880 5391 ln
924 5340 1446 5398 protonotariornm
1484 5358 1706 5398 scamno
1745 5340 1897 5398 sedet
1938 5359 2006 5398 ex
2049 5342 2277 5416 speciali
2382 5339 2609 5399 sistorio
2634 5340 2860 5413 publico
2887 5378 2904 5413 ,
2924 5358 3057 5415 pag.
3082 5339 3174 5397 33.
3203 5340 3294 5398 31.
