4442 6300
1478 581 1825 653 Quasique
1870 578 2338 635 mucronum
2385 580 2549 639 erc.
3395 581 3465 635 2³

580 735 765 805 -Post‘
798 732 979 806 hanc
1020 728 1496 804 calamitatem
1530 744 1607 804 et
1652 746 1960 830 stragem
1988 784 2009 818 ,
2052 725 2491 800 incredibilis
2529 725 2641 800 illa
2696 753 3028 800 annonae
3083 730 3341 801 caritas
3392 729 3644 802 subse-

430 866 660 952 quuta
701 865 859 937 est,
878 848 994 921 ob
1020 872 1245 949 quam
1283 849 1553 920 Romae
1584 845 1896 948 ejusque
1932 843 2264 919 districtu
2307 847 2762 948 septuaginta
2796 843 3005 918 millia
3049 846 3421 925 hominum
3456 844 3641 919 fame

432 992 516 1041 ac
555 967 828 1070 frigore
864 967 1100 1039 enecti
1138 966 1548 1069 perierunt.
1599 962 2069 1038 Horrendum
2108 989 2276 1038 sane
2311 961 2802 1097 spectaculum
2839 962 2862 1035 l
2923 963 3008 1035 In
3044 962 3378 1065 compitis
3430 965 3646 1066 ipsius

436 1085 697 1177 UrbiS,
736 1086 806 1156 in
848 1078 1157 1156 macellis
1191 1097 1269 1154 et
1306 1082 1622 1156 Officinis
1658 1082 1844 1173 fame
1846 1058 2241 1155 debilitati
2280 1080 2488 1155 Cives
2520 1083 2827 1153 animam
2868 1077 3325 1171 exhalabant,
3362 1078 3476 1152 alii
3519 1107 3647 1154 ve-

436 1207 529 1275 ro
562 1200 704 1302 jam
740 1202 879 1275 vita
916 1197 1247 1273 defuncti
1284 1200 1608 1273 virentes
1641 1197 1948 1286 herbaS,
1984 1224 2165 1298 quas
2199 1196 2289 1273 ad
2330 1196 2590 1272 famem
2641 1197 3023 1272 sedandam
3081 1195 3648 1302 decerpserunt,

441 1318 683 1399 adhuc
714 1315 1060 1423 dentibus
1082 1316 1575 1419 premebant3
1613 1317 1862 1409 Quare
1900 1332 2055 1388 tum
2106 1317 2346 1419 patuit
2392 1316 2693 1388 maxime
2744 1316 3117 1389 charitatis
3169 1314 3588 1389 incendium
3623 1373 3641 1402 ,

439 1460 595 1538 quo
616 1433 905 1508 Camilli
943 1419 1202 1536 pectus
1235 1432 1677 1507 exardebat:
1716 1431 1940 1510 Plura
1974 1434 2375 1505 omittimus
2397 1429 2493 1504 ad
2535 1458 2692 1506 rem
2730 1429 3277 1535 explicandam,-
3329 1459 3519 1534 quae
3577 1435 3649 1505 in

438 1556 637 1628 Actis
675 1556 890 1656 ipsius
923 1553 1125 1626 Beati
1168 1550 1533 1655 descripta
1561 1555 2070 1625 continentur.
2106 1547 2298 1622 Illud
2336 1545 2567 1622 solum
2605 1548 3104 1640 indicabimus,
3135 1564 3317 1622 tunc
3356 1566 3651 1653 tempo·

444 1674 544 1745 ris
599 1694 921 1774 magnam
966 1672 1501 1772 aegrotantium
1556 1667 2094 1742 multitudinem
2149 1669 2221 1740 in
2274 1668 2782 1742 Nosocomium
2819 1672 3059 1741 sancti
3113 1666 3290 1740 Sixti
3331 1683 3651 1741 coactam

442 1788 705 1878 fnisse,
744 1813 831 1860 ex
870 1815 1015 1888 qna
1062 1787 1293 1889 spatio
1330 1811 1736 1890 paucorum
1774 1783 2059 1858 dierum
2116 1787 2254 1859 tria
2287 1783 2500 1859 millia
2540 1785 2801 1858 morbo
2835 1782 3173 1883 confecta
3226 1800 3412 1859 sunt.
3452 1788 3653 1859 Pon-

444 1906 622 1983 tifex
660 1906 877 1978 beato
914 1901 1216 1977 Camillo
1259 1916 1686 2007 potestatem
1725 1901 2203 1977 tribuit<illius
2239 1904 2645 1979 Nosocomii
2683 1902 3227 1977 administrandi
3266 1905 3341 1976 in
3375 1900 3458 1976 iis
3493 1930 3655 1976 om·-

443 2025 702 2109 nibus·,
738 2048 929 2124 quae
967 2020 1055 2094 ad
1094 2017 1397 2094 salutem
1441 2046 1837 2131 =corporum
1891 2039 1969 2094 et
2003 2024 2405 2096 animarum
2459 2023 2948 2124 pertinerent.
2985 2024 3245 2124 Itaque
3279 2078 3296 2107 ‚
3344 2038 3429 2092 ut
3486 2020 3656 2094 huic

449 2145 735 2215 muneri
776 2138 1218 2213 satisfaceret
1247 2194 1268 2230 ‚
1305 2134 1636 2213 in'AEdes
1687 2142 1906 2212 sancti
1964 2137 2142 2212 Sixti
2181 2137 2298 2212 ille
2334 2163 2410 2212 se
2446 2137 2763 2212 contulit
2799 2164 2962 2212 cum
3022 2155 3192 2213 octo
3245 2138 3469 2211 Sociis
3496 2194 3516 2230 ,
3568 2165 3657 2211 ex

447 2258 714 2362 quibus
748 2257 847 2330 ob
887 2254 1344 2330 incredibiles
1378 2254 1668 2330 labores
1701 2273 1777 2330 et
1814 2255 2270 2331 incommoda
2307 2254 2637 2358 quinque
2679 2259 2892 2332 vitam
2925 2258 3319 2330 amiserunt
3331 2287 3356 2345 ;
3390 2256 3660 2330 Camil-

448 2377 560 2450 lus
594 2392 836 2449 autem
873 2377 1207 2447 immunis
1242 2375 1333 2448 ab
1368 2400 1459 2448 eo
1495 2372 1901 2479 discrimine
1935 2399 2016 2449 ac
2052 2372 2243 2447 liber
2275 2376 2501 2448 evasit
2535 2371 2878 2476 singulari
2930 2373 3063 2446 Dei
3121 2372 3514 2461 beneficiO,
3568 2391 3655 2446 ιιι

448 2493 718 2594 majora
764 2489 1032 2566 deinde
1069 2517 1211 2595 pro
1249 2490 1567 2565 utilitate
1606 2494 1914 2596 proximi
1952 2490 2506 2594 aggrederetur,
2541 2497 2739 2567 inter
2769 2516 2959 2593 quae
2999 2474 3356 2565 recenseri
3397 2495 3659 2564 merito

454 2611 681 2705 debet
712 2612 1081 2684 Institutio
1118 2608 2197 2713 Congregationis-Clericorum
2228 2607 2698 2712 Regularium
2724 2610 3289 2683 Ministrantium
3326 2607 3660 2701 Infirmis,

449 2756 669 2832 quam
708 2729 858 2831 ipse
900 2729 1148 2803 statuit
1184 2754 1268 2802 ac
1302 2730 1733 2832 propagavit
1769 2729 1843 2799 in
1884 2727 2108 2803 varias
2141 2725 2360 2798 Orbis
2395 2724 2637 2799 terrae
2675 2740 2955 2833 parte3‚
2990 2743 3070 2819 et
3106 2753 3295 2829 quae
3336 2730 3550 2831 magis
3586 2730 3662 2801 in

452 2846 608 2921 (lies
642 2845 1120 2951 amplificatur
1151 2870 1317 2918 cnm
1358 2847 1662 2919 maximo
1703 2845 2235 2947 aegrotantium
2272 2857 2347 2916 et
2384 2845 2856 2917 morientium·
2890 2842 3146 2917 fructu
3172 2898 3192 2934 ,
3223 2838 3349 2946 qui
3377 2846 3453 2917 in
3492 2842 3667 2917 ulti-

454 2992 566 3037 ma
605 2965 797 3038 vitae
833 2960 1049 3062 hujus
1088 2960 1393 3064 periodo
1429 2962 1851 3047 constituti,
1903 2957 2193 3033 illorum
2235 2958 2594 3062 praesidio
2624 2964 3032 3063 sanctisque
3071 2963 3356 3035 monitis
3408 2986 3672 3036 corro-

458 3080 695 3155 horati
737 3077 882 3152 ad
868 3106 1125 3153 immol
1102 3077 1336 3151 talem
1378 3082 1591 3153 vitam
1636 3076 2208 3181 proficiscuntur.
2252 3070 2483 3181 liujus
2517 3080 2718 3152 Beati
2753 3080 3261 3155 intercessione
3297 3082 3493 3157 Deus
3525 3080 3670 3155 Mi·-

454 3195 700 3272 racula
736 3199 1029 3300 operari
1068 3197 1403 3299 dignatus
1438 3211 1567 3276 est
1601 3211 1765 3299 post
1801 3193 2097 3298 longum
2136 3213 2212 3271 et
2249 3213 2642 3271 maturum·
2656 3223 2953 3271 examen
2992 3197 3481 3272 concordibus
3513 3197 3672 3271 suf-

456 3314 699 3418 fragiis
735 3314 1168 3416 approbata.
1206 3311 1521 3387 Videtur
1555 3339 1650 3385 ne
1692 3317 1937 3430 itaque
1974 3314 2194 3387 Vobis
2230 3314 2603 3442 expedire,
2629 3331 2716 3387 ut
2756 3311 2846 3389 ad
2884 3314 3100 3418 hujus
3134 3342 3435 3419 quoque
3469 3319 3672 3460 Beati

456 3434 1093 3507 canonizationem
1132 3429 1438 3505 solemni
1474 3432 1622 3504 ritu
1663 3421 2126 3504 deveniamus
2152 3432 2192 3504 ?

586 3662 1212 3729 Rursus’cardinalc‘a
1237 3649 1359 3729 'hoc
1388 3662 1530 3729 loeo
1562 3662 2054 3745 responderuntz
2085 3669 2415 3728 ruem:
2465 3670 2539 3728 Et
2569 3665 2873 3729 Sanctitas
2900 3670 3020 3730 Sua
3048 3665 3410 3730 institutum·
3444 3685 3681 3731 sermo·

457 3781 603 3828 nem
630 3770 1013 3846 prosequuta
1040 3770 1160 3825 est.

624 3995 883 4067 Tertio
919 3992 1083 4084 loco
1119 3992 1509 4067 exhibetur
1543 3993 1769 4067 Causa
1803 3994 2008 4068 Beati
2044 3993 2244 4067 Petri
2282 3990 2601 4095 Regalati
2641 3995 2938 4067 minoris
2964 3993 3484 4071 observantiae
3507 4021 3676 4068 san-

466 4113 563 4184 cti
600 4099 957 4183 Francisci
995 4164 1016 4199 ,
1052 4110 1347 4184 natione
1382 4109 1715 4211 Hispani,
1744 4112 1873 4211 qui
1910 4108 2267 4186 Valdoleti
2298 4127 2507 4185 natus
2541 4126 2671 4185 est.
2708 4109 3021 4185 Annales
3054 4114 3393 4185 Fratrum
3432 4114 3679 4186 Mino-

466 4254 633 4301 rum
674 4225 987 4299 tradunt
1017 4254 1065 4298 a
1096 4211 1459 4328 Gregorio
1496 4227 1630 4300 XL
1681 4225 2041 4300 Pontifice
2091 4226 2498 4330 designatos
2550 4228 2762 4302 fuisse
2813 4225 3095 4331 aliquos
3145 4230 3680 4303 Commissarios

472 4342 927 4447 Apostolicos
950 4341 1593 4450 ‚·seu⁴Visitato·res
1622 4396 1642 4432 ,
1676 4346 1801 4444 qui
1840 4369 2011 4416 eum
2047 4339 2402 4446 Ordinem
2442 4347 2516 4418 in
2553 4347 2888 4448 Hispania
2925 4346 3438 4434 reformarent,
3472 4346 3678 4448 cujus

470 4464 885 4535 institutum
921 4486 1005 4534 ac
1041 4459 1412 4564 disciplina
1437 4514 1459 4548 ,
1497 4462 1796 4563 pristina
1835 4453 2217 4537 severitate
2255 4460 2531 4536 dimissa
2565 4521 2582 4546 ‚
2615 4461 3012 4566 plurimum
3049 4459 3360 4565 collapsa
3396 4463 3679 4552 fuerat,

474 4577 1089 4682 quemadmodum
1126 4577 1538 4682 Apostoliea
1574 4576 1800 4651 Sedes
1850 4577 2323 4653 intellexerat.
2378 4580 2706 4668 Ferunt,
2761 4578 3148 4680 quemdam
3205 4583 3499 4654 nomine
3537 4584 3681 4653 Pe-

479 4714 674 4770 trum
708 4694 1205 4770 Villacretium
1240 4699 1437 4769 inter
1468 4696 1765 4769 Fratres
1813 4696 2135 4770 Minores
2190 4699 2423 4771 virum
2479 4698 2854 4769 sanctitate
2910 4699 3096 4771 vitae
3152 4713 3624 4800 praestantem
3662 4754 3680 4784 ‚

480 4812 649 4890 inde
686 4818 1073 4888 excitatum
1109 4812 1329 4887 fuisse
1361 4867 1383 4902 ,
1428 4829 1516 4890 ut
1554 4812 2150 4888 reformationem
2189 4812 2570 4916 Regularis
2597 4812 3121 4888 Observantiae
3172 4819 3394 4888 sancti
3449 4816 3683 4888 Fran-

483 4933 642 5004 cisci
682 4936 958 5035 primus
995 4931 1397 5004 inchoaret.
1434 4930 1650 5003 Sacra
1692 4928 2019 5031 AEdicula
2052 4935 2246 5002 inter
2280 4929 2548 5033 oppida
2588 4930 2967 5004 Tendillae
3001 4959 3082 5004 ac
3121 4930 3523 5006 Penalverii
3552 4935 3682 5030 sita
3777 4966 3789 4974 ·

483 5066 689 5137 erat,
736 5048 1179 5121 beatissimae
1213 5048 1495 5149 Virgini
1531 5048 1801 5120 Mariae
1839 5065 2261 5150 nuncupata
2295 5102 2315 5138 ,
2351 5074 2540 5149 quae
2576 5046 2668 5148 ad
2721 5052 3025 5150 Equites
3056 5048 3466 5123 Melitenses
3511 5047 3677 5156 jure

484 5169 725 5268 pertin
904 5168 1198 5238 .Porro
1236 5181 1549 5239 sanctam
1587 5165 1888 5238 Mariam
1926 5162 2267 5238 Saliceti
2249 5191 2469 5267 ipsam
2511 5166 2875 5241 vocabant
2919 5193 3005 5241 ex
3058 5193 3198 5257 eu,
3251 5167 3450 5268 quod
3501 5167 3679 5241 bea-

484 5287 817 5356 tissima&
845 5311 999 5384 »rgo
1034 5282 1465 5384 quibusdam
1501 5282 1988 5356 Venatoribus
2043 5285 2257 5385 ipsius
2293 5310 2557 5357 nomen
2598 5301 2673 5357 et
2701 5311 2937 5388 opem
2995 5283 3548 5396 implonantibus
3593 5313 3683 5358 eo

492 5398 651 5474 loco
685 5416 1176 5535 apparuerat,
1210 5426 1375 5474 cum
1422 5397 1539 5474 illi
1560 5404 1755 5474 inter
1784 5399 2219 5475 densissimas
2261 5400 2535 5504 pluvias
2562 5457 2581 5492 ,
2634 5400 3018 5476 fulminum
3061 5401 3341 5505 ignibus
3396 5417 3687 5505 perten-

491 5520 605 5592 rlti
638 5571 656 5609 ,
698 5521 807 5594 via
848 5518 1139 5622 penitus
1172 5517 1636 5594 aberrassent.
1671 5517 1955 5622 Itaque
1961 5574 1980 5611 ‚
2012 5543 2185 5594 cum
2217 5522 2532 5625 primum
2589 5543 2810 5625 super
2861 5518 3103 5598 salices
3155 5519 3383 5596 altare
3438 5522 3688 5597 fuisset
