4442 6300
1516 502 1861 572 QqutJt
1900 501 2363 558 “Neronum
2407 503 2574 555 Ere.

446 644 669 710 Edicto
694 644 1070 711 intimandae
1095 690 1113 718 ,
1143 645 1321 710 statis
1352 647 1480 710 suis
1526 667 1813 730 quaeque
1873 648 2000 712 die·

2124 658 2328 711 tamen
2349 650 2678 724 praecipue
2705 651 2874 711 ieter
2901 656 3129 710 ceteros
3181 652 3450 726 populos
3508 650 3677 707 decet

452 744 571 807 bus
603 744 681 807 ad
710 763 849 807 enm
882 743 1225 808 Ecclesiam
1249 787 1271 817 ‚
1298 744 1411 808 ubi
1459 764 1645 809 mane
1693 746 1882 811 Missa
1937 746 2000 807 in
2113 749 2341 807 meritis
2365 749 2628 821 pietatis
2655 749 2990 819 exemero,
3016 752 3168 824 Quos
3228 748 3296 805 ia
3325 748 3467 821 ipsa
3520 744 3673 816 Apo·

447 838 748 904 bonorem
772 840 1216 922 ¹Apostolorum
1244 841 1565 907 celebrata
1615 843 1804 907 fuerit
1831 886 1851 915 ,
1903 842 2006 925 pie
2112 843 2367 905 aeolicae
2392 853 2604 918 petrae
2636 858 2773 903 arcs
2797 844 3079 920 [eudemo
3102 884 3123 914 ‚
3155 850 3212 903 et
3241 843 3528 903 Dominae
3549 839 3608 898 N
3612 855 3677 897 ο-

449 952 520 1000 ar
551 936 778 1001 devote
808 937 1165 1018 procedant.
1200 939 1477 1022 Singulis
1506 947 1715 1004 autem
1754 938 2005 1004 Confra-

2120 950 2247 1000 sicr
2271 941 2455 1000 Issus
2490 941 2776 999 Clu-istus
2803 956 2935 1000 cum
2965 943 3243 1001 omuibus
3297 942 3583 1006 redemit,
3616 944 3676 994 et

396 1108 407 1117 ο
445 1035 654 1098 tribus
682 1034 1235 1118 processionaliter
1262 1038 1707 1102 accedentibus
1760 1045 2001 1118 septem
2115 1040 2325 1098 beatus
2360 1037 2694 1112 Apostolus
2730 1038 2941 1099 Petrus
2964 1052 3115 1113 prae
3147 1040 3435 1099 omnibus
3484 1035 3675 1094 erudi·

446 1151 641 1195 annos
671 1140 729 1194 et
763 1133 1023 1198 totidem
1056 1134 1525 1218 quadragenas,
1556 1141 1620 1199 et
1672 1134 1814 1197 aliis
1873 1154 2005 1198 om·

447 1229 633 1293 nibus
661 1230 986 1312 utriusque
1035 1251 1222 1295 sexus
1277 1231 1802 1297 christifidelibus
1857 1249 2005 1294 vere

444 1326 911 1408 poenitentibus
938 1337 1005 1392 et
1031 1326 1341 1395 confessis
1364 1370 1383 1400 ‚
1414 1328 1520 1409 qui
1548 1330 1841 1393 eamdem
1893 1333 2007 1391 Ec-

447 1422 705 1487 clesiam
728 1466 749 1496 ,
780 1422 885 1486 ubi
916 1422 1115 1488 Statio
1143 1423 1311 1496 erit,
1354 1424 1656 1508 religiose
1717 1423 2005 1487 visitave-

2114 1138 2224 1195 vit.

2140 1276 2153 1293 .
2244 1232 2520 1292 Caveant
2550 1226 2736 1310 igitur
2756 1271 2778 1299 ‚
2811 1247 2890 1291 ne
2909 1227 3144 1293 sanctis
3174 1246 3434 1292 suorum
3465 1228 3674 1287 Pasto-

2121 1344 2258 1388 rum
2294 1325 2549 1388 monitis
2576 1323 3069 1407 inobsequentes
3091 1369 3112 1398 ,
3144 1345 3223 1388 ne
3262 1326 3676 1385 immemores

2121 1419 2575 1485 beneficiorum
2611 1421 2763 1496 Dei,
2794 1441 2874 1486 ne
2909 1421 3244 1506 irreligiosi
3274 1440 3421 1504 erga
3451 1424 3676 1480 Servos

448 1518 572 1583 rint
595 1562 615 1592 ,
646 1519 727 1582 (le
755 1518 1203 1603 omnipotentis
1230 1517 1343 1583 Dei
1375 1519 1803 1587 misericordia
1861 1536 2005 1583 con·
2119 1518 2257 1602 ejus
2290 1524 2406 1582 BR.
2442 1518 2779 1600 Apostolos
2802 1561 2821 1591 ‚
2865 1529 2932 1583 et
2985 1517 3316 1584 absimiles
3372 1515 3677 1599 maiorum

446 1614 543 1680 tisi
570 1626 818 1681 centum
851 1616 991 1681 dies
1023 1617 1103 1679 de
1132 1616 1428 1699 injunctis
1482 1615 1619 1689 eis,
1679 1625 1790 1681 aut
1848 1614 2007 1679 alias
2115 1617 2333 1700 pietati
2368 1616 2775 1680 inveniantur.
2805 1622 3097 1701 stagnum
3130 1616 3297 1680 enim
3332 1610 3677 1696 periculum

444 1713 917 1795 quomodolibet
953 1712 1193 1778 debitis
1220 1713 1626 1795 poenitentiis
1657 1712 2006 1778 misericor·

444 1810 606 1876 diter
633 1812 697 1872 in
728 1811 994 1875 Domino
1021 1809 1397 1875 relaxamus.

569 1913 895 1972 uouemus
922 1913 1131 1972 autem
1157 1907 1221 1969 in
1240 1907 1510 1972 Domino
1533 1949 1555 1979 ‚
1585 1912 1645 1970 et
1676 1904 2011 1970 instantius

447 2023 738 2088 rogamus
761 2048 781 2073 ,
811 2024 1030 2069 omnes
1058 2002 1525 2070 christifideles
1553 2004 1613 2068 in
1646 2003 1761 2070 bae
1814 2001 2003 2067 Alma

446 2104 606 2167 Urbe
637 2108 815 2165 natos
842 2109 907 2167 et
937 2109 1431 2169 commorantes.
1461 2110 1530 2165 ut
1564 2101 1669 2185 pia
1696 2101 2005 2185 Heliorum

448 2198 735 2280 exempla
764 2199 827 2259 in
860 2198 1258 2261 veneratione
1291 2217 1439 2281 erga
1471 2197 1694 2262 beatos
1749 2205 2008 2280 Aposto-

446 2293 542 2358 los
568 2291 868 2358 laudabili
900 2292 1103 2357 studio
1129 2291 1523 2358 aemulantes
1580 2294 1644 2355 in
1707 2293 2010 2360 Ecclesiis

448 2406 483 2455 a
512 2390 709 2456 Nobis
738 2388 1101 2454 constitutis
1142 2389 1370 2453 devota
1429 2387 1802 2455 celebritate
1860 2410 2004 2455 con·

446 2490 693 2553 veniant
714 2530 736 2557 ..
766 2494 829 2552 et
861 2483 1179 2569 spirituali
1212 2486 1452 2552 laetitia
1482 2486 1840 2551 exultantes
1880 2487 2009 2553 lau·

448 2585 790 2666 dantesque
823 2590 1021 2645 Deum
1044 2627 1065 2656 ‚
1097 2584 1204 2665 qui
1234 2583 1619 2667 glorificatur
1645 2583 1709 2646 in
1765 2585 2009 2650 Sanctis

449 2680 614 2751 suis,
644 2685 885 2744 tantam
914 2678 1155 2744 Natalis
1183 2679 1314 2744 diei
1344 2678 1791 2761 Apostolorum
1850 2679 2012 2746 cele·

457 2778 646 2843 brent
673 2775 1160 2842 solemnitatem.
1193 2777 1519 2860 Siquidem
1550 2777 1634 2841 de
1687 2779 2010 2862 praesidio

445 2876 751 2940 Divinitas
781 2875 976 2939 Nobis
1008 2875 1084 2939 ad
1117 2873 1476 2955 exemplum
1530 2876 1872 2957 patientiae
1894 2920 1915 2951 ,
1947 2888 2047 2951 et-

449 2970 988 3039 confirmationem
1027 2969 1172 3033 fidei
1228 2977 1605 3054 praeparato
1660 2972 1724 3034 in
1785 2971 2005 3038 borum

451 3069 828 3135 excellentia
874 3074 1128 3132 Patrum
1191 3067 1418 3134 merito
1477 3075 1576 3134 est
1630 3069 2014 3138 exultantius

453 3168 844 3254 gloriandum
868 3209 889 3238 ,
922 3185 1080 3247 quos
1106 3157 1310 3250 gratia
1343 3166 1452 3232 Dei
1485 3166 1547 3230 in
1591 3173 1821 3232 tantam
1877 3168 2013 3233 alti-

449 3268 724 3331 tudinem
757 3263 1044 3345 prorexit
1067 3304 1089 3335 ‚
1121 3269 1187 3328 ut
1217 3262 1438 3327 borum
1498 3263 1682 3329 alteri
1718 3285 2010 3350 magnum

447 3376 513 3432 et
543 3360 831 3427 mirabile
859 3359 1243 3425 consortium
1265 3360 1581 3441 potentiae
1604 3382 1755 3426 suae
1778 3364 2017 3429 tribue·

450 3463 527 3528 rit
556 3460 773 3525 Divina
803 3457 1130 3542 dignati03
1157 3456 1320 3520 alter
1335 3477 1485 3523 vero
1502 3466 1626 3524 Vas
1649 3459 2012 3537 electionis,

447 3569 511 3626 et
540 3555 835 3641 specialis
866 3560 1096 3619 Ductor
1125 3552 1414 3618 Gentium
1445 3574 1718 3636 superno
1750 3557 2010 3623 oraculo

450 3667 515 3722 et
541 3652 801 3721 caelesti
826 3650 1131 3716 sententia
1160 3647 1356 3714 fuerit
1388 3650 1775 3733 designatus.
1827 3658 2006 3720 Prae-

451 3765 621 3820 terea
654 3747 1054 3815 meminerint
1081 3750 1269 3828 saepe
1298 3746 1457 3812 banc
1488 3749 1716 3813 Urbem
1771 3752 2009 3833 potenti

449 3848 892 3935 Apostolorum
923 3846 1315 3927 protectione
1346 3864 1383 3909 a
1441 3846 1861 3912 Barbarorum
1924 3849 2013 3912 in·

446 3949 735 4016 cursibus
756 3989 778 4020 ‚
807 3965 842 4009 a
870 3943 1068 4010 caede
1089 3986 1112 4017 ,
1142 3963 1179 4008 a
1208 3940 1698 4025 depopulatione
1721 3987 1744 4020 ‚
1778 3946 1860 4011 ab
1916 3947 2008 4010 fin-

447 4047 723 4119 cendiis,
750 4065 785 4109 a
817 4040 1305 4108 terraemotibus
1334 4039 1604 4124 aliisque
1663 4041 2012 4111 innumeris

445 4142 741 4231 periculis
769 4147 833 4205 et
859 4137 1325 4205 calamitatibus
1351 4137 1705 4202 liberatam.
1740 4146 1806 4203 lu
1836 4161 2008 4206 men-

450 4255 577 4311 tem
608 4245 901 4306 rerocent
928 4236 1255 4300 innumera
1288 4234 1398 4299 illa
1425 4233 1705 4319 prodigia
1735 4245 1802 4301 ot
1861 4258 2000 4321 gra.

451 4341 596 4414 tias,
617 4358 772 4421 quas
791 4335 869 4399 ad
894 4331 1161 4418 gloriam
1184 4338 1515 4397 Servorum
1536 4352 1795 4397 suorum
1817 4340 2009 4402 Bran.

452 4440 709 4504 deomm
731 4477 753 4507 ‚
783 4432 883 4498 vel
918 4436 1290 4497 catenarum
1322 4437 1609 4495 contactu
1632 4474 1655 4505 ‚
1713 4431 1813 4495 vel
1873 4433 2011 4500 sola

453 4538 737 4603 oratione
759 4577 781 4607 ‚
811 4540 917 4598 aut
948 4528 1221 4594 nominis
1270 4528 1662 4596 invocatione
1723 4533 2013 4616 antiquo·

452 4641 590 4699 rum
625 4630 926 4696 Fidelium
961 4628 1161 4712 pietas
1192 4646 1265 4692 ac
1295 4626 1549 4691 devotio
1602 4629 1682 4692 ab
1730 4631 2012 4714 omnipo·

448 4733 606 4798 tenti
640 4737 769 4793 Deo
800 4726 1098 4792 obtinuit.
1132 4730 1394 4788 Demum
1426 4725 1491 4786 iu
1544 4727 1848 4791 memoria
1906 4727 2013 4792 ba.

459 4834 646 4896 beant
705 4827 899 4892 verba
930 4822 1042 4887 illa
1096 4828 1166 4887 B.
1225 4821 1447 4886 Leonis
1504 4824 2013 4891 Praedecessoris

2118 1720 2215 1779 est
2244 1757 2265 1788 ,
2294 1733 2437 1778 esse
2466 1714 2752 1778 homines
2783 1733 2896 1798 per
2927 1711 3309 1778 oblivionem
3341 1706 3677 1775 beneficio·

2123 1832 2262 1876 rum
2292 1811 2568 1897 ingratos
2595 1817 2726 1876 Deo
2749 1854 2769 1885 ‚
2799 1819 2863 1875 et
2886 1810 3092 1875 Servis
3120 1809 3260 1893 ejus
3286 1853 3306 1883 ,
3335 1828 3448 1871 nec
3477 1825 3683 1870 corre-

2121 1908 2337 1992 ptione
2354 1906 2609 1992 corrigi,
2644 1926 2761 1971 nec
2788 1907 2871 1971 de
2889 1907 3105 1990 gratiis
3121 1904 3456 1970 recordari.
3478 1902 3684 1966 Sciant

2122 2004 2397 2087 denique
2419 2048 2440 2077 ‚
2471 2004 2639 2089 quod
2670 2005 2896 2070 beatos
2924 2002 3260 2087 Apostolos
3279 2044 3302 2077 ‚
3354 2000 3460 2085 qui
3519 1998 3682 2081 apud

2122 2109 2320 2167 Deum
2349 2101 2799 2167 intercessores
2827 2101 2946 2165 sibi
2981 2118 3123 2166 esse
3145 2119 3269 2165 non
3295 2106 3517 2172 curat,
3547 2116 3688 2163 sua·

2124 2220 2260 2264 rum
2292 2197 2615 2282 culparum
2649 2218 2903 2264 severos
2934 2199 3192 2264 Iudices
3250 2192 3414 2262 babe
3428 2196 3563 2270 bit,
3619 2200 3687 2260 et

2124 2318 2287 2380 quos
2313 2296 2758 2363 conciliatores
2784 2312 3090 2379 supernae
3123 2293 3550 2359 miserationis
3578 2292 3687 2367 ba·

2120 2396 2276 2459 bere
2305 2392 2697 2467 coutemnit,
2729 2392 3005 2460 offensae
3054 2391 3403 2475 majestatis
3455 2391 3688 2457 sentiet

2119 2491 2381 2556 ultores.
3205 2488 3212 2497 '

2246 2586 2417 2653 Nulli
2445 2607 2599 2672 ergo
2629 2585 2885 2652 omniuo
2907 2586 3240 2651 'bominum
3273 2585 3472 2651 liceat
3527 2586 3686 2650 banc

2122 2686 2410 2770 paginam
2435 2693 2688 2749 nostrae
2717 2683 3201 2749 constitutionis
3226 2728 3247 2758 ‚
3277 2683 3541 2754 decreti,
3572 2690 3690 2745 sta-

2120 2783 2286 2857 tuti,
2313 2781 2705 2846 definitionis
2727 2825 2748 2854 ,
2778 2780 3143 2846 monitionis
3166 2824 3187 2854 ‚
3219 2787 3284 2845 et
3340 2779 3689 2843 voluntatis

2123 2878 2468 2963 infringere
2487 2918 2509 2949 ‚
2537 2875 2639 2941 vel
2672 2875 2732 2942 ei
2764 2894 2923 2940 ausu
2953 2876 3294 2941 temerario
3324 2875 3685 2941 contrairet

2122 2977 2182 3042 Si
2211 2978 2355 3058 quis
2383 2985 2594 3041 autem
2635 2974 2752 3039 boc
2806 2981 3116 3038 attentare
3150 2972 3681 3055 praesumpserit,

2123 3073 2612 3159 indignationem
2643 3070 3090 3154 omnipotentis
3119 3071 3229 3135 Dei
3259 3113 3280 3143 ‚
3311 3068 3403 3135 'ac
3458 3070 3674 3135 beato·

2122 3190 2261 3234 rum
2290 3170 2458 3234 Petri
2483 3212 2505 3243 ‚
2526 3177 2594 3234 et
2617 3166 2789 3232 Pauli
2811 3166 3271 3250 -Apostolornm
3304 3165 3444 3250 ejus
3476 3188 3547 3232 se
3575 3187 3687 3233 no-

2122 3267 2289 3332 verit
2311 3265 2730 3331 incursurum.
2767 3271 2990 3330 Datum
3020 3273 3261 3330 Itomae
3292 3264 3454 3346 apud
3485 3270 3543 3329 S.
3564 3270 3693 3331 lta·

2125 3363 2280 3434 riam
2309 3363 2611 3447 Maiorem
2642 3380 2808 3426 anno
2833 3357 3285 3428 lucamationis
3326 3362 3688 3427 Dominicae

2129 3460 2471 3526 millesimo
2489 3459 3043 3542 septingentesimo
3059 3458 3545 3542 quadragesimo
3566 3469 3693 3524 ter·

2122 3561 2223 3627 tio
2252 3557 2540 3624 Calendis
2567 3556 2801 3640 Aprilis
2831 3556 3233 3623 Pontificatus
3263 3558 3473 3623 Nostri
3529 3577 3689 3623 anno

2121 3655 2330 3723 tertio.
2939 3675 2946 3684 ·

2125 3858 2192 3917 Ρ.
2222 3847 2407 3915 card.
2433 3847 2852 3913 Prodatarius.
2972 3852 3044 3911 1).
3076 3846 3256 3913 card.
3285 3846 3684 3914 Passioneus.

2251 4046 2426 4107 vtsa
2458 4046 2559 4105 DE
2586 4043 2837 4105 cuma·

2245 4144 2320 4205 N.
2351 4136 2738 4205 Antonellus.

3031 4337 3106 4420 J..
3122 4337 3192 4397 B.
3217 4335 3558 4419 Eugenius.

2323 4534 2675 4610 Reqistreta
2703 4534 2772 4593 ta
2803 4531 3151 4594 secretaria
3181 4531 3491 4594 manum.

2251 4725 2421 4789 Amo
2450 4743 2491 4789 ο
2517 4724 2856 4789 Naaman
2895 4727 2968 4787 D.
2997 4725 3075 4786 Ν.
3115 4725 3319 4787 JESU
3344 4727 3692 4790 cuman

2124 4828 2444 4888 mimum
2474 4826 2996 4901 commutarim
3025 4828 3484 4900 maranatha
3513 4832 3690 4890 tertie

456 4926 665 4995 Nostri
699 4926 774 4989 ad
807 4930 1147 4986 Romanum
1177 4918 1487 5001 Populum
1523 4940 1604 4984 ex
1630 4921 1802 4984 beati
1843 4922 2008 4985 Petri
2127 4923 2468 4985 mationa
2500 4925 2715 4997 quiere
2745 4924 2839 4980 dis
2865 4935 3008 4981 earo
3047 4922 3144 4981 13.
3177 4915 3442 4996 Aprilis,
3476 4923 3688 4983 Ponu-

453 5023 755 5089 Catbedra
782 5016 1112 5084 clamantis
1142 5024 1207 5079 et
1236 5013 1535 5079 dicentisz
1565 5013 1661 5100 (a)
1689 5021 1859 5080 Licet
1891 5037 2013 5080 om-
2125 5023 2345 5097 ficetus
2357 5028 2563 5081 eutem
2596 5018 2986 5078 sanctissime·
3008 5019 3077 5078 ie
3131 5019 3372 5078 cbristo
3439 5019 3643 5081 Patria
3663 5062 3687 5093 ,

450 5109 593 5185 aaut
620 5121 957 5183 Ecclesiam
980 5159 1000 5189 ,
1029 5133 1183 5193 quae
1211 5118 1281 5175 iu
1308 5123 1435 5180 tuo
1468 5126 1556 5176 est
1588 5114 1749 5179 Orbe
1787 5120 1995 5180 Tem·

459 5240 592 5285 rum
618 5263 638 5293 ,
666 5221 902 5282 cunctis
934 5222 1209 5290 oporteat
1235 5217 1441 5289 florere
1485 5214 1811 5275 virtutibus
1836 5237 1861 5285 5
1904 5233 2008 5277 vos

638 5414 721 5485 (a)
756 5414 808 5467 S.
842 5414 955 5465 leo
984 5411 1153 5461 Set-m.
1185 5407 1266 5457 11.
1299 5406 1356 5457 iu
1384 5404 1474 5458 die
1501 5407 1779 5478 Assumpe.

2124 5125 2186 5178 et
2212 5119 2288 5179 D.
2322 5118 2401 5177 Ν.
2435 5117 2503 5176 D.
2533 5116 2953 5177 BENEDtCTI
3019 5116 3254 5175 Divina
3304 5115 3694 5179 mordentia

2130 5216 2252 5275 1²1³.
2286 5217 2344 5276 Χ
2347 5215 2379 5273 1
2387 5217 2449 5276 V.
2480 5212 2649 5273 Aeac
2693 5214 2885 5274 Tertio
2908 5253 2928 5282 ,
2955 5228 3102 5288 supr
3114 5215 3327 5275 edicta
3385 5217 3691 5277 Constitu-
