4442 6300
1519 500 1866 568 Quinque
1933 496 2397 552 sucronem
2469 488 2635 548 arc.
3441 498 3510 553 ,η

518 673 529 681 ·
591 644 842 709 Interim
876 642 1184 727 postulata
1216 662 1359 708 cum
1402 652 1637 728 Regum
1684 653 1748 707 et
1794 643 2020 709 Princi-

454 764 601 826 pum
626 788 647 814 ,
678 753 811 807 tum
843 741 1245 825 Regularium
1276 740 1553 823 ipsorum
1586 741 1887 806 Ordinem
1918 760 2014 805 aa·

457 841 635 906 sidue
666 840 741 902 ad
773 839 1168 911 Sanctitatem
1216 858 1390 902 suam
1423 837 1914 909 deferebantur,
1945 846 2017 902 ut

454 937 823 1020 quantocius
864 937 980 1000 bos
1027 936 1306 1018 quinque
1359 940 1586 998 Beatos
1632 936 1875 999 Sanctis
1921 935 2014 1014 di·

455 1044 752 1119 gnaretur
776 1034 1164 1105 adscribere;
1195 1051 1353 1112 quus
1368 1050 1583 1112 preres
1606 1039 1665 1094 et
1700 1039 1838 1095 vota
1868 1052 2007 1095 cum

456 1132 679 1203 libenti
722 1132 933 1195 animo
966 1127 1247 1193 Pontifex
1292 1129 2014 1210 excepisset,‘proximo

443 1230 740 1311 ‘sequenti
784 1248 946 1292 aune
998 1248 1067 1290 se
1113 1226 1454 1291 relaturum
1504 1232 1627 1289 Eos
1676 1225 1737 1287 iu
1795 1225 2011 1288 Album

457 1333 825 1391 Sanctorum
879 1324 1150 1405 benigne
1199 1322 1566 1397 affirmavit,
1611 1321 2014 1387 Postulatori·

456 1425 577 1487 bus
606 1433 808 1487 tamen
839 1420 1173 1485 admonitis
1195 1464 1215 1491 ‚
1246 1440 1321 1484 ne
1355 1430 1674 1501 parcerent
1708 1419 2013 1500 sumptui,

448 1528 519 1584 ut
550 1528 877 1602 apparatus
900 1518 1234 1600 splendore
1261 1526 1324 1580 et
1349 1516 1829 1600 magnificentia,
1850 1536 2013 1597 quae

453 1618 798 1701 peragenda
830 1624 964 1679 erat
994 1614 1391 1679 canonizatio
1417 1657 1438 1685 ‚
1471 1613 1826 1696 superiores
1872 1612 2016 1676 reli·

454 1737 608 1796 quas
638 1713 1088 1779 antecelleret.
1121 1714 1295 1786 Quod
1328 1712 1466 1794 jure
1502 1721 1717 1792 petere
1764 1709 2017 1773 videba-

449 1822 555 1875 tur
589 1821 724 1895 post
772 1811 1168 1873 imminutam
1218 1809 1281 1871 in
1329 1809 1554 1873 strenis
1603 1818 1668 1872 et
1716 1806 2014 1887 sportulis

454 1911 727 1997 ipsarum
757 1914 1091 1972 Causarum
1126 1907 1470 1987 impensum
1520 1908 1836 1971 taxatione
1883 1922 2016 1970 cer·

452 2016 514 2071 ta
539 2053 558 2079 ‚
584 2010 664 2072 ab
694 2008 921 2070 eodem
944 2006 1078 2089 jam
1119 2004 1325 2078 edita,
1376 2004 1442 2067 in
1493 2013 1809 2086 posterum
1861 2006 2012 2069 vali-

460 2117 619 2170 tura.

577 2209 666 2266 Ac
691 2220 850 2265 onus
881 2199 1134 2282 quidem
1165 2198 1419 2280 parandi
1449 2199 1677 2269 omnia,
1711 2204 1776 2261 et
1804 2198 2015 2281 dispo·

454 2300 638 2365 nendi
670 2319 829 2380 quae
857 2298 934 2361 ad
965 2306 1195 2360 tantam
1227 2295 1659 2359 celebritatem
1691 2297 2013 2378 requirun-

454 2409 578 2469 tur,
611 2398 889 2478 ipsorum
923 2392 1358 2458 tantummodo
1384 2393 1843 2459 Postulatorum
1877 2403 2009 2458 ests

454 2499 846 2561 Consuevere
876 2499 1079 2556 tamen
1114 2491 1362 2555 Romani
1397 2489 1752 2564 Pontifices,
1784 2499 1851 2553 ut
1880 2511 2011 2555 om·

454 2593 555 2655 nia
587 2592 703 2653 rite
735 2589 876 2651 fiant
910 2598 1096 2671 atque
1141 2588 1396 2661 ordine,
1448 2587 1721 2670 aliquem
1774 2588 2010 2653 eisdem

454 2686 789 2771 praeficere
822 2707 941 2750 non
972 2686 1171 2751 minus
1210 2684 1582 2749 authoritate
1605 2727 1625 2756 ,
1675 2706 1862 2765 quam
1918 2686 2011 2747 di·

455 2785 688 2865 gnitate
716 2783 1121 2864 conspicuum
1148 2824 1167 2852 ,
1199 2782 1305 2862 qui
1338 2781 1675 2863 aliquando
1709 2801 1871 2845 unus
1923 2788 2012 2844 et-

452 2882 574 2945 iam
606 2902 643 2945 e
672 2888 729 2944 S.
766 2889 832 2943 R.
866 2888 934 2943 E.
979 2880 1395 2943 cardinalium
1433 2899 1694 2941 numero
1737 2877 1892 2950 fuit3
1946 2884 2013 2940 ut

456 2979 636 3042 Xisto
659 2986 729 3040 V.
749 2977 1046 3041 Pontifice
1074 2976 1303 3039 fartum
1333 2983 1429 3039 est
1453 2977 1511 3035 in
1535 2974 2012 3038 canonizatione

460 3075 652 3139 sancti
684 3076 937 3137 Didaci:
969 3072 1340 3137 Novissimis
1370 3092 1519 3135 vero
1551 3070 1722 3134 bisce
1775 3079 2015 3153 tempo·

465 3174 641 3236 ribus
689 3173 841 3235 banc
896 3191 1107 3235 curam
1160 3169 1611 3234 demandarunt
1643 3176 1750 3232 aut
1778 3169 2021 3233 Praefe-

462 3280 563 3335 cto
607 3269 824 3333 Palatii
875 3267 1261 3351 Apostolici,
1304 3273 1408 3331 aut
1454 3267 1622 3330 Fidei
1670 3268 2014 3331 Promotori

460 3375 528 3429 ut
572 3366 914 3452 *sanctitati
975 3386 1224 3447 quoque
1284 3371 1441 3428 Suae
1512 3364 1768 3448 contigit
1797 3408 1819 3436 ‚
1880 3385 2019 3429 cum

456 3463 627 3527 Fidei
658 3471 987 3528 Promotor
1020 3463 1350 3526 Benedicta
1393 3469 1549 3525 XIII.
1581 3462 1877 3527 Pontifice
1911 3468 2020 3527 ca-

462 3560 916 3626 nonizationum
951 3602 973 3632 ‚
1034 3580 1195 3641 quae
1254 3568 1399 3622 tunc
1456 3557 1655 3625 factae
1714 3559 1968 3624 fuerunt
1996 3604 2020 3635 ,

462 3677 564 3723 res
591 3656 1083 3721 administravit.
1115 3664 1343 3719 Verum
1375 3654 1663 3722 Pontifex
1707 3676 1846 3719 cum
1880 3677 2017 3739 per-

462 3767 738 3837 spectam
768 3751 1062 3823 baberet,
1094 3771 1214 3815 non
1248 3752 1435 3816 modo
1463 3752 1887 3836 vigilantiam,
1916 3774 2021 3818 ve·

455 3870 593 3913 rum
652 3851 873 3934 etiam,
903 3849 1296 3932 prudentiam
1349 3856 1419 3912 R.
1469 3855 1534 3912 Ρ.
1587 3855 1658 3911 D.
1709 3845 2019 3913 Theodori

457 3946 866 4030 Boccapaduli
887 3989 907 4015 ,
939 3966 1123 4028 quem
1158 3946 1281 4010 sibi
1312 3966 1347 4009 a
1374 3946 1640 4010 secretis
1671 3946 2022 4033 eleemosy-

455 4045 550 4108 nis
577 4065 718 4108 esse
745 4046 870 4129 Jam
900 4045 1140 4126 pridem
1170 4044 1444 4127 jusserat
1469 4086 1488 4112 ‚
1518 4042 1636 4124 ipsi
1672 4062 1824 4125 prae
1883 4064 2014 4106 om·

454 4142 638 4204 nibus
669 4141 797 4206 tale
826 4141 1145 4223 negotium
1189 4126 1501 4205 commisi!
1551 4141 1771 4224 niincio
1823 4140 2023 4206 misso

456 4258 573 4321 per
600 4238 939 4320 Epistulam
972 4239 1358 4303 Secretariae
1390 4244 1637 4302 Status.

589 4343 679 4400 Eo
707 4336 902 4408 ferme
936 4345 1219 4416 tempore
1241 4334 1543 4399 admoniti
1577 4343 1692 4398 Ru.
1729 4341 1836 4398 PP.
1862 4340 2015 4399 cau·

460 4450 663 4495 aarum
699 4431 1121 4496 postulatores
1148 4429 1323 4496 fuere
1352 4438 1478 4494 tam
1525 4430 1603 4494 de
1653 4430 2013 4513 hujusmodi

462 4528 773 4592 electione
798 4571 817 4598 ‚
846 4549 1031 4609 quam
1065 4527 1142 4590 de
1173 4526 1279 4591 die
1310 4531 1413 4592 29.
1446 4526 1613 4590 Junii
1648 4527 1787 4591 anni
1820 4527 2024 4609 proxi·

465 4646 565 4689 me
594 4623 827 4694 futuri,
869 4645 1059 4706 quem
1111 4631 1325 4704 utpote
1378 4630 1476 4686 SS.
1522 4626 1688 4689 Petri
1739 4632 1800 4688 et
1846 4624 2018 4689 Pauli

465 4722 896 4803 Apostolorum
930 4722 1227 4807 martyrio
1255 4732 1693 4787 consecratum
1715 4763 1737 4792 ,
1783 4722 1860 4785 ad
1907 4729 2016 4786 ca-

466 4820 915 4884 nonizationem
952 4819 1363 4902 peragendam
1418 4819 1702 4884 Pontifex
1749 4818 2020 4883 destina·

2125 641 2275 723 quid
2302 647 2409 704 aut
2435 639 2779 721 excogitari
2829 639 3220 723 elegantius,
3273 649 3376 705 aut
3423 641 3692 707 artificio

2125 738 2281 802 effici
2317 736 2816 820 magnificentius
2846 746 3110 819 poterat.
3141 747 3201 803 et
3232 737 3524 803 conferre
3547 759 3692 803 con-

2126 835 2285 915 silia,
2316 837 2481 898 inter
2522 854 2591 898 ae
2628 842 3017 917 coeperunt,
3065 844 3251 917 atque
3296 845 3365 898 ut
3411 853 3527 918 pro
3577 856 3690 901 sua

2125 935 2388 1016 quisque
2418 941 2596 1014 parte
2627 932 2774 1011 quid
2806 934 3077 997 curaturi
3111 941 3322 998 essent
3347 978 3369 1005 ,
3412 932 3692 997 unanimi

2123 1030 2540 1096 consensione
2569 1028 2989 1095 deliberarent
3009 1074 3030 1102 ,
3063 1033 3340 1113 primum
3369 1030 3567 1095 semel
3615 1031 3686 1092 in

2122 1128 2512 1193 hebdomada
2539 1171 2559 1198 ‚
2590 1127 2818 1191 deinde
2847 1128 3108 1212 singulis
3138 1128 3506 1211 quindecim
3556 1128 3690 1192 die·

2124 1226 2241 1288 bus
2267 1223 2594 1289 Pontificio
2620 1221 2796 1305 jussu
2826 1225 3279 1289 conveniebant
3299 1224 3464 1307 apud
3497 1231 3691 1287 Reve-

2122 1320 2561 1389 rendissimum
2599 1327 2659 1382 P.
2703 1320 3003 1387 'rhomam
3055 1321 3258 1404 Ripoll
3310 1322 3688 1386 Gener-alem

2124 1420 2371 1483 Ordinis
2402 1419 2905 1483 Praedicator-um
2933 1420 3302 1502 Magistrum
3323 1420 3471 1483 etin
3496 1425 3691 1485 causa

2125 1519 2345 1581 beatae
2379 1515 2737 1580 catharinae
2782 1517 2863 1581 de
2913 1518 3140 1582 Rieciis
3187 1518 3688 1595 Postulatorem,

2124 1612 2339 1677 Virum
2373 1634 2516 1676 cum
2548 1613 2746 1677 multo
2798 1633 3003 1678 rerum
3058 1634 3172 1679 usu
3227 1622 3686 1696 praestantem,

2126 1717 2256 1773 tum
2289 1710 2480 1774 etiam
2515 1711 3020 1796 nonagenarium.
3047 1718 3154 1785 Ea,
3184 1733 3347 1794 qaae
3376 1719 3505 1776 rata
3536 1713 3689 1795 ipsis

2127 1814 2302 1872 erant
2327 1850 2348 1881 ,
2379 1807 2699 1871 sanctitati
2731 1812 2886 1870 Suae
2921 1807 3215 1872 continno
3263 1808 3692 1892 significabam-

2125 1912 2271 1978 tur;
2301 1925 2447 1970 cum
2477 1903 2766 1968 districte
2793 1905 3212 1987 praecepisset
3245 1906 3524 1973 Pontifex
3544 1952 3566 1982 ‚
3610 1928 3691 1974 ne

2127 2004 2276 2087 quid
2310 2000 2662 2066 inconsulto
2690 2008 2767 2065 Se
2801 2000 2981 2066 fieret
3001 2045 3024 2075 ,η
3051 2010 3115 2065 et
3146 2023 3267 2068 nou
3298 2007 3634 2087 probante.

2254 2106 2419 2163 Haec
2449 2120 2594 2165 eum
2647 2102 2732 2162 ita
2784 2110 3299 2182 compararentur
3321 2145 3341 2175 ,
3389 2106 3692 2190 vergebat

2124 2196 2186 2258 in
2218 2195 2408 2259 finem
2440 2216 2683 2271 annues
2731 2195 2997 2261 bellicus
3049 2206 3255 2261 autem
3299 2198 3478 2264 furor
3504 2247 3524 2275 ,
3576 2203 3688 2285 qui

2127 2300 2433 2375 Europam
2453 2337 2474 2368 ,
2502 2301 2693 2375 atque
2722 2294 2880 2358 adeo
2913 2305 3185 2359 nostram
3215 2297 3401 2360 etiam
3445 2299 3690 2363 Italiam

2127 2391 2539 2472 quadriennio
2566 2390 2835 2471 amplius
2863 2390 3172 2455 afflixerat
3194 2435 3214 2466 ‚
3249 2412 3368 2456 non
3394 2395 3527 2477 jam
3551 2439 3572 2468 ‚
3627 2404 3695 2462 ut

2128 2490 2504 2569 optabatur,
2534 2491 2995 2569 conquiescere
3020 2531 3040 2561 ,
3074 2490 3183 2552 sed
3231 2492 3430 2575 magis
3471 2496 3688 2576 augeri

2126 2586 2486 2649 videbatur.
2508 2585 2950 2650 Conclamabat
2966 2585 3062 2669 (a)
3087 2587 3366 2651 Pontifex
3398 2610 3517 2652 una
3547 2612 3689 2655 cum

2127 2683 2369 2764 Populo
2396 2683 2472 2746 ad
2503 2689 2700 2745 Deum
2722 2726 2741 2754 ,
2773 2693 2841 2745 ut
2872 2682 2977 2766 (b)
3009 2683 3183 2746 fieret
3211 2692 3337 2748 Pax
3367 2686 3429 2747 in
3463 2688 3690 2754 virtute

2132 2801 2242 2849 sua
2273 2788 2335 2844 et
2367 2779 2766 2843 miseratione
2794 2821 2815 2852 ‚
2857 2778 3137 2861 placatus
3173 2781 3272 2865 (c)
3318 2782 3691 2866 indignatio·

2131 2897 2274 2939 nem
2310 2898 2480 2941 suam
2510 2874 2820 2941 averteret
2849 2897 2884 2940 a
2913 2879 3132 2943 nobis.
3165 2884 3318 2942 cum
3360 2881 3422 2942 in
3455 2883 3550 2946 bis
3597 2890 3689 2948 ta·

2132 2993 2273 3036 men
2318 2992 2713 3036 versaremur
2752 2975 3099 3056 angustiis,
3145 2975 3464 3059 multaque
3512 2980 3689 3046 time-

2130 3090 2386 3143 remus,
2443 3091 2605 3153 quae
2651 3071 2780 3155 jam
2830 3071 3280 3154 impendebant
3327 3075 3466 3162 (d),
3515 3085 3694 3145 Pater

2133 3167 2712 3241 misericordiarum
2751 3177 2817 3231 et
2867 3176 3032 3233 Deus
3081 3170 3276 3236 totius
3317 3174 3691 3242 consolatio-

2133 3264 2234 3328 ais
2281 3264 2415 3349 (e),
2469 3265 2580 3346 qui
2620 3283 2746 3336 nos
2782 3285 2988 3347 neque
3027 3266 3445 3350 jucunditates
3490 3292 3692 3355 neque

2129 3361 2564 3427 tribulationes
2593 3361 2733 3426 sinit
2765 3362 2998 3428 babere
3041 3365 3408 3441 continuam
3452 3370 3564 3434 sed
3608 3373 3691 3437 ita

2131 3480 2211 3526 ex
2242 3460 2271 3544 (
2295 3459 2322 3522 f
2341 3461 2370 3545 )
2400 3461 2678 3528 adversis
2705 3468 2770 3525 et
2807 3463 3128 3543 prosperis
3147 3506 3167 3537 ‚
3198 3464 3553 3532 mortalium
3608 3470 3697 3531 vi-

2135 3565 2261 3622 tam
2294 3559 2612 3631 contexit,
2642 3567 2713 3623 ut
2749 3560 3018 3623 maestis
3049 3561 3239 3625 rebus
3267 3564 3570 3644 quaedam
3603 3573 3695 3629 et·

2129 3656 2253 3719 iam
2274 3655 2550 3738 jucunda
2599 3656 3014 3737 permisceat,
3044 3659 3402 3730 consolatus
3435 3671 3533 3726 est
3574 3683 3693 3730 nos

2135 3751 2485 3818 laetissimo
2514 3754 2738 3818 nuncio
2760 3797 2779 3825 ,
2823 3754 2929 3836 qui
2976 3757 3326 3837 Septembri
3361 3779 3580 3825 mense
3609 3762 3697 3826 al·-

2133 3851 2300 3916 latus
2329 3860 2583 3916 Romam
2627 3859 2759 3924 est,
2811 3855 3204 3919 Franciscum
3257 3875 3478 3937 nempe
3509 3865 3553 3921 1.
3583 3866 3699 3924 Lo·

2135 3949 2477 4033 tharingiae
2508 3960 2575 4012 et
2603 3951 2980 4032 Vargionum
3010 3956 3245 4015 Ducem
3272 3994 3292 4023 ‚
3336 3963 3528 4035 atque
3569 3976 3698 4020 ma-

2132 4064 2332 4128 gnum.
2354 4052 2581 4112 Ducem
2609 4047 2938 4110 Heu-uriae
2960 4090 2981 4119 ,
3011 4048 3394 4113 Franeofurti
3421 4051 3695 4117 electum

2133 4150 2549 4240 Romanorugn
2572 4151 2803 4226 Regem
2829 4153 2894 4206 et
2917 4151 3366 4227 Imperatorem
3386 4145 3691 4213 futurum.

2262 4247 2408 4310 Rem
2435 4248 2676 4303 tantam
2703 4249 2769 4304 et
2801 4261 3026 4304 munus
3056 4263 3094 4305 e
3121 4243 3308 4307 Caelo
3337 4245 3552 4308 datum
3577 4289 3596 4316 ‚
3628 4256 3700 4312 ut

2131 4340 2318 4399 Sacro
2349 4337 2707 4417 Apostolico
2754 4339 3005 4401 Senatui
3058 4339 3436 4421 significaret
3489 4346 3695 4408 Ponti-

2133 4430 2237 4494 fex
2261 4477 2279 4505 ,
2311 4433 2693 4498 consistorio
2725 4444 2973 4499 secreto
3004 4437 3066 4497 in
3092 4436 3262 4501 diem
3301 4444 3396 4501 ¹5.
3433 4445 3692 4505 Decem·

2132 4530 2260 4593 bris
2288 4532 2520 4597 indicto
2542 4577 2561 4602 ‚
2589 4542 2733 4596 ante
2765 4532 3189 4598 Ecclesiarum
3222 4534 3283 4595 in
3315 4555 3394 4599 eo
3424 4538 3700 4617 proposi-

2134 4628 2371 4691 tionem
2405 4630 2912 4694 Germanicorum
2954 4632 3363 4695 comitiorum
3403 4642 3696 4699 eventum

2133 4725 2370 4791 diserto
2399 4728 2667 4800 narravit
2699 4726 3003 4810 alloquio..
3026 4737 3435 4812 acceptasque
3459 4732 3539 4794 ab
3570 4731 3697 4796 ele·

2132 4829 2234 4887 eto
2266 4832 2672 4890 Romanorum
2709 4833 2873 4909 Rege
2903 4825 3118 4891 literas
3144 4846 3353 4891 coram
3394 4828 3700 4893 adstanti·

465 4925 666 4981 verat.
696 4917 903 4982 Moliri
935 4918 1143 4981 statim
1174 4916 1268 4980 illi
1299 4936 1546 4982 summo
1586 4916 1797 4982 studio
1846 4916 2024 5000 quid·
2134 4919 2253 4984 bus
2313 4926 2374 4983 S.
2425 4928 2496 4985 R.
2551 4927 2619 4984 E.
2673 4923 3140 4996 cardinalibus,
3187 4943 3226 4987 a
3275 4930 3345 4986 D.
3400 4926 3704 5008 cajetano

571 5240 660 5310 (a)
696 5242 876 5294 Josue
900 5258 1024 5310 cap.
1047 5240 1099 5293 G.
1131 5256 1297 5293 vanu
1326 5242 1377 5294 Β.

579 5329 668 5399 (h)
706 5330 937 5382 Psalmo
966 5329 1088 5382 121.
1117 5346 1281 5383 verm
1316 5330 1369 5383 6.

579 5419 664 5492 (c)
705 5419 935 5474 Psalmo
971 5415 1060 5471 84.
1088 5435 1145 5471 υ.
1175 5419 1232 5473 Α.

2244 5243 2339 5311 (d)
2373 5244 2427 5297 2.
2468 5243 2547 5296 ad
2575 5245 2821 5299 Corinth.
2851 5263 2972 5315 cap.
3002 5250 3051 5299 ί.
3076 5263 3134 5298 υ.
3165 5247 3218 5298 8.

2244 5331 2328 5402 (e)
2367 5334 2420 5386 S.
2446 5333 2546 5385 Jo.
2578 5332 2837 5389 carnkou.
2870 5332 3079 5388 Hamil.
3108 5333 3159 5385 8.
3190 5333 3248 5386 fn
3271 5334 3475 5388 Halala

2247 5415 2365 5492 (s)
2400 5417 2546 5474 ma,
