4442 6300
935 506 1038 559 m
1959 509 2166 564 acra
2206 496 2862 566 canomzx'noms

2827 602 2856 636 ¹!

808 650 1180 717 mosne
1207 654 1270 716 8.
1303 652 1549 733 Gooryii
1587 656 1899 717 Ναοοοωε
1924 658 2270 721 *cardinalis
2415 650 2632 721 lorum
2662 653 2810 723 lun·
2834 655 3017 743 abeo
3045 660 3301 720 ornatus
3317 652 3538 728 fuerit,
3571 654 3859 737 quisacit
3885 657 3996 720 mi-

1181 754 1474 816 columnu
1501 759 1572 815 de
1609 754 1875 817 Seiana.
2428 750 2648 815 rabilia
2675 750 2890 825 solun
2920 750 3079 824 Quid
3113 749 3284 815 aliud
3315 760 3541 824 restat,
3572 753 3691 817 nisi
3724 761 3790 817 ut
3819 759 3992 819 SAR·-

2425 849 2776 911 CTITATIS
2833 852 3000 912 'rtJAE
3045 848 3400 920 sententia,
3443 855 3601 912 Eum
3648 851 3993 915 solemnius

860 943 1160 1010 Heroicas
1212 944 1480 1011 virtutes
1536 951 1605 1009 B.
1649 946 1812 1012 Petri
1854 942 2135 1029 Regalati
2190 964 2316 1012 non
2428 964 2692 1028 regnare
2735 943 3033 1013 incaelis
3062 943 3531 1033 intelligamus,
3574 940 4028 1029 eumdemque-

735 1037 925 1108 aliter
951 1043 1248 1125 probatas
1276 1043 1509 1108 seimus
1540 1050 1607 1109 et
1633 1043 1827 1111 veluti
1868 1043 2308 1119 confirmatas,
2428 1041 2677 1104 interra
2707 1041 2974 1106 alacrius
3001 1039 3326 1106 imitari‘et'
3343 1041 3682 1108 ferventius
3711 1045 3994 1110 venerari

736 1156 926 1223 qnam
952 1140 1315 1205 testimonio
1339 1140 1556 1206 Divino
1578 1151 1847 1224 quatuor
1870 1139 2313 1206 miraculorum
2428 1139 2762 1221 possimus.

732 1257 850 1321 per
904 1258 1069 1319 quae
1121 1237 1416 1302 virtutum
1473 1238 1909 1321 probationem
1932 1281 1954 1310 ,
2009 1230 2312 1304 restibus

734 1334 1008 1401 oculatis
1051 1334 1418 1401 destitutam
1443 1379 1466 1409 ,
1497 1334 1651 1400 satis
1681 1354 1993 1418 superque
2035 1334 2315 1419 suppleri
2459 1334 3027 1397 amaonrnvs
3056 1335 3117 1396 S.
3147 1334 3406 1399 Amani
3438 1338 3742 1398 macenias
3766 1341 3975 1400 Cardi-
4003 1360 4010 1367 ·

733 1433 887 1500 baec
914 1440 1137 1500 Sancta
1160 1433 1355 1498 Sedes
1376 1432 1529 1499 olim
1562 1432 2130 1498 autumavit.flisce
2159 1452 2314 1515 qua·
2661 1462 2675 1473 ·
2941 1435 3107 1495 natis
3126 1438 3194 1494 de
3230 1434 3466 1495 Bur-dis.

736 1542 882 1598 tuor
925 1531 1251 1597 miraculis
1287 1550 1494 1613 nuper
1533 1536 1936 1596 accesserunt
1974 1528 2099 1594 alia
2140 1529 2313 1615 duo,
2607 1549 2626 1569 s
3602 1608 3607 1613 y

735 1651 897 1713 qnae
924 1629 1385 1712 postindultam
1420 1633 1484 1692 B.
1512 1634 1700 1694 Petro
1726 1629 2194 1693 venerationem
2224 1626 2313 1692 fa·
2547 1628 2812 1687 Tantum
2845 1622 3041 1687 abfuit
3069 1632 3132 1688 ut
3161 1624 3296 1710 (a)
3323 1622 3649 1691 fascinatio
3677 1626 4002 1709 :vu-gaona·-

734 1738 835 1794 cta
879 1726 1075 1793 fuisse
1118 1727 1528 1801 ferebantur,
1573 1744 1863 1809 quaeque
1918 1726 1995 1790 ad
2040 1744 2306 1789 examen
2418 1720 2501 1784 tis
2534 1729 2807 1784 mentem
2856 1727 2918 1784 Β.
2953 1722 3112 1785 Petri
3156 1722 3439 1805 Regalati
3473 1726 3875 1797 obscuraret,
3919 1732 3988 1790 et

729 1834 1018 1888 revocata
1062 1825 1335 1907 approba
1347 1826 1401 1886 ri
1440 1831 1821 1895 meruerunt.
1853 1822 2064 1886 Habes
2106 1841 2262 1906 ergo
2283 1865 2305 1895 ‚
2420 1818 2789 1883 incestantia
2817 1819 3379 1901 concupiscientiae
3398 1840 3645 1887 sensum
3677 1829 3988 1886 transver-

736 1917 1533 2013 BEArtsstnss'PATEu‚
1594 1920 1746 1984 satis
1789 1939 2099 2002 superque
2146 1912 2310 1982 suffi-
2391 1923 2615 1988 ‘tet-et,
2662 1924 2794 1979 uta
2836 1908 3037 1999 prima
3081 1916 3214 1997 ipsa
3260 1924 3463 1982 aetate
3494 1917 3634 2002 (b)
3676 1917 3984 2007 exultavit

731 2021 957 2085 cientia
1000 2019 1358 2083 testimonia
1400 2018 1721 2090 veritatis,
1776 2016 2006 2099 quibus
2048 2016 2126 2080 ad
2169 2036 2305 2080 san·
2416 2013 2578 2080 sicut
2607 2014 2784 2098 gigas
2806 2057 2828 2087 ,
2860 2021 2922 2077 et
2953 2013 3306 2079 sanctitatis
3336 2014 3496 2078 viam
3527 2035 3781 2079 currere
3810 2016 3982 2079 visus

728 2102 970 2181 aarum
998 2115 1213 2200 legum
1248 2115 1695 2199 praescriptum
1725 2113 1985 2176 virtutes
2013 2110 2301 2179 heroicae
2413 2109 2550 2175 fuit.
2578 2111 2648 2174 Id
2679 2121 2884 2176 autem
2922 2113 3188 2175 maxime
3207 2113 3406 2192 patuit
3435 2133 3574 2176 eum
3605 2100 3987 2194 in'Seraphi-

736 2213 910 2279 Servi
942 2214 1049 2278 Dei
1092 2219 1484 2277 contestatae
1516 2218 1878 2285 remanent,
1920 2216 1985 2274 et
2009 2209 2108 2273 via
2153 2208 2303 2272 satis
2415 2228 2555 2273 cum
2617 2208 2912 2274 Ordinem
2971 2216 3298 2293 cooptatus
3355 2209 3582 2291 partim
3642 2210 3983 2295 exemplo,

730 2317 864 2375 tuta
886 2312 1167 2395 aperitur
1190 2310 1267 2373 ad
1288 2307 1747 2373 decernendam
1769 2311 1837 2370 B.
1859 2312 2042 2370 Petro
2060 2325 2295 2372 sacram
2413 2309 2642 2390 partim
2667 2327 2857 2389 opera
2878 2326 2951 2371 ac
2981 2306 3191 2371 studio
3210 2306 3289 2371 ad
3309 2307 3687 2372 sanctissimi
3711 2308 3982 2372 Patriar·

734 2407 1215 2497 solemnemque
1247 2401 1819 2469 sanctificationem.
1861 2408 1995 2468 Non
2027 2402 2167 2466 aliis
2210 2402 2299 2466 le·
2409 2404 2562 2469 chae
2596 2402 2900 2469 Francisci
2931 2403 3065 2488 (e)
3088 2403 3297 2489 legem
3328 2404 3492 2468 vitae
3521 2410 3587 2469 et
3613 2392 3983 2487 disciplinae

731 2506 920 2591 gibus
962 2503 1238 2589 Maiores
1278 2496 1385 2566 tui
1413 2500 1729 2565 solemnes
1771 2499 2300 2565 sanctificationes
2410 2502 2860 2565 restituendam
2902 2509 3028 2565 tam
3072 2501 3410 2586 diligenter
3435 2503 3733 2566 incubuit.
3777 2505 3982 2578 Quare

725 2602 905 2668 Beati
938 2602 1398 2673 decreverunt,
1428 2616 1632 2679 neque
1659 2596 1845 2662 aliter
1886 2600 2055 2663 Deus
2081 2602 2301 2667 Beato·
2403 2618 2549 2662 cum
2581 2594 2726 2684 (d)
2757 2596 2920 2664 Iusti
2951 2598 3135 2682 hujus
3184 2599 3402 2664 semita
3443 2616 3643 2682 usqne
3700 2598 3777 2664 ad
3840 2618 3981 2683 per·

725 2720 865 2764 rum
912 2706 1402 2778 sanctorumque
1447 2695 1710 2761 virtues
1772 2700 2037 2760 te'statas
2075 2694 2297 2758 voluit.
2409 2692 2638 2758 sectam
2718 2694 2883 2759 diem
2953 2694 3335 2780 processerit
3361 2740 3380 2768 ,
3448 2700 3513 2760 et
3579 2695 3756 2778 quasi
3825 2695 3854 2779 (
3880 2715 3917 2759 e
3951 2694 3982 2778 )

729 2797 844 2880 Eia
873 2818 1025 2879 ergo
1056 2795 1309 2859 indutus
1336 2794 1567 2859 virtute
1597 2814 1676 2857 ex
1703 2793 1873 2863 alto,
1905 2803 1970 2858 et
1998 2792 2300 2857 infallibi-
2407 2791 2511 2855 lux
2571 2791 2905 2874 splendens
2972 2792 3255 2876 pluribus
3313 2791 3632 2858 miraculis
3694 2793 3973 2867 luxerit,
4023 2793 4040 2819 ⁹

726 2894 776 2957 li
808 2903 920 2959 tuo
942 2893 1182 2978 judicio
1210 2891 1448 2959 cultum
1482 2891 1660 2955 illum
1693 2898 1763 2955 D.
1790 2899 1974 2957 Petro
2003 2890 2294 2960 decerne,
2411 2910 2541 2952 rem
2561 2890 2882 2954 Ecclesiae
2915 2888 3252 2972 perutilem
3282 2895 3828 2956 SANC'rtTA‘rEu
3842 2896 3978 2954 VE-

728 2992 835 3075 qui
866 2992 1144 3055 mirabili
1176 2990 1421 3056 vivendi
1455 3010 1688 3075 genere
1716 2995 1855 3054 1²1²:
1876 2988 2296 3052 Franciscanis
2406 2990 2663 3052 STRAM
2687 2989 2991 3053 facturam
3018 3008 3159 3051 esse
3182 3006 3431 3059 censeo,
3452 2986 3503 3051 si
3527 2987 3799 3051 eundem
3826 2992 3975 3052 San-
4079 3006 4085 3011 ·

728 3088 1023 3173 exemplo
1051 3087 1171 3154 tuit
1194 3131 1216 3162 ,
1245 3097 1315 3154 et
1342 3086 1661 3154 Fidelibus
1701 3085 1989 3150 munibus
2031 3085 2298 3154 admira·
2405 3093 2648 3152 ntorum
2694 3082 2897 3149 Fastis
2928 3083 3279 3158 adscribat,
3318 3089 3389 3146 ut
3416 3102 3571 3166 quas
3600 3082 3720 3169 (f)
3765 3081 3974 3149 firma-

727 3188 965 3253 tionem
1010 3186 1259 3258 attulit,
1289 3186 1524 3269 quique
1564 3186 1658 3248 sic
1688 3182 2024 3266 glorificari
2071 3183 2294 3246 meruit
2403 3184 2598 3245 menti
2645 3181 2945 3265 splendor
2985 3189 3052 3246 et
3080 3180 3256 3264 quasi
3296 3180 3483 3247 stella
3524 3181 3590 3245 in
3632 3189 3969 3266 perpetuas

726 3293 870 3369 post
900 3284 1151 3349 labores
1183 3281 1493 3368 plurimos
1533 3301 1647 3364 pro
1682 3279 1964 3363 Regulari
2009 3279 2296 3361 Discipli-
2404 3280 2703 3366 effulgeat
2729 3279 3158 3345 aeternitates.

724 3402 807 3448 na
851 3380 1250 3448 instauranda
1274 3424 1294 3454 ,
1321 3400 1436 3462 pro
1477 3378 1593 3442 Dei
1619 3377 1817 3461 gloria
1846 3386 1912 3441 et
1950 3395 2069 3458 pro
2088 3373 2292 3442 bomi-

726 3498 878 3545 num
912 3478 1117 3543 salute
1146 3475 1394 3542 fortiter
1427 3473 1801 3538 exantlatos.
2425 3476 2908 3540 nommcfls
2940 3475 3048 3537 88.
3086 3477 3215 3538 Vin·
3240 3482 3300 3535 et
3328 3475 3596 3536 Modesti
3629 3476 3943 3586 Dinaeae

2855 3573 3208 3636 cardinalis
3241 3571 3521 3636 Ursinus.

727 3672 1231 3737 asumma
1261 3671 1324 3733 8.
1358 3672 1603 3733 Mariae
1631 3672 1701 3731 iu
1730 3673 1957 3747 Aquino
1986 3670 2294 3731 Maeones
2997 3687 3008 3698 ·

1169 3767 1516 3831 cardinalis
1552 3769 1870 3832 Taum.
2451 3769 2988 3829 ‘'BEATISSIME
3031 3768 3304 3828 PATER.
3349 3763 3592 3829 Eximio
3635 3765 3969 3828 sanctimo-

2397 3860 2537 3926 niae
2566 3860 2708 3926 luce
2736 3882 2937 3944 usque
2967 3864 3047 3926 ab
3076 3862 3333 3926 ineunte
3362 3869 3571 3925 aetate
3611 3864 3970 3927 coruscavit

850 3964 1315 4030 BEA'rlssmss
1343 3963 1621 4025 PATER.
1650 3911 1846 4026 Decet
1874 3958 2192 4030 maxime,
2221 3964 2290 4022 ut
2394 3964 2611 4022 Petrus
2641 3958 3012 4043 Regalatus.
3041 3961 3274 4044 Maiora
3303 3958 3598 4042 praetulit
3629 3968 3961 4042 postquam

722 4058 1250 4143 praestantissimi
1294 4058 1472 4131 Viri,
1501 4058 1606 4140 qui
1636 4051 1907 4126 heroicis
1947 4057 2290 4121 virtutibus
2399 4055 2587 4119 avitis
2617 4054 2961 4120 bonoribus
2985 4053 3326 4136 Mundique
3359 4053 3686 4119 illecebris
3715 4054 3968 4121 beroiee'

724 4158 874 4222 dum
905 4157 1211 4242 viverent,
1245 4154 1713 4228 excelluerunt,
1740 4162 1928 4237 atque
1953 4161 2096 4235 post
2125 4169 2289 4217 mor·
2397 4151 2798 4234 pessundatis
2851 4151 3163 4235 Religioni
3222 4171 3449 4216 nomen
3506 4151 3721 4218 dedit·
3704 4178 3721 4215 ε
3793 4160 3966 4219 Tunc

721 4261 855 4319 tem
901 4252 1129 4338 insigni
1175 4250 1620 4317 miraculorum
1669 4248 2003 4334 splendore
2048 4249 2290 4336 clarue-
2389 4251 2569 4315 enim
2601 4249 2894 4314 exultans
2924 4260 2994 4313 ut
3025 4249 3198 4333 gigas
3241 4250 3317 4314 ad
3344 4249 3709 4314 currendam
3757 4250 3969 4334 perfe-

719 4357 889 4423 runt,
918 4349 1241 4414 infallibili
1270 4348 1668 4432 Apostolicae
1699 4353 2084 4432 sanctaeque
2103 4347 2285 4412 Sedis
2394 4348 2624 4413 ctionis
2666 4347 2826 4411 viam
2851 4390 2872 4422 ,
2899 4346 3172 4431 regulari
3215 4347 3609 4414 observantia
3643 4347 3821 4412 'iuter
3859 4348 3965 4411 ni-

717 4445 959 4533 judicio
998 4446 1061 4508 in
1118 4451 1482 4511 Sanctorum
1542 4466 1869 4510 numerum
1912 4441 2283 4510 referantur.
2399 4463 2626 4526 spanos
2671 4445 2957 4510 restituta
2986 4444 3251 4510 virtutes
3294 4462 3557 4517 omnes,
3589 4446 3961 4525 praesertim

721 4550 924 4619 Quare
954 4564 1092 4610 cum
1124 4544 1348 4609 beatus
1375 4548 1600 4608 Petrus
1629 4541 1963 4627 Regalatus
2004 4547 2285 4628 Evange-
2393 4542 2802 4616 humilitatis,
2858 4544 3277 4608 abstinentiae
3299 4585 3320 4615 ,
3378 4542 3798 4623 paupertatis,
3844 4564 3963 4627 pa-

717 4639 883 4710 licae
911 4637 1321 4724 perfectionis
1348 4638 1515 4703 viam
1546 4657 1584 4703 a
1613 4640 1876 4721 pueritia
1918 4640 2281 4723 ingressus,
2396 4640 2649 4704 tientiae
2692 4647 2757 4704 et
2786 4639 3147 4714 charitatis,
3203 4640 3361 4704 adeo
3403 4639 3577 4703 solus
3616 4639 3964 4721 ipse’com2

721 4746 791 4806 et
819 4736 1285 4805 sanctissimum
1317 4736 1441 4800 divi
1472 4737 1779 4803 Francisci
1809 4735 2160 4802 institutu'ln
2191 4738 2287 4801 di·
2395 4738 2620 4821 plexus
2648 4746 2788 4814 est,
2816 4747 2890 4806 ut
2916 4738 3024 4802 vix
3061 4733 3259 4802 ceteri
3289 4736 3595 4820 singulas.
3623 4743 3830 4812 Quare
3874 4741 3957 4804 si-

719 4834 1136 4920 ligentissime
1153 4834 1232 4897 ad
1266 4841 1535 4899 mortem
1566 4854 1763 4916 usque
1785 4835 2126 4916 professus,
2152 4834 2285 4901 lau·
2398 4845 2503 4901 cut
2545 4837 2609 4899 in
2653 4837 2878 4901 diebus
2909 4835 3042 4900 suis
3085 4833 3319 4918 placuit
3359 4840 3532 4908 Deo,
3563 4842 3630 4899 et
3668 4835 3960 4932 inventus

718 4934 887 4998 datis
913 4931 1254 4997 virtutibus
1282 4932 1649 5005 eminuerit;
1679 4932 2283 5016 ardentissimaeque
2395 4943 2497 4999 est
2525 4940 2782 5006 Iustus,
2810 4932 2960 4998 ideo
2990 4930 3406 5017 magnificavit
3435 4950 3580 4995 eum
3619 4909 3955 5016 insignium

709 5029 776 5094 in
818 5037 1014 5095 Deum
1059 5036 1123 5094 et
1162 5027 1523 5092 Proximum
1565 5028 1886 5092 charitatis
1927 5030 2280 5113 prodigium
2396 5029 2735 5095 donatione
2762 5028 3229 5094 charismatum.
3259 5027 3498 5102 Quibus
3524 5028 3647 5092 rite
3678 5049 3961 5112 compro-

715 5127 780 5190 in
814 5125 931 5191 bac
960 5124 1209 5189 mortali
1233 5126 1359 5189 vita
1386 5124 1589 5190 factus
1618 5123 1699 5188 sit
1721 5125 1982 5201 cunctis3
2013 5126 2284 5210 indeque
2397 5128 2601 5201 batis,
2630 5127 2890 5212 dignum
2935 5132 3268 5209 propterea
3299 5133 3438 5201 est,
3467 5135 3537 5192 ut
3576 5125 3956 5194 caelestibus

721 5223 1155 5289 immortalem
1185 5223 1471 5304 adeptus,
1500 5220 1996 5287 luculentissima
2022 5223 2287 5290 miracu·
2399 5225 2514 5290 ille
2545 5232 2959 5308 prosequatur
2986 5224 3368 5300 bonoribus,
3400 5224 3505 5308 qui
3533 5233 3820 5292 terrenos
3846 5227 3956 5291 de·

830 5419 915 5492 (a)
942 5422 1066 5491 sap.
1097 5417 1271 5493 4.(1»)
1298 5420 1455 5476 psat.
1484 5419 1572 5475 ιο.
1598 5416 1685 5492 (ο)
1709 5419 1929 5476 zaetas.
1956 5421 2047 5477 ss.
2075 5421 2171 5496 (a)
2196 5424 2364 5478 prov.
2389 5420 2446 5477 ι.
2472 5419 2557 5495 (ο)
2581 5361 2868 5477 καινῷ.
2894 5417 2972 5493 (ε)
2996 5419 3145 5475 nan.
3173 5418 3263 5472 ιε.
