4442 6300
964 506 971 511 ·
1012 491 1119 542 81⁸
1956 490 2165 544 ACTA
2203 490 2864 544 canomzarumts

836 652 947 709 tes
980 634 1247 709 scelera
1274 634 1688 709 uberrimos
1722 638 2219 739 poenitentiae
2261 635 2548 713 fructus
2571 635 2915 711 fecerunt
2941 691 2964 726 ‚
2997 635 3266 738 quibus
3321 635 3704 711 inmortali
3764 638 4040 714 deinde

834 752 1061 856 gloria
1100 757 1175 826 in
1210 750 1447 825 Caelis
1482 750 1803 855 gaudere
1830 808 1851 841 ‚
1887 768 1965 827 et
1998 751 2195 855 apud
2231 779 2366 825 nos
2397 751 2699 827 solemni
2735 758 2884 828 ritu
2909 756 3105 828 inter
3138 754 3440 828 Sanctus
3471 761 3836 831 recensu-i
3881 783 4042 831 me-

834 887 1157 943 rnerunt
1179 874 1218 942 ⁴?
1252 870 1377 942 His
1412 867 1753 971 profecto
1788 867 2127 942 Camillus
2159 868 2256 942 de
2289 868 2508 944 Lellis
2541 871 3130 946 annumerandus
3161 889 3268 945 est
3294 926 3317 962 ‚
3349 875 3479 974 qui
3514 872 3772 948 eadem
3817 877 4042 950 vesti-

834 992 944 1090 gia
980 1013 1429 1091 persequens
1456 1041 1477 1078 ,
1514 1013 1669 1061 non
1706 985 1927 1060 modo
1951 983 2283 1089 juvenilis
2315 1011 2488 1061 suae
2521 992 2774 1062 aetatis
2807 1013 3098 1063 errores
3130 988 3528 1063 detestatus
3557 1005 3668 1064 est
3693 1044 3718 1081 ,
3769 989 3902 1065 sed
3956 1017 4043 1065 e-

800 1109 1003 1177 ‘tiam
1042 1103 1331 1206 reliquo
1362 1108 1548 1179 vitae
1588 1121 1957 1205 tempore,
1996 1121 2151 1176 tum
2187 1106 2464 1178 animae
2488 1162 2513 1195 ,
2551 1122 2706 1178 tum
2741 1109 3074 1209 corporis
3108 1108 3616 1180 proximorum
3647 1105 3868 1181 saluti
3902 1109 4042 1181 im-

830 1248 1055 1327 pense
1086 1221 1422 1295 addictus
1449 1277 1471 1311 ‚
1512 1222 1823 1295 heroicis
1856 1221 2126 1323 quibus
2160 1217 2462 1293 Caelum
2501 1225 2914 1324 promeruit
2941 1279 2961 1314 ,
2997 1224 3388 1298 virtutibus
3443 1228 3748 1297 maxime
3809 1222 4042 1299 incla-

826 1343 1002 1414 ruit.
1041 1341 1107 1412 O
1148 1366 1366 1442 quam
1409 1339 1599 1412 bene
1634 1364 1784 1411 sese
1820 1337 1915 1411 ad
1949 1337 2153 1412 Pauli
2190 1336 2598 1412 doctrinam
2633 1338 3116 1415 conformavit
3147 1340 3168 1413 !
3211 1343 3341 1443 qui
3379 1343 3458 1414 in
3493 1343 3732 1444 prima
3772 1340 3872 1415 ad
3907 1342 4042 1414 Ti-

826 1456 1205 1530 motheum
1241 1481 1315 1530 se
1350 1453 1851 1558 blasphemum
1883 1508 1905 1543 ‚
1937 1470 2019 1527 et
2053 1469 2600 1556 persecutorem
2625 1511 2650 1547 ‚
2720 1473 2798 1530 et
2856 1456 3460 1533 contumeliosum
3491 1515 3518 1548 ,
3574 1474 3656 1532 et
3714 1460 4044 1562 primun

826 1591 1290 1678 peccatorem
1332 1597 1643 1647 vocans:
1680 1573 1967 1644 Fmeus
1994 1625 2017 1661 ‚
2051 1572 2292 1672 inquit
2316 1626 2342 1659 ,
2376 1596 2612 1646 sanxo
2645 1597 2736 1645 ιτ
2771 1596 2949 1646 otuu
2987 1598 3414 1649 accan-iou
3475 1596 3740 1648 monus
3761 1629 3787 1665 ,
3845 1598 4042 1659 ouon

826 1694 1188 1766 Cunisws
1222 1691 1437 1762 Jesus
1474 1714 1682 1761 vem-r
1720 1714 1789 1762 ut
1826 1714 2017 1763 nuuc
2052 1690 2386 1762 Munna:
2421 1714 2859 1764 accarone
2892 1715 3146 1769 savos
3179 1716 3444 1767 netu
3470 1747 3491 1780 ‚
3524 1710 3834 1777 ooo‘ntm
3889 1717 4048 1766 ιιι-

828 1836 975 1883 ιιυε
1004 1834 1150 1882 mo
1184 1834 1367 1880 sunt:
1404 1804 1879 1907 addiditquet
1917 1806 2061 1879 San
2093 1829 2259 1879 ineo
2293 1831 2852 1881 manauco-num
2885 1833 3385 1894 consumimus
3413 1830 3562 1881 son
3584 1862 3609 1898 ‚
3637 1826 3746 1882 —t'rr
3809 1834 3885 1882 ut
3946 1833 4046 1883 ιι

824 1950 1047 2002 ramo
1079 1948 1536 2000 osmannae-r
1572 1924 1930 1997 Cnmsrus
1962 1922 2009 1996 J
2012 1948 2178 1996 esus
2211 1948 2468 1997 ouum
2501 1950 2930 1999 raventun
2963 1949 3058 2000 An
3104 1950 3691 2001 ιιιι-ὀιιιηιοιιιι
3749 1949 4004 2001 notun
4021 1982 4050 2017 ‚

830 2069 951 2129 om
994 2066 1377 2116 canonum
1415 2062 1599 2114 aun·
1642 2065 1779 2114 ιιιι
1816 2065 1887 2113 ut
1924 2062 2149 2113 vinu
2188 2026 2565 2115 ananan.
2627 2043 2734 2115 Ita
2795 2040 3012 2146 plane
3070 2042 3410 2117 Camillus
3478 2042 4046 2118 misericordiam

829 2163 963 2236 Dei
1001 2176 1437 2232 consecutus
1463 2212 1486 2248 ‚
1521 2186 1560 2230 a
1596 2154 1869 2230 scelere
1904 2173 1981 2230 et
2016 2155 2302 2257 flagitiis
2336 2155 2432 2231 ad
2459 2157 2726 2232 bonam
2765 2158 3048 2261 frugem
3095 2177 3521 2249 revocatus,
3557 2159 3730 2234 inde
3769 2160 4046 2233 meritis

828 2294 905 2349 et
942 2276 1331 2352 virtutibus
1364 2274 1625 2380 plenus
1658 2272 1750 2348 ad
1784 2272 2083 2376 gloriam
2122 2274 2558 2347 Sanctorum
2599 2278 2864 2349 meruit
2898 2273 3170 2349 extolli.

984 2396 1283 2467 Minime
1320 2407 1713 2466 contentus
1747 2389 1889 2464 fuit
1930 2393 2191 2465 Petrus
2227 2393 2300 2463 in
2339 2393 2688 2482 Pontum,
2723 2391 3100 2481 Galatiam,
3136 2391 3664 2496 Cappadociam
3687 2447 3713 2483 ,
3749 2396 3992 2467 Asiam
4022 2446 4044 2483 ,

829 2528 908 2584 et
941 2513 1353 2614 Bithyniam
1390 2508 1567 2582 Jesu
1600 2510 1866 2582 Christi
1904 2507 2153 2582 Fidem
2190 2507 2512 2583 intulisse
2542 2564 2564 2599 ‚
2590 2509 2710 2583 sed
2740 2564 2760 2600 ‚
2796 2535 2890 2583 ne
2925 2513 3090 2613 quis
3121 2512 3196 2583 in
3253 2537 3344 2584 ea
3405 2510 3810 2584 haesitaret
3836 2565 3862 2601 ‚
3920 2524 4051 2583 aut

833 2655 929 2703 ne
963 2627 1149 2730 quid
1183 2628 1276 2702 ab
1312 2654 1397 2701 ea
1434 2625 1747 2699 alienum
1808 2629 1887 2700 in
1955 2624 2348 2700 Ecclesiam
2412 2622 2894 2698 induceretur
2919 2680 2942 2715 ‚
3001 2621 3336 2728 epistolas
3397 2625 3600 2699 binas
3659 2630 4050 2701 canonicas

829 2748 1109 2848 scripsit
1130 2796 1152 2834 ‚
1185 2746 1258 2816 in
1297 2740 1567 2844 quihus
1598 2743 2069 2815 sanctissimae
2104 2744 2334 2844 Leges
2369 2741 2460 2815 ad
2492 2742 2996 2845 reprimendos
3032 2746 3372 2819 vitiorum
3411 2744 3754 2845 impetus,
3788 2742 3888 2816 ad
3928 2768 4052 2816 re-

832 2860 1225 2936 sistendum
1263 2861 1631 2961 nequitiae
1668 2856 1988 2948 diaboli,
2024 2875 2099 2931 et
2134 2859 2226 2932 ad
2290 2875 2628 2932 aeternae
2686 2862 2872 2935 vitae
2941 2858 3463 2934 haereditatem
3523 2858 4048 2962 assequendam

832 2996 1259 3084 opportune
1298 2975 1723 3050 traduntur.
1757 2976 1915 3049 Hoc
1952 2978 2185 3079 ipsum
2224 2973 2653 3079 amplissime
2694 2976 2866 3050 fecit
2902 2975 3167 3051 Paulus
3201 2976 3453 3051 decem
3489 2991 3570 3049 et
3601 2992 3934 3079 quatuor
3954 2963 4048 3050 'e-

834 3095 1113 3202 pistolis
1141 3097 1503 3170 canonicis
1536 3095 1964 3198 conscriptis
1986 3147 2006 3182 ‚
2042 3118 2354 3195 quarum
2392 3095 2814 3198 sapientiam
2841 3149 2862 3184 ,
2887 3109 2964 3168 et
2995 3092 3312 3168 caelestis
3344 3092 3723 3168 doetrinae
3755 3096 4045 3198 copiam

836 3216 999 3317 quis
1032 3216 1194 3287 satis
1232 3229 1469 3316 posset
1504 3214 1838 3285 oratione
1872 3208 2260 3314 complecti
2287 3211 2326 3283 ?
2362 3212 2738 3303 Quaenam
2776 3211 3191 3314 eloquentia
3233 3237 3378 3316 pro
3409 3210 3762 3312 dignitate
3811 3210 4047 3316 expli·

836 3348 1038 3405 caret
1074 3327 1447 3432 epistolam
1484 3327 1576 3401 ad
1610 3331 1973 3424 Romanos
2002 3381 2022 3417 ‚
2057 3331 2203 3402 sive
2241 3327 2446 3401 binas
2479 3327 2570 3401 ad
2609 3329 3030 3403 Corinthios
3052 3383 3077 3419 ‚
3109 3331 3257 3406 sive
3291 3328 3382 3401 ad
3419 3328 3796 3403 Hebraeos
3861 3327 4045 3402 alte-

836 3475 989 3520 ram
1019 3501 1042 3536 ‚
1077 3450 1151 3520 in
1190 3445 1457 3546 quibus
1490 3442 1585 3517 de
1626 3441 1767 3516 fide
1798 3497 1820 3533 ,
1856 3442 1949 3515 de
1984 3442 2193 3515 bonis
2229 3444 2580 3544 operibus
2601 3497 2624 3532 ,
2658 3444 2751 3518 de
2790 3446 3180 3521 virtutibus
3217 3444 3641 3547 theologicis
3666 3500 3688 3534 ‚
3721 3444 3822 3519 de
3865 3447 4048 3524 vitiis

822 3581 1059 3666 ‚atque
1094 3562 1471 3636 erroribus
1503 3557 1945 3662 extirpandis
1973 3612 1994 3647 ,
2029 3559 2268 3635 divina
2306 3558 2523 3661 plane
2557 3564 2901 3663 sapientia
2935 3618 2960 3652 ,
2994 3578 3073 3636 et
3107 3559 3508 3636 admirabili
3571 3559 3730 3634 zelo
3798 3560 4046 3655 fideles

834 3681 1055 3755 docet
1077 3737 1099 3771 ‚
1134 3679 1572 3753 cohortatur
1601 3731 1623 3767 ,
1658 3674 2115 3748 inflammat?
2155 3678 2404 3776 Atque
2440 3677 2612 3751 hinc
2636 3681 3165 3782 Episcoporum
3203 3677 3295 3753 ad
3331 3675 3648 3782 populos
3667 3678 3802 3752 sibi
3839 3704 4047 3753 com-

840 3802 1079 3872 missos
1114 3792 1577 3899 pastoralium
1615 3788 2081 3893 epistolarum
2116 3789 2514 3871 dimanavit
2553 3795 3014 3870 consuetudo
3042 3849 3064 3886 ‚
3101 3821 3240 3899 per
3273 3819 3453 3896 quas
3491 3792 3593 3867 illi
3639 3796 3908 3870 zizania
3967 3799 4043 3870 in

837 3917 913 3988 in
952 3912 1197 3986 medio
1234 3912 1456 3984 tritici
1493 3923 1746 3982 exorta
1779 3906 2150 3982 eradicare
2185 3926 2556 3984 conantur
2582 3965 2604 4001 ,
2639 3930 2719 3986 et
2743 3966 2765 4003 ‚
2803 3914 2858 3986 si
2895 3914 3022 4013 qui
3060 3910 3224 3985 mali
3260 3936 3431 3985 usus
3454 3965 3476 4002 ,
3517 3928 3648 3984 aut
3681 3909 4048 4014 deprava-

834 4033 892 4103 ti
926 4053 1167 4102 mores
1199 4028 1635 4129 irrepserint
1663 4079 1684 4116 ,
1717 4027 2088 4126 corrigere
2124 4050 2208 4099 ac
2241 4023 2647 4101 reformare
2702 4028 3021 4102 student.
3091 4028 3288 4101 Haec
3349 4026 3675 4130 exempla
3737 4054 4045 4131 quoque

835 4150 972 4252 piis
1004 4143 1441 4249 quibusdam
1477 4146 1553 4216 in
1583 4139 1897 4216 Ecclesia
1931 4142 2343 4217 hominibus
2375 4168 2613 4217 ansam
2652 4143 3020 4219 dederunt
3079 4142 3478 4218 identidem
3541 4140 4046 4246 religiosorum

834 4267 1163 4343 virorum
1202 4264 1472 4336 Coetus
1500 4318 1521 4349 ‚
1557 4257 1774 4361 hujus
1808 4255 2116 4334 Sanctae
2152 4258 2358 4334 Sedis
2416 4263 2853 4334 auctoritate
2913 4258 3420 4336 intercedente
3451 4312 3473 4348 ,
3535 4258 4043 4353 reformandi,

832 4382 961 4486 qui
998 4377 1346 4485 paulatim
1381 4375 1707 4480 neglecta
1742 4374 2326 4481 evangelicorum
2359 4376 2826 4452 consiliorum
2863 4376 3314 4452 observantia
3341 4402 3384 4448 a
3414 4376 3761 4478 pristinae
3799 4379 4042 4453 virtu-

839 4503 930 4574 tis
964 4495 1199 4600 gradu
1234 4494 1683 4570 defecerant.
1719 4496 1874 4569 Iter
1907 4492 2324 4588 huiusmodi
2357 4519 2646 4568 summa-
2667 4517 2833 4567 cum
2870 4491 3084 4567 laude
3117 4489 3439 4566 confecit
3472 4494 3737 4565 Petrus
3797 4494 4040 4596 Rega-

835 4614 1025 4690 latus
1058 4642 1098 4687 a
1137 4611 1359 4687 Nobis
1394 4633 1637 4714 nuper
1672 4637 1985 4685 numero
2021 4611 2458 4684 Sanctorum
2495 4611 2945 4713 adscriptus;
2982 4611 3110 4711 qui
3152 4623 3267 4682 tot
3300 4633 3527 4682 annos
3588 4611 3872 4711 ingenti
3931 4608 4040 4684 la·

837 4734 1021 4807 bore
1051 4785 1073 4822 ‚
1108 4726 1518 4804 incredibili
1558 4730 1979 4802 austeritate
2017 4730 2209 4804 vitae
2237 4781 2259 4817 ‚
2295 4728 2624 4829 miraque
2661 4724 3069 4801 humilitate
3106 4750 3190 4799 ac
3235 4723 3576 4827 singulari
3641 4721 4038 4826 prudentia

839 4850 1104 4924 Ordini
1141 4873 1273 4921 suo
1307 4847 1786 4920 Franciscano
1811 4899 1831 4934 ‚
1866 4847 1993 4946 qui
2031 4841 2462 4943 quibusdam
2499 4847 2577 4918 in
2611 4841 2786 4918 locis
2821 4873 2868 4917 a
2901 4844 3130 4920 veteri
3167 4839 3557 4946 splendore
3593 4839 4039 4934 desciverat,

843 4962 1319 5043 reformando
1356 4979 1555 5035 totus
1590 4961 1973 5050 incubuit;
2010 4975 2087 5032 et
2121 4958 2404 5032 assiduo
2441 4961 2896 5034 heroicarum
2937 4965 3294 5035 virtutum
3329 4956 3568 5031 studio
3623 4983 3784 5034 eam
3840 4984 4037 5033 asse-

840 5101 1053 5159 cutus
1087 5099 1193 5155 est
1230 5079 1644 5153 Sanctitatis
1677 5075 1962 5151 laudem
1993 5132 2013 5165 ‚
2048 5103 2238 5178 quae
2274 5092 2352 5150 et
2387 5075 2788 5181 Seraphico
2822 5074 3082 5151 ordini
3142 5091 3327 5149 esset
3380 5072 3794 5178 exemplum
3822 5130 3845 5166 ‚
3895 5099 4035 5153 nec

840 5205 1073 5275 minus
1105 5199 1482 5273 universae
1515 5190 1877 5268 Ecclesiae
1913 5208 2448 5267 ornamentum·
3849 5261 3856 5270 .

994 5309 1508 5412 Hierosolymis
1542 5310 1807 5382 Petrus
1841 5333 1986 5380 una
2029 5317 2193 5400 cum
2233 5308 2519 5382 Joanne
2555 5312 2630 5382 in
2670 5306 2966 5385 vincula.
2990 5306 3362 5411 conjectus
3395 5324 3506 5382 est
3530 5361 3552 5398 ‚
3585 5324 3668 5382 et
3725 5308 3819 5382 ab
3876 5311 4034 5384 An-

751 5511 759 5518 ,
842 5428 1007 5537 gelo
1043 5429 1152 5503 bis
1184 5424 1462 5502 solutus
1503 5454 1543 5500 a
1582 5421 1883 5502 vinculis
1907 5479 1930 5518 ,
1966 5424 2234 5527 quibus
2293 5424 2668 5499 hominum
2716 5425 3402 5531 improbissimorum
3467 5421 3771 5527 perfidia
3833 5423 4033 5501 illum
