4442 6300
929 477 1031 525 302

1903 478 2107 532 ACTA
2148 474 2803 532 cauomzanoms

746 620 921 682 t'erei
979 620 1270 685 ardentes
1326 621 1387 682 in
1447 622 1910 706 Stnpplicatione
1967 621 2299 690 deferendi
2409 639 2561 684 'rum
2595 629 2842 686 sanctae
2885 621 3117 687 uariae
3148 640 3333 704 supra
3361 622 3701 688 Minervam
3735 630 3801 688 et
3829 620 3989 690 aliu·

747 734 870 779 non
901 716 1192 782 omnibus
1222 718 1557 801 aequales,
1588 721 1701 786 sed
1756 721 2024 788 bilibres
2064 731 2171 785 aut
2231 722 2306 786 li·

2424 738 2563 782 rum
2596 719 3084 785 Coenobiorum.
3107 721 3304 804 Hujus
3331 720 3572 804 primae
3592 721 3750 786 aciei
3767 740 3990 805 corpo·

744 812 997 885 brales,
1026 813 1128 879 vel
1171 815 1443 882 selibrae
1497 818 1815 902 pondere,
1869 829 1974 884 aut
2032 830 2305 904 quatuor
2424 836 2488 879 ra
2514 859 2532 888 ,
2577 817 3101 899 quemadmodum
3150 824 3213 880 et
3254 825 3461 882 cetera
3504 818 3624 881 alia
3650 862 3672 893 ,
3717 839 3876 901 quae
3917 816 3984 880 in

745 911 1065 975 unciarum
1089 955 1108 985 ,
1136 923 1325 993 prout
1358 915 1852 1001 uniuscujusque
1897 926 2153 993 coetus,
2196 926 2303 982 aut
2422 911 2617 977 altera
2649 913 2783 978 acie
2825 914 3408 995 subsequebantur,
3451 936 3641 978 unum
3670 917 3749 979 ab
3782 915 3985 979 altero

750 1027 1052 1090 personae
1082 1010 1355 1093 dignitas
1383 1013 1747 1095 postularet.

870 1109 1272 1192 cougregatis
1289 1110 1499 1193 itaque
1520 1111 1944 1196 Regularium,
1965 1113 2309 1180 nonacho-

746 1222 1018 1284 rumque
1044 1194 1349 1281 Familiis',
1378 1208 1794 1281 Ecclesiarum
1825 1213 2209 1276 Rectoribus
2240 1223 2306 1278 et

745 1298 1000 1365 Clericis
1021 1346 1041 1375 ,
1072 1303 1555 1388 collegiatarum
1584 1314 1647 1370 et
1678 1306 2080 1372 Basilicarum
2112 1314 2306 1374 Cano·

744 1397 903 1462 uicis
928 1442 948 1471 ‚
987 1400 1394 1485 confertoque
1416 1404 1546 1487 jam
1576 1403 1776 1469 ferme
1805 1405 2157 1488 majoribus
2186 1415 2303 1471 Ec·

728 1494 1133 1562 'elesiasticae
1179 1500 1496 1583 dignitatis
1542 1502 1874 1568 Ordinibus
1905 1490 2061 1567 six'ti
2104 1511 2203 1568 tv,
2236 1505 2312 1567 li·

747 1600 851 1660 cet
877 1596 1199 1678 peramplo
1228 1599 1514 1675 Sacello;
1543 1599 1663 1665 viis
1693 1621 1942 1684 quoque
1963 1645 1983 1672 ,
2013 1621 2135 1686 qua
2167 1624 2311 1687 sup-

724 1689 1000 1775 'pliciter
1035 1694 1499 1775 procedendum
1542 1704 1718 1770 erat,
1763 1718 1873 1780 per
1914 1697 2145 1764 Milites
2190 1702 2313 1763 cir-

746 1790 1111 1871 cumseptis3
1138 1790 1427 1856 interiori
1459 1800 1781 1876 praeterea
1802 1794 2101 1859 Basilicae
2135 1804 2311 1879 parte

749 1886 1065 1972 quaternis
1083 1897 1465 1955 armatorum
1481 1888 1804 1955 bominum
1825 1892 2164 1959 Ordinibus
2184 1913 2315 1957 mu·

745 1984 901 2059 nita;
930 1985 1348 2069 submotaque
1372 2008 1409 2052 e
1438 1987 1651 2052 medio
1673 1994 2091 2074 spectatorum
2122 1990 2313 2055 turba

747 2082 1021 2164 undique
1062 2082 1192 2166 jam
1244 2083 1520 2146 irruente
1540 2128 1560 2157 ,
1619 2094 1842 2168 coepta
1889 2095 1989 2149 est
2035 2086 2223 2171 dirigi
2273 2106 2310 2151 a

745 2179 1283 2243 caeremoniarum
1310 2180 1619 2264 Magistris
1649 2182 2053 2267 snpplicatio.

870 2277 1079 2340 Prima
1122 2278 1596 2360 procedentium
1645 2280 1810 2345 acies
1851 2280 2312 2363 complecteba-

743 2380 849 2436 tur
870 2379 1106 2437 Pueros
1132 2374 1397 2458 Hospitii
1442 2376 1783 2460 Apostolici
1827 2379 2016 2444 sancti
2049 2380 2313 2445 Michae-

740 2468 846 2542 lis,
876 2490 947 2532 ac
976 2471 1325 2552 orphanos,
1356 2479 1571 2539 Patres
1597 2475 1799 2539 Tertii
1831 2476 2081 2541 Ordinis
2114 2481 2307 2542 sancti

740 2567 1049 2630 Francisci
1094 2567 1589 2634 Recollectorum
1636 2570 1845 2637 Gallos
1874 2593 1952 2636 ex
1994 2578 2309 2639 conventu

745 2667 804 2725 S.
833 2662 1061 2725 Mariae
1079 2663 1543 2740 miraculorum
1574 2668 1965 2734 Eremitanos
1994 2670 2313 2737 excalcea-

742 2760 844 2822 tos
877 2758 1131 2824 Ordinis
1163 2766 1220 2823 S.
1261 2763 1636 2844 Augustini3
1684 2767 2103 2847 capue-cinon
2152 2772 2317 2833 bler-

745 2854 1027 2920 cenarios
1056 2857 1303 2922 Ordinis
1335 2860 1551 2924 beatae
1581 2862 1815 2926 Mariae
1852 2864 2314 2947 Redemptionis

747 2954 1146 3036 captivorum
1172 2975 1209 3019 e
1236 2962 1434 3021 Domo
1462 2960 1624 3040 apud
1649 2968 1925 3024 sanctum
1950 2961 2312 3037 Adrianum3

747 3056 966 3113 Patres
1002 3057 1068 3137 S.
1112 3054 1454 3136 Honuphrii
1506 3056 1755 3121 Ordinis
1784 3059 2199 3123 Eremitarum
2254 3069 2311 3125 S.

746 3149 1114 3236 Hieronymi
1160 3153 1670 3237 congregationis
1702 3161 1772 3218 B.
1817 3157 1976 3221 Petri
2006 3157 2083 3219 de
2113 3158 2312 3234 Pisis3

744 3246 1041 3311 Minimos
1091 3250 1282 3313 sancti
1332 3252 1640 3316 Franc²sci
1686 3253 1763 3317 de
1817 3254 2047 3329 Paula3
2096 3261 2313 3319 Patres

748 3344 942 3408 Tertii
972 3343 1222 3409 Ordinis
1251 3347 1448 3412 sancti
1482 3349 1788 3415 Francisci
1814 3376 1833 3425 ς
1863 3351 2131 3415 Minores
2158 3357 2312 3414 con-

747 3440 1072 3505 ventuales
1101 3486 1123 3514 ,
1190 3448 1276 3506 De
1344 3444 1747 3509 Observantia
1776 3494 1794 3519 ,
1839 3455 1900 3511 et
1948 3469 2059 3512 eos
2088 3492 2108 3519 ,
2153 3470 2315 3530 qinos

746 3536 1148 3602 Reformatos
1178 3536 1537 3620 appellant3
1566 3548 1782 3606 Patres
1811 3552 2058 3609 sanetae
2083 3545 2313 3609 Mariae

749 3635 831 3697 de
861 3635 1095 3715 Populo
1121 3636 1363 3699 Ordinis
1386 3639 1579 3702 sancti
1610 3641 1941 3720 Augustini
1969 3647 2315 3725 congrega-

748 3731 939 3794 tionis
984 3731 1425 3797 observantiae
1454 3737 1969 3818 Longobardiae3
2012 3741 2316 3803 Eremita-

752 3846 870 3891 nos
899 3826 1186 3910 ejusdem
1219 3828 1488 3902 Ordinis,
1517 3850 1594 3892 ex
1626 3833 1942 3897 Coenobio
1974 3836 2165 3897 sancti
2196 3841 2317 3898 Au·

755 3923 1033 4006 gustini3
1079 3923 1448 3988 carmelitae
1491 3930 1999 4011 congregationis
2038 3937 2319 3997 Mantua-

754 4040 870 4083 nae
903 4021 1063 4099 apud
1100 4020 1443 4084 Ecclesiam
1475 4024 1668 4087 sancti
1698 4026 2084 4112 Chrysogoni
2112 4028 2172 4089 in
2201 4037 2320 4093 Re-

758 4117 945 4199 gione
974 4118 1502 4206 Transtyberina3
1547 4120 1724 4184 Alios
1750 4121 2044 4202 praedicti
2076 4124 2321 4189 Ordinis

758 4218 828 4275 B.
856 4213 1086 4276 Mariae
1119 4214 1381 4298 Virginis
1410 4216 1487 4279 de
1515 4222 1724 4282 Monte
1768 4219 2058 4285 Carmelo
2088 4242 2166 4285 ex
2192 4227 2321 4285 Mo-

756 4310 1053 4373 nasteriis
1082 4312 1274 4373 sancti
1306 4312 1554 4376 Martini
1584 4314 1646 4375 in
1674 4317 2026 4388 Montibus,
2072 4326 2319 4384 sanctae

755 4407 985 4469 Mariae
1030 4409 1518 4488 Transpontinae
1560 4409 1621 4470 in
1664 4414 1942 4493 Regione
1987 4416 2213 4499 Burgi,
2258 4425 2324 4480 et

760 4504 953 4567 sancti
987 4502 1213 4564 Juliani
1258 4505 1319 4566 in
1351 4506 1699 4590 Exquiliis3
1748 4505 2051 4574 Eremita‘s
2092 4516 2323 4579 Montis

762 4599 997 4662 Senarii
1020 4600 1265 4664 Ordinis
1287 4607 1616 4665 Servorum
1642 4605 1858 4668 beatae
1874 4606 2110 4672 Mariae
2122 4609 2326 4693 Virgi-

760 4698 856 4759 nis
886 4718 923 4761 e
952 4698 1286 4761 Coenobiis
1328 4701 1520 4763 sancti
1552 4702 1864 4773 Marcelli,
1911 4711 2166 4768 Sanctae
2200 4713 2323 4770 Ma-

760 4794 893 4857 riae
922 4794 987 4855 in
1016 4795 1130 4856 Via
1154 4837 1174 4866 ,
1208 4805 1269 4859 et
1301 4798 1494 4860 sancti
1522 4799 1759 4862 Nicolai
1786 4800 1974 4885 vulgo
2005 4801 2082 4865 de
2111 4804 2323 4867 Arcio-

2419 1013 2582 1072 crnx
2612 1009 2886 1093 praelata
2919 1018 3209 1092 tanquam
3252 1012 3466 1096 regale
3511 1013 3740 1076 Christi
3771 1012 3985 1076 Domi·

2420 1105 2480 1167 ni
2513 1104 2812 1170 vexillum
2842 1113 2907 1172 et
2937 1108 3311 1191 triumphale
3348 1111 3593 1195 signum
3618 1153 3640 1185 ,
3672 1109 3980 1175 discrimi-

2415 1203 2621 1265 nabat.

2547 1300 2887 1364 Secundam
2919 1302 3116 1366 aciem
3137 1262 3521 1367 monasticae
3549 1302 3713 1366 vitae
3743 1300 3987 1367 Proles·

2422 1416 2595 1460 sores
2625 1398 3129 1472 constituebant,
3171 1400 3508 1472 videlicet,
3539 1401 3734 1466 sancti
3767 1401 3984 1464 Hiero·

2422 1492 2592 1578 nymi
2635 1496 3105 1580 Longobardiae
3150 1499 3228 1561 a‘d
3256 1498 3383 1562 divi
3426 1496 3626 1560 Alexii
3669 1498 3887 1562 aedem
3916 1497 3983 1560 in

2421 1590 2601 1655 Colle
2634 1593 2971 1669 Aventin03
3015 1595 3300 1659 Canonici
3332 1594 3675 1678 Regulares
3718 1594 3986 1658 Sanctis-

2421 1686 2562 1750 simi
2585 1687 2922 1753 Salvatoris
2945 1689 3194 1754 Ordinis
3223 1691 3414 1755 sancti
3436 1690 3762 1775 Augustini
3785 1689 3863 1755 ad
3891 1688 3986 1754 di·

2419 1785 2479 1847 vi
2510 1786 2675 1848 Petri
2718 1785 2798 1850 ad
2826 1786 3080 1853 Vincula
3125 1788 3191 1850 in
3233 1787 3406 1853 Colle
3438 1787 3809 1870 Exquilino;
3851 1792 3985 1851 Ho-

2421 1882 2600 1946 nacbi
2648 1886 3154 1968 congregationis
3193 1886 3422 1951 Montis
3453 1884 3680 1951 oliveti
3729 1886 3981 1950 Ordinis

2421 1981 2617 2044 sancti
2667 1982 2984 2047 Benedicti
3030 1983 3194 2065 apud
3239 1990 3510 2049 sanctam
3560 1983 3818 2048 Mariam
3866 1987 3990 2050 No-

2417 2095 2555 2140 vam
2582 2121 2600 2147 ,
2648 2098 2830 2160 quam
2874 2077 3019 2142 olim
3063 2085 3355 2142 minorem
3397 2081 3875 2163 nuncupabant,
3916 2079 3987 2142 in

2419 2179 2578 2238 Foro
2609 2175 2878 2251 Boari03
2919 2178 3201 2242 Honachi
3234 2177 3744 2262 congregationis
3773 2177 3990 2242 caele·

2419 2272 2726 2336 stinorum
2760 2294 2797 2339 e
2822 2277 3012 2338 sancti
3047 2276 3301 2339 Eusebii
3322 2274 3703 2341 monasterio
3724 2274 3803 2339 ad
3821 2274 3989 2337 Cim·

2422 2368 2600 2430 brum
2623 2413 2643 2442 ,
2674 2390 2786 2433 seu
2831 2372 2906 2435 ad
2936 2372 3113 2436 Harii
3160 2372 3482 2454 'trophaea
3512 2372 3575 2435 in
3614 2377 3825 2437 Honte
3869 2378 3992 2435 Ex·

2420 2465 2686 2547 quilin03
2701 2469 2983 2532 Monachi
3008 2469 3251 2533 Ordinis
3268 2470 3691 2535 cisterciensis
3708 2469 3770 2530 in
3791 2488 3987 2533 unum

2419 2580 2646 2646 corpus
2678 2563 2978 2637 collecti,
3022 2573 3086 2628 et
3115 2566 3289 2628 unica
3323 2568 3439 2629 sub
3469 2570 3665 2631 cruce
3696 2564 3993 2629 inceden-

2419 2662 2561 2732 tes,
2608 2666 2735 2724 tam
2783 2662 3292 2745 Congregationis
3335 2661 3736 2727 Reformatae
3784 2660 3984 2725 sancti

2419 2757 2717 2821 Bernardi
2740 2758 2816 2822 ad
2845 2758 3172 2833 Thermas,
3195 2766 3261 2824 et
3289 2767 3538 2824 sanctae
3563 2758 3985 2824 pudentianae

2422 2855 2498 2917 ad
2520 2854 2763 2920 radices
2791 2857 3017 2921 Montis
3043 2856 3396 2929 viminalis,
3431 2876 3616 2939 quam
3645 2861 3990 2941 Congrega·

2424 2952 2608 3017 tionis
2635 2954 2927 3018 Etruriae
2957 2975 2995 3018 e
3021 2955 3406 3020 monasterio
3444 2960 3542 3017 SS.
3569 2946 3898 3026 vincentii,
3916 2958 3986 3017 et

2421 3051 2731 3115 Anastasii
2761 3050 2836 3115 ad
2866 3072 3059 3133 aquas
3090 3053 3314 3118 salvias
3334 3098 3356 3127 ,
3385 3060 3449 3116 et
3475 3050 3990 3136 congregationis

2421 3149 2888 3231 Langobardiae
2918 3150 2993 3215 ad
3019 3157 3263 3216 sanctae
3292 3150 3503 3215 crucis
3523 3150 3585 3212 in
3607 3147 3990 3225 Jerusalem3

2419 3246 2703 3310 Monacbi
2750 3249 3254 3331 congregationis
3278 3247 3478 3312 Vallis
3506 3247 3847 3311 Umbrosae
3878 3252 3995 3311 Or-

2424 3340 2589 3406 dinis
2636 3344 2832 3408 sancti
2882 3345 3195 3409 Benedicti
3239 3346 3403 3427 apud
3451 3351 3723 3409 sanctam
3765 3350 3991 3408 Praxe-

2425 3439 2570 3501 dem
2601 3440 2666 3501 in
2711 3442 2914 3523 capite
2946 3444 3298 3516 Suburrae;
3341 3440 3847 3507 camaldulenses
3876 3447 3997 3504 Or-

2407 3535 2587 3600 ·dinis
2629 3537 2910 3621 ejusdem
2956 3544 3012 3601 S.
3045 3540 3365 3604 Benedicti
3395 3538 3555 3621 apud
3600 3537 3798 3603 sancti
3843 3543 3996 3602 Gre-

2424 3633 2576 3717 gorii
2622 3643 2971 3699 maternam
3020 3635 3177 3699 olim
3210 3636 3499 3708 domum,
3546 3655 3693 3698 mox
3723 3637 3803 3698 ab
3852 3634 3994 3716 ipso

2428 3732 2489 3791 in
2517 3733 2961 3797 monasterium
2994 3752 3393 3805 conversam,
3422 3734 3497 3796 ad
3535 3738 3766 3796 Clivum
3799 3735 3993 3795 Scau·

2422 3832 2480 3888 n·
2497 3849 2523 3898 ς
2565 3828 2963 3892 cassinenses
2993 3828 3235 3893 Ordinis
3264 3830 3412 3893 item
3444 3829 3637 3894 sancti
3667 3826 3988 3893 Benedicti

2429 3944 2465 3987 e
2493 3925 2758 3990 Basilica
2789 3926 2983 3991 sancti
3030 3927 3201 3991 Pauli
3234 3933 3403 3992 extra
3436 3927 3623 3990 Urbis
3652 3925 3898 3990 moenia
3926 3925 3992 3986 in

2426 4023 2524 4085 via
2559 4022 2851 4096 Ostiensi3
2882 4023 3168 4087 Canonici
3195 4025 3445 4088 tandem
3477 4022 3828 4106 Regulares
3855 4039 3994 4086 san·

2426 4127 2565 4183 ctae
2589 4120 2829 4185 Mariae
2870 4120 2948 4184 de
2972 4127 3129 4186 Pace
3160 4121 3407 4186 Ordinis
3433 4121 3631 4186 sancti
3663 4119 3995 4205 Augustini

2428 4217 2938 4302 congregationis
2971 4218 3417 4283 Lateranensis.

2561 4315 2844 4378 Praeibat
2871 4315 3123 4379 tertiam
3167 4318 3366 4381 aciem
3411 4320 3572 4379 Crux
3599 4313 3768 4379 cleri
3811 4319 3995 4378 Secu-

2429 4409 2578 4474 laris
2622 4409 2832 4475 delata
2883 4411 3042 4477 sicut
3084 4411 3242 4478 aliae
3284 4412 3582 4477 Ordinum
3630 4412 3795 4474 inter
3835 4410 3996 4474 duos

2432 4507 2769 4593 Acolytbos
2798 4516 3107 4573 cerostata
3137 4516 3481 4592 portantes:
3512 4506 3999 4591 subsequeban-

2434 4613 2536 4666 tur
2562 4603 2804 4665 Alumni
2853 4605 3175 4668 seminarii
3206 4605 3509 4678 Romani3
3558 4609 3856 4668 nectores
3886 4609 3998 4666 Ee-

2432 4699 2764 4765 clesiarum
2783 4700 3239 4765 Parecbialium
3273 4704 3477 4772 Urbis,
3507 4719 3581 4764 ae
3605 4699 3834 4764 vicarii
3858 4717 3998 4782 per-

2438 4798 2607 4882 petui
2635 4842 2655 4871 ,
2686 4799 2915 4880 quibus
2935 4842 2955 4866 ,
2997 4806 3066 4860 ut
3096 4819 3131 4861 a
3163 4799 3391 4862 ceteris
3420 4800 3499 4863 de
3542 4797 3730 4861 clero
3758 4798 3997 4861 discer-

759 4895 972 4965 nibus,
1003 4893 1152 4955 olim
1184 4893 1250 4954 in
1282 4894 1733 4970 Archemoniis,
1765 4897 1848 4961 ita
1880 4902 2212 4981 nuncupati
2245 4902 2322 4965 ab
2435 4903 2732 4960 nerentur
2756 4939 2776 4966 ,
2822 4896 3258 4960 sanctissimus
3286 4897 3590 4959 Dominus
3631 4900 3861 4959 Noster
3888 4913 4000 4956 nu·

758 4990 947 5074 hujus
1003 4990 1394 5073 cognominis
1453 4991 1693 5058 familia
1722 5037 1742 5065 ,
1811 4995 1990 5079 cujus
2050 4997 2328 5062 Ecclesia
2439 5012 2554 5074 per
2576 4992 2942 5067 indulserat,
2972 5003 3039 5057 ut
3062 4993 3566 5073 circumpositam
3596 4991 3758 5057 colla
3787 4999 4002 5056 Sacer·

765 5108 893 5151 san.
931 5108 1053 5150 me.
1101 5088 1418 5151 Benedicti
1449 5097 1651 5171 Papae
1698 5096 1861 5154 th.
1916 5093 2327 5158 beneficentia
2438 5087 2711 5152 dotalem
2745 5089 2968 5152 stolam
2999 5090 3066 5156 in
3091 5089 3365 5172 publicis
3391 5088 3902 5152 Processionibus
3934 5087 3997 5149 in

764 5193 864 5246 est
904 5184 1192 5247 Patribus
1243 5183 1379 5246 istis
1430 5186 1718 5250 restituta
1772 5195 1911 5269 post
1958 5209 2183 5252 annum
2237 5211 2332 5255 se-

764 5279 1036 5343 cularem
1070 5277 1476 5343 millesimum
1510 5283 2130 5365 septingentesimum
2164 5288 2331 5367 vige·

768 5377 994 5439 simum
1033 5377 1313 5458 quintum
1346 5400 1362 5437 ε
1409 5384 1625 5443 Patres
1654 5381 1901 5445 Ordinis
1947 5383 2333 5448 Praedicato-

2443 5195 2757 5270 postorum
2785 5186 3123 5250 deterrent.
3142 5185 3433 5250 Parocbis
3451 5185 3870 5251 succedebant
3887 5189 4001 5248 ca·

2441 5285 2642 5348 nonici
2693 5283 3211 5368 collegiatarum,
3258 5284 3421 5347 idest
3464 5283 3657 5346 sancti
3704 5282 4003 5365 Hierony-

2448 5383 2529 5444 mi
2562 5382 2951 5468 tllyricorum
2978 5426 2999 5454 ,
3033 5388 3280 5447 sanctae
3313 5380 3674 5443 Anastasiae
3698 5422 3718 5451 ,
3762 5385 4000 5442 sancto·
