4442 6300
981 512 1050 563 ¹0
1956 513 2162 568 AsJrA
2203 514 2865 574 cAnomzxrtoms

778 657 1016 736 corpus
1072 654 1245 718 Beati
1304 658 1619 720 Josnrm
1674 654 1897 722 ardere
1963 661 2289 727 consuevit
2318 686 2334 723 z

781 757 941 816 Tum
972 761 1294 817 momento
1325 752 1635 834 temporis·
1655 752 1960 837 integram
2008 757 2342 822 sanitatem

777 856 1166 931 consequuta
1197 860 1295 915 est
1316 893 1339 922 ,
1368 849 1579 914 fistula
1611 851 1859 934 penitus
1888 851 2135 919 occlusa
2154 898 2174 927 ,
2235 857 2344 922 do-

775 945 1054 1020 loribus,
1083 946 1290 1020 Tussi‚
1322 968 1394 1011 ac
1426 947 1605 1012 Febri
1638 948 1891 1012 omnino
1920 953 2339 1026 cessantibus,

773 1044 1071 1129 pristinae
1103 1044 1273 1108 vires
1294 1089 1314 1116 ,
1339 1054 1404 1108 et
1434 1044 1611 1109 color
1638 1047 1939 1111 naturalis
1969 1049 2087 1132 ipsi
2134 1051 2340 1116 redie-

774 1152 958 1215 runt,
988 1163 1111 1224 qua
1143 1143 1308 1207 bona
1336 1142 1697 1209 valetudine
1726 1145 2024 1229 deinceps
2082 1169 2339 1231 semper

776 1261 887 1305 11110
918 1248 1055 1305 ests
1086 1245 1292 1314 Quare
1316 1286 1339 1315 ,
1370 1250 1447 1305 nt
1468 1242 1548 1305 de
1578 1241 1903 1307 Pontificia
1942 1245 2339 1326 adprobatio-

771 1356 851 1400 ne
877 1338 1103 1402 horum
1130 1337 1574 1403 Miraculornm
1604 1348 1846 1405 certum
1890 1341 2334 1407 documentum

770 1434 1044 1510 existat,
1077 1437 1390 1501 Sanctitas
1417 1444 1537 1501 Sua
1568 1438 1717 1503 mm
1758 1439 2172 1523 ’111110001ῌο
2231 1448 2340 1507 Se·

763 1535 1036 1602 cretario
1056 1550 1357 1617 praesens
1390 1542 1718 1601 Decretum
1751 1538 2050 1611 tradidit,
2073 1540 2188 1604 hac
2229 1540 2333 1604 die

765 1632 966 1718 prima
995 1631 1143 1713 Maii
1176 1633 1417 1698 Sanctis
1443 1634 1765 1716 Apostolis
1782 1634 2108 1722 Philippo,
2141 1645 2334 1704 et-Ja·

763 1731 929 1798 00110
955 1730 1161 1796 dicata
1191 1750 1357 1797 anno
1393 1736 1574 1796 1745.

968 1929 1035 1990 0.
1064 1894 1414 1991 carmanis
1441 1925 1524 1992 «ιο
1549 1926 1804 1992 mni·
1833 1927 2139 1995 paoem.

830 2095 839 2099 ’
878 2125 1050 2185 ιωο
1066 2117 1358 2205 φειςιιιῑ.

1225 2319 1292 2378 1'.
1328 2318 1691 2381 Patriurcku
1733 2320 2358 2399 Hsomurminm‘

1311 2418 1715 2515 {seretur-ius.
1826 2464 1839 2470 -

2449 660 2633 726 vulos
2658 663 2738 726 ad
2765 685 2835 730 se
2868 664 3197 733 venientes
3226 687 3352 732 non
3399 668 3601 734 ¹'semel
3659 669 3933 743 erudivit
3979 672 4028 735 i÷

2455 778 2706 841 gnaros,
2736 761 3129 827 confirmavit
3156 764 3527 840 instructos,
3560 787 3781 835 omnes
3807 769 3889 833 ad
3921 790 4024 835 ne·

2449 855 2740 922 lidiorem
2772 859 3095 924 scientiam
3127 863 3494 928 muneribus
3544 863 3789 929 allexit.
3849 872 4020 931 Haec

2453 953 2584 1035 ipsa
2613 955 3053 1022 patriarchalis
3082 959 3348 1024 Basilica
3379 963 3823 1030 Lateranensis
3870 983 4017 1027 con·

2450 1051 2750 1133 templata
2777 1054 3028 1119 0011100
3054 1056 3158 1119 1110
3179 1099 3201 1130 ,
3229 1114 3234 1117 .
3259 1056 3344 1120 110
3369 1078 3496 1139 quo
3556 1057 3787 1139 loquor
3814 1102 3837 1131 ,
3894 1069 4019 1122 tra·

2448 1149 2700 1213 dentem
2714 1138 2926 1232 pueris
2946 1151 3093 1217 111101
3111 1155 3467 1220 rudimenta
3481 1140 4012 1226 BENEmc'rmt,

2448 1266 2635 1328 quem
2668 1258 2816 1313 ante
2842 1250 3328 1333 quinquennium
3360 1252 3424 1314 in
3475 1273 3721 1317 summo
3750 1260 4016 1334 Aposto-

2447 1343 2605 1408 licae
2636 1345 2960 1428 dignitatis
2981 1345 3239 1430 fastigio
3271 1349 3540 1431 positum
3572 1348 3864 1412 exultans
3895 1370 4013 1428 ‘os-

2446 1442 2772 1507 tenderat:
2803 1444 3013 1509 Testis
3041 1456 3142 1510 est
3168 1447 3355 1510 etiam
3399 1446 3811 1529 congregatio
3832 1488 3853 1519 ,
3894 1466 4008 1510 seu

2443 1538 2760 1612 Societas,
2791 1549 2859 1605 ut
2888 1553 3113 1608 vocant
3133 1587 3155 1616 ,
3184 1544 3515 1609 Doctrinae
3561 1544 3950 1608 Christianae
3970 1587 3991 1618 .

2444 1658 2632 1718 quam
2664 1647 3010 1721 permutata
3038 1640 3322 1707 Bodetia
3348 1650 3531 1706 011100
3579 1642 3765 1706 nimis
3813 1660 4004 1724 angu-

2442 1741 2537 1798 sta
2558 1778 2580 1807 ,
2611 1743 2793 1800 aucto
2819 1737 2898 1800 ad
2956 1737 3272 1803 Ministros
3330 1738 3730 1802 saluberrimi
3759 1738 4006 1820 {operis

2443 1829 2704 1896 alendos
2730 1853 2920 1898 censu
2946 1876 2967 1906 ,
2996 1834 3269 1918 aliisque
3297 1845 3621 1917 praeterea
3678 1835 4009 1900 beneficiis

2439 1928 2780 1994 cumularit
2808 1938 2874 1995 et
2905 1932 3142 2013 gratiis.
3173 1932 3268 1996 Ad
3297 1931 3451 1997 baec
3473 1941 3542 1995 111
3567 1933 3829 1996 verbum
3855 1931 3993 2006 Dei,

2439 2026 2620 2109 cujus
2647 2037 2743 2092 est
2772 2040 3009 2105 eustos,
3041 2030 3105 2092 in
3133 2031 3561 2114 proximorum
3591 2029 3784 2095 corde
3813 2050 4002 2112 pare·

2442 2144 2512 2187 re
2533 2166 2555 2198 ,
2585 2135 2775 2208 atque
2804 2124 2982 2190 alere
3012 2127 3300 2192 Pontifex
3328 2127 3580 2202 valeat3
3614 2135 3835 2193 norunt
3869 2148 4004 2192 om-

2439 2239 2556 2285 nes
2573 2263 2596 2293 ,
2625 2242 2753 2304 quo
2782 2221 3019 2288 honore
3052 2224 3114 2286 in
3130 2223 3542 2305 ‘apostolicas
3564 2224 3751 2289 AEdes
3772 2224 3997 2288 advehi

2439 2318 2641 2391 sinat,
2673 2339 2795 2400 qua
2821 2321 3117 2384 comitate
3146 2322 3438 2404 excipiat,
3467 2323 3785 2403 variisque
3812 2321 3992 2387 donis

2438 2427 2840 2491 muneretur,
2869 2419 3254 2501 quicumque
3283 2440 3364 2483 ex
3384 2421 3620 2502 'pueris
3676 2420 3741 2481 in
3794 2440 4000 2485 01111110

2433 2512 2711 2595 generali
2742 2514 3169 2597 disputatione
3193 2515 3274 2578 de
3303 2515 3451 2579 fidei
3504 2523 3756 2580 nostrae
3815 2517 3996 2579 Insti-

879 2614 1141 2674 l’ostero
1170 2608 1273 2673 die
1301 2607 1495 2674 rediit
1552 2615 1841 2677 Summus
1895 2611 2209 2677 Pontifex,
2243 2614 2321 2678 ad
2430 2611 2587 2675 tutis
2616 2619 2909 2693 tanquam
2940 2612 3670 2696 omniurnperitissimus
3728 2615 3998 2680 donatus

746 2709 1121 2769 Lateranum
1144 2748 1168 2780 ,
1225 2706 1536 2787 inceptam
1589 2706 2034 2773 visitationem
2106 2729 2323 2791 prose·
2430 2706 2650 2774 laurea
2673 2708 2776 2773 sit.

751 2811 1084 2886 qunturns.
1112 2810 1378 2868 Peracto
1406 2809 1594 2869 Sacro
1624 2803 1687 2866 in
1717 2804 2188 2871 Atdobrsndino
2216 2813 2321 2871 Sa·

744 2899 912 2967 cetto
930 2942 951 2972 ‚
978 2899 1089 2964 11111
1119 2900 1509 2964 Eucharistia
1538 2901 1927 2985 custoditur,
1956 2923 2103 2968 cum
2136 2903 2310 2966 Emi·

2555 2811 2635 2869 At
2663 2825 2784 2870 non
2815 2804 3042 2871 minori
3102 2805 3532 2873 sollicitudine
3588 2782 3984 2875 Ecclesiaeti.

2428 2921 2539 2997 cae
2566 2901 2939 2986 disciplinae
2966 2902 3169 2966 teneri
3195 2898 3651 2968 demonstrarit
3670 2903 3989 2982 Pontifex,

742 2998 1121 3065 nentissimo
1148 2997 1719 3083 Archipresbytero
1748 3007 1814 3065 et
1828 3002 2178 3075 Canonicis,
2208 3002 2318 3084 qui
2425 3020 2569 3067 cum
2600 3001 2705 3065 die
2735 3001 2930 3065 tertio
2953 2984 3218 3084 praefati
3247 3001 3483 3065 mensis
3511 3000 3654 3084 maji
3675 3002 3995 3066 visitatio-

746 3097 1145 3164 sanctitatem
1176 3103 1361 3161 Suam
1392 3096 1621 3162 iisdem
1655 3118 1728 3162 ac
1757 3098 1959 3180 pridie
1986 3103 2317 3164 caeremo-
2425 3116 2568 3163 nem
2596 3098 2882 3162 eamdem
2915 3105 3338 3182 prosequutus
3369 3097 3603 3166 multas
3633 3097 3777 3163 tulit
3827 3099 3991 3164 saln-

744 3194 866 3259 niis
893 3194 1330 3260 advenientem
1363 3203 1732 3277 receperant
1752 3238 1776 3268 ,
1804 3194 1869 3256 in
1894 3196 2185 3260 vestiarii
2218 3215 2315 3260 re-
2425 3194 2733 3258 berrimas
2762 3195 2938 3278 leges
2958 3236 2979 3267 ,
3011 3195 3246 3276 quibus
3274 3194 3317 3257 ii
3348 3203 3716 3262 tenerentur
3737 3240 3759 3269 ,
3788 3197 3985 3280 quiin

744 3312 924 3358 cessu
954 3292 1276 3357 consedit:
1310 3291 1532 3355 Libros
1567 3292 1645 3354 ad
1674 3291 2038 3355 Animarum
2092 3312 2309 3356 curam

745 3397 1106 3472 spectantes
1130 3431 1151 3462 ,
1185 3395 1318 3452 tum
1351 3387 1457 3468 qui
1486 3387 1565 3449 de
1598 3386 1980 3469 Baptizstis‘,
2008 3385 2108 3451 vel
2154 3393 2313 3450 Con-

739 3484 1004 3554 firmatis
1031 3531 1052 3560 ,
1078 3506 1192 3550 sen
1218 3484 1621 3551 matrimonio
1650 3484 2036 3567 conjunctis,
2067 3504 2177 3548 seu
2221 3485 2312 3547 vi-

740 3590 806 3649 10
833 3584 1059 3648 functis
1090 3592 1413 3652 testantur
1432 3623 1454 3654 ,
1486 3589 1621 3645 tum
1654 3599 1797 3643 eum
1827 3625 1847 3651 ,
1877 3580 2087 3662 inquo
2113 3581 2309 3646 Sacri·

736 3679 882 3746 ficia
913 3701 1024 3764 pro
1055 3680 1295 3764 Populo
1328 3678 1558 3743 diebus
1587 3676 1810 3743 saltem
1860 3676 2042 3742 sestis
2098 3678 2300 3762 appli-

740 3778 974 3851 canda,
1000 3778 1180 3862 juxta
1210 3775 1569 3842 sanctitatis
1598 3783 1757 3840 Suae
1787 3775 2169 3859 encyclicam
2227 3783 2305 3841 E·

737 3875 1032 3958 pistolam
1068 3876 1276 3940 datam
1307 3873 1724 3945 Patriarchis,
1767 3872 2307 3957 Archiepiscopis,

738 3972 1110 4059 Episcopis,
1169 3972 1537 4055 cunctisque
1596 3978 1902 4036 Locorum
1961 3972 2304 4038 ordinariis

734 4092 851 4157 per
877 4071 1123 4136 Italiam
1159 4069 1262 4135 die
1299 4073 1395 4135 ts.
1424 4068 1692 4156 Augusti
1725 4073 1908 4138 1744.
1929 4069 2167 4135 debent
2196 4071 2305 4135 sd·

741 4169 989 4244 notari,
1023 4166 1246 4234 sedulo
1276 4187 1355 4233 ne
1384 4167 1864 4250 conscripsisset
1907 4176 1973 4232 et
2001 4174 2183 4233 caute
2211 4188 2308 4233 as-

738 4277 1018 4333 servaret
1048 4266 1373 4332 Ecclesiae
1406 4271 1673 4337 11110101,
1706 4265 1992 4330 studiose
2052 4264 2302 4347 quaesi·

735 4365 865 4442 vit3
895 4366 1049 4441 Quia
1074 4385 1232 4431 vero
1262 4364 1428 4428 inter
1481 4362 1826 4447 praecipua
1881 4360 2300 4427 parochorum

736 4462 983 4538 munia,
1016 4470 1236 4544 utpote
1266 4459 1378 4543 qui
1425 4459 1492 4522 in
1520 4493 1527 4500 ·
1551 4458 2004 4543 Episcoporum
2059 4459 2306 4543 adjuto·

734 4562 896 4627 rium
927 4565 1372 4636 assumuntur,
1399 4556 1955 4641 comprehenditur
1995 4557 2303 4642 obligatio

736 4659 1100 4725 instituendi
1132 4658 1211 4724 ad
1256 4656 1636 4722 catholicam
1691 4655 1880 4719 fidem
1943 4654 2172 4728 rudes,
2229 4674 2304 4720 ac

728 4776 1003 4842 pueros;
1034 4775 1157 4843 qua
1186 4752 1482 4819 methodo
1503 4794 1524 4825 ,
1557 4773 1681 4835 qno
1714 4750 1859 4815 loco
1883 4795 1904 4826 ,
1936 4758 2003 4815 et
2057 4758 2302 4836 tempo-

730 4873 842 4927 re,
873 4873 1076 4936 quove
1111 4851 1426 4935 adjutorio
1454 4850 1519 4912 id
1548 4858 1890 4932 ageretur,
1945 4856 2298 4930 perscruta·

729 4955 834 5014 tus
860 4956 961 5015 est
982 4992 1003 5023 ‚
1032 4970 1105 5014 00
1134 4945 1432 5011 1101111111Ιο
1461 4945 1600 5010 zelo
1628 4953 1695 5009 et
1724 4944 2054 5029 vigilantia
2092 4954 2300 5027 pasto-

726 5047 842 5113 rali
869 5044 1054 5127 plena
1097 5044 1297 5110 edidit
1352 5039 1653 5108 decreta.'
1687 5049 1845 5106 Sane
1906 5051 2179 5123 quantae
2234 5042 2298 5105 id

729 5143 1015 5209 Pontifici
1045 5162 1232 5207 curae
1262 5140 1387 5214 sit,
1419 5139 1626 5222 palam
1655 5137 1893 5202 faciunt
1934 5139 2321 5204 instructio·'

728 5261 841 5306 nes
872 5242 1011 5325 ejus
1032 5240 1164 5325 jam
1199 5239 1406 5305 editae
1427 5281 1448 5311 ,
1478 5257 1618 5301 cum
1664 5237 2122 5299 Bononiensem
2185 5242 2296 5300 Ca·

725 5338 1013 5404 thedram
1046 5339 1412 5408 obtineret,
1444 5355 1647 5418 eaque
1681 5334 2063 5417 benignitas,
2095 5341 2159 5398 et
2189 5334 2298 5400 ltu·

2400 3298 2657 3366 'sortem
2691 3292 2933 3353 Domini
2964 3292 3165 3356 vocati
3190 3292 3267 3354 ad
3301 3293 3720 3359 concinendas
3737 3295 3986 3360 divinas

2419 3383 2642 3451 laudes
2685 3387 2894 3453 ‘Choro
2948 3388 3186 3453 debent
3243 3390 3550 3455 interesse
3571 3435 3594 3463 ,
3646 3391 3987 3475 pluresque

2420 3483 2581 3549 alias
2609 3485 2687 3550 de
2718 3487 3029 3550 bonorum
3065 3487 3386 3553 Ecclesiae
3417 3490 3884 3570 procuratione,
3916 3500 3986 3555 et

2418 3587 2792 3666 Legatorum
2825 3582 3363 3668 adimplementoz
3407 3589 3624 3648 Cetera
3682 3583 3984 3670 delegans

2417 3681 2845 3763 cognoscenda
2897 3681 3406 3746 Eminentissimo
3459 3682 3981 3767 Archipresbyte-

2419 3798 2534 3852 ro,
2562 3787 2628 3842 et
2654 3777 2975 3844 nonnullis
3004 3780 3129 3844 sibi
3159 3778 3468 3861 adjunctis
3515 3780 3985 3846 (100νί011010τί-

2418 3876 2542 3940 bus.
2567 3875 2853 3959 ejusdem
2889 3876 3327 3940 patriarchalis
3356 3876 3704 3942 Cononieis.
3757 3885 3982 3942 Rever-

2419 3982 2518 4037 tar
2549 3974 2739 4038 modo
2771 3973 2935 4036 uude
2957 3972 3202 4038 sueram
3227 3974 3589 4057 digressus:
3624 3974 3872 4037 Etenim
3899 3976 3982 4039 ab

2415 4071 2813 4151 enarratione
2842 4075 3167 4145 Actorum,
3196 4070 3383 4134 nimis
3411 4069 3691 4154 dilapsus
3719 4079 3819 4136 est
3840 4092 3973 4136 ser-

2416 4187 2545 4233 1110.

2543 4264 2872 4349 Expeditis
2901 4266 3113 4347 itaque
3166 4261 3608 4328 Miraculorum
3666 4265 3977 4349 approba·

2411 4362 2584 4427 tione
2610 4363 2825 4427 Causis
2853 4367 2970 4425 BB.
3003 4359 3294 4433 Camilli,
3343 4368 3410 4425 et
3466 4361 3724 4444 Josephi
3751 4404 3773 4436 ,
3833 4360 3981 4428 reli-

2412 4479 2606 4542 quum
2634 4468 2770 4526 erat
2797 4458 3084 4529 dubium,
3105 4477 3184 4522 011
3209 4458 3445 4528 idcirco
3472 4459 3797 4528 videretur
3822 4479 3967 4541 pos·

2413 4577 2483 4621 se
2513 4564 2651 4622 tuto
2695 4554 2947 4639 procedi
2980 4556 3059 4618 sd
3115 4574 3335 4620 eorum
3396 4556 3973 4640 canonizationem.

2412 4653 2648 4717 indicta
2672 4653 2754 4717 de
2782 4671 2961 4716 more
2990 4670 3181 4733 super
3209 4671 3290 4716 eo
3319 4651 3636 4733 generalis
3700 4658 3975 4735 Congre-

2412 4751 2586 4834 gatio
2607 4749 2819 4815 habita
2851 4748 2973 4813 tuit
2996 4767 3207 4814 coram
3240 4748 3641 4813 sanctissimo
3706 4748 3975 4812 Domino

2410 4854 2642 4913 Nostro
2675 4847 2779 4910 die
2810 4855 2868 4912 3.
2900 4845 3227 4926 sequentis
3258 4846 3545 4929 Augusti,
3575 4846 3637 4908 in
3668 4867 3789 4928 qus
3822 4846 3973 4912 licet

2403 4943 2635 5029 singuli
2664 4945 3121 5026 suffragatores
3147 4941 3424 5006 unanimi
3452 4962 3754 5025 responso
3792 4947 3972 5008 Posse

2408 5042 2836 5126 censuissent:
2871 5038 3155 5112 Pontifex
3183 5047 3398 5104 tamen
3448 5040 3722 5104 animum
3784 5061 3969 5105 sunm

2408 5139 2766 5223 patefacere
2797 5138 3023 5210 noluit,
3049 5145 3116 5199 ut
3138 5160 3173 5202 0
3196 5143 3363 5210 Deo,
3394 5137 3475 5201 ad
3505 5139 3681 5222 cuju·
3700 5139 3969 5223 gloriam

2407 5238 2700 5319 dirigitur
2726 5236 3169 5307 canonizatio..
3201 5234 3379 5298 novis
3408 5236 3702 5318 precibus
3743 5245 3811 5301 et
3871 5256 3968 5312 sa-

2409 5334 2683 5408 crificiis,
2712 5336 2868 5417 quid
2893 5334 3014 5400 sibi
3049 5333 3114 5395 in
3142 5331 3256 5396 tali
3284 5333 3541 5416 negotio
3567 5333 3963 5402 statuendum

734 5436 1003 5504 manitas
1027 5480 1049 5512 ,
1077 5457 1200 5521 qua
1227 5436 1540 5501 Christum
1573 5432 1794 5498 ducem
1821 5439 2127 5515 sequutus
2159 5452 2292 5516 par·
2406 5433 2611 5507 foret,
2644 5442 3063 5515 exposcerem
3093 5428 3265 5512 quod
3319 5437 3554 5511 quanto
3612 5428 3962 5514 Religionis
