4442 6300
1540 501 1888 570 eumont
1930 500 2397 559 suetonum
2440 501 2605 554 ιτα.
2934 498 2940 507 ·
3443 502 3552 556 m

496 638 714 738 rum{
751 647 882 751 qui
918 645 1249 722 remissos
1281 643 1599 723 Ordines
1629 645 1723 723 ad
1763 649 2151 752 pristinum
2185 642 2654 750 splendorem
2691 647 3175 723 restituerent
3201 701 3222 738 ‚
3257 662 3339 722 et
3393 646 3717 722 charita-

496 767 588 838 tis
623 762 964 840 ardorem
1005 786 1198 866 pene
1233 765 1633 838 extinctum
1672 789 1962 839 rursum
1999 762 2493 838 accenderent
2523 820 2544 853 ‚
2578 761 2974 865 Regulares
3032 763 3350 838 Ordines
3414 761 3507 837 ad
3569 763 3729 866 pri·-

496 908 693 954 mum
739 882 1154 953 institutum
1197 904 1280 952 ac
1315 904 1643 953 normam
1684 896 2154 971 revocantes,
2188 906 2410 983 quam
2457 879 2748 953 illorum
2813 880 3269 955 Professores
3328 879 3567 983 aliqua
3631 903 3724 953 ex

498 1013 718 1100 parte
755 994 1262 1071 deseruerant.
1301 995 1564 1097 Itaque
1596 1050 1619 1086 ‚
1674 998 1864 1091 sicut
1899 997 2079 1071 baec
2111 999 2377 1071 Sancta
2414 992 2826 1103 Apostolica
2871 996 3097 1072 Sedes
3154 1001 3476 1073 animum
3536 984 3722 1102 pro-'-

514 1113 769 1191 clivem
812 1138 1102 1216 semper
1137 1111 1481 1201 ostendit,
1505 1130 1595 1186 ut
1624 1113 1685 1188 F
1687 1112 2085 1189 undatores
2118 1113 2484 1190 Ordinum
2517 1113 2984 1219 Regularium
3020 1114 3320 1190 solemni
3348 1118 3497 1190 ritu
3532 1113 3724 1189 San-

502 1247 798 1305 ctorum
835 1227 1185 1332 Gatalogo
1225 1227 1678 1305 adscriberet
1708 1284 1731 1320 ‚
1768 1230 1975 1333 quod
2009 1217 2083 1304 in
2121 1230 2589 1335 praecedenti
2627 1232 3070 1307 Consistorio
3104 1231 3439 1336 pluribus
3473 1258 3725 1308 exem-

500 1344 639 1457 plis
673 1344 1198 1422 declaravimus
1224 1400 1246 1436 ,
1282 1348 1336 1419 si
1382 1362 1627 1420 tamen
1666 1345 2005 1421 cumulus
2040 1347 2493 1453 reliquarum
2531 1351 2890 1426 virtutum
2926 1348 3017 1425 ad
3058 1350 3256 1423 hunc
3295 1349 3587 1424 titulum
3623 1352 3723 1422 si—

501 1463 655 1551 mul
689 1462 1216 1566 adjungeretur
1245 1517 1268 1553 ‚
1304 1461 1607 1536 eandem
1636 1465 1993 1537 rationem
2030 1464 2284 1539 habuit
2319 1490 2461 1568 pro
2495 1467 3141 1541 Restauratoribus
3181 1466 3542 1540 Ordinum
3569 1468 3722 1540 Re-

495 1570 864 1686 gularium
902 1635 923 1672 ,
962 1577 1076 1655 vel
1114 1606 1369 1654 eorum
1403 1634 1427 1670 ‚
1458 1581 1589 1682 qui
1635 1578 2036 1685 plurimum
2094 1580 2538 1685 adjumenti,
2598 1580 3017 1687 laborisque
3073 1582 3567 1659 contulerunt
3625 1580 3716 1658 ad

495 1697 922 1773 statuendas
958 1695 1545 1771 Reformationes
1572 1750 1593 1787 ‚
1632 1724 1787 1771 non
1818 1713 2146 1801 temere,
2179 1718 2260 1775 et
2292 1697 2712 1775 inconsulto
2747 1702 3180 1804 excogitatas
3207 1756 3229 1793 ‚
3262 1700 3388 1777 sed
3449 1704 3721 1776 Roma-

501 1836 769 1891 norum
805 1812 1243 1889 Pontificum
1281 1815 1720 1889 auctoritate
1750 1818 2265 1919 praescriptas,
2305 1844 2459 1892 non
2507 1817 2738 1893 solnm
2777 1818 3091 1893 tentatas
3118 1875 3141 1911 ‚
3171 1817 3299 1895 sed
3342 1820 3724 1894 executio-

513 1935 588 2007 ni
624 1930 1090 2006 demandatas
1116 1984 1137 2019 ,
1181 1954 1359 2031 quas
1393 1944 1761 2033 postremo
1794 1932 1928 2034 ipsi
1962 1933 2516 2009 Restauratores
2553 1961 2703 2010 non
2749 1935 2974 2011 modo
3030 1936 3515 2041 suscipiendas
3570 1935 3723 2013 aliis

500 2063 1056 2156 proposuerunt
1096 2100 1118 2136 ‚
1153 2045 1281 2121 sed
1323 2048 1454 2152 ipsi
1493 2049 1696 2150 prius
1729 2047 2062 2153 exemplo
2096 2058 2229 2123 suo
2262 2055 2548 2154 integre
2583 2069 2975 2129 servarunt
3001 2111 3023 2143 ,
3081 2079 3237 2127 non
3294 2052 3444 2127 ulla
3517 2052 3723 2129 ducti

496 2169 737 2271 specie
773 2163 1107 2238 utilitatis
1142 2178 1269 2236 aut
1307 2163 1664 2244 humanae
1700 2162 1974 2267 gloriae
2003 2218 2025 2255 ‚
2077 2166 2201 2263 sed
2249 2172 2478 2243 unice
2546 2192 2689 2273 pro
2745 2171 2877 2245 Dei
2937 2169 3164 2275 gloria
3227 2170 3717 2276 propaganda.

492 2287 759 2360 Petrus
794 2281 888 2357 de
924 2278 1314 2357 Alcantara
1353 2281 1655 2356 Ordinis
1693 2283 2064 2357 Minox-um
2101 2288 2577 2361 Restaurator
2639 2285 2788 2361 fuit
2822 2341 2844 2378 ,
2908 2304 2987 2363 et
3047 2317 3091 2362 a
3151 2285 3531 2363 Clemente
3591 2289 3720 2364 DL

495 2398 1059 2477 Praedecessore
1098 2414 1353 2472 nostro
1388 2400 1584 2473 inter
1619 2398 1926 2477 Sanctos
1965 2399 2506 2477 adnumeratus.
2544 2401 2688 2476 Sed
2731 2419 2945 2497 antea
2980 2403 3383 2506 Gregorius
3436 2403 3606 2478 XV.
3636 2405 3717 2480 in

439 2573 449 2582 -
496 2520 872 2594 Canonem
907 2517 1346 2593 Sanctorum
1382 2514 1743 2601 retulerat
1780 2515 2149 2593 Teresiam
2179 2574 2200 2608 ‚
2233 2546 2422 2623 quae
2456 2516 2800 2622 singulari
2837 2544 3005 2594 cum
3056 2518 3284 2623 gloria
3348 2537 3719 2595 restaura-

498 2638 606 2716 vit
643 2635 1000 2710 Ordinem
1039 2630 1596 2708 carmelitarum
1625 2688 1648 2724 ‚
1686 2660 1913 2738 quem
1951 2652 2104 2710 tum
2140 2636 2298 2710 Viri
2327 2692 2347 2724 ‚
2383 2653 2542 2710 tum
2578 2634 2926 2712 Mulieres
2962 2636 3530 2742 profitebantur.
3565 2638 3717 2713 Ne-

494 2779 642 2856 que
681 2777 849 2826 sane
889 2747 1197 2823 multum
1238 2754 1592 2853 temporis
1629 2754 2050 2854 praeteriit,
2083 2777 2180 2826 ex
2217 2779 2368 2854 quo
2404 2751 2844 2827 Benedictus
2875 2756 3085 2828 XIII.
3123 2754 3217 2830 de
3252 2755 3476 2835 Nobis
3512 2757 3715 2859 opti-

493 2892 609 2945 me
648 2870 951 2943 meritus
987 2921 1008 2957 ,
1047 2864 1489 2940 Sanctorum
1527 2865 1876 2972 Catalogo
1910 2894 2179 2943 nomen
2216 2868 2501 2946 addidit
2532 2873 2836 2973 Joannis
2867 2901 2907 2946 a
2946 2873 3186 2947 Cruce
3215 2927 3237 2964 ‚
3281 2875 3412 2976 qui
3471 2870 3713 2977 pluri-

496 3013 698 3065 mum
731 2981 1012 3088 adjuvit
1044 3000 1369 3058 sanctam
1407 2983 1777 3059 Teresiam
1812 2989 1892 3060 in
1942 2984 2494 3063 Reformatione
2556 2989 3023 3064 Carmelitani
3084 2989 3427 3081 Ordinis,
3486 3016 3712 3092 quam

491 3107 647 3210 ipsa
686 3116 1127 3206 susceperat.
1162 3102 1273 3178 Ex
1309 3104 1596 3206 scriptis
1630 3100 2086 3179 documentis
2108 3159 2130 3195 ‚
2164 3127 2357 3206 quae
2395 3105 2600 3181 vobis
2632 3104 2897 3180 tradita
2936 3104 3250 3181 fuerunt
3272 3161 3294 3197 ‚
3330 3104 3474 3209 jam
3510 3105 3709 3181 clare

490 3220 1084 3326 deprehendistis
1116 3235 1478 3321 quantum
1517 3218 1786 3294 laboris
1819 3237 2045 3323 atque
2081 3247 2354 3325 operae
2387 3224 2655 3297 Petrus
2688 3220 3073 3327 Regalatus
3129 3223 3576 3328 impenderit
3613 3221 3708 3296 ad

472 3336 1077 3414 ¹constituendam
1115 3335 1740 3412 Reformationem
1779 3337 2075 3412 Ordinis
2104 3339 2505 3431 Minorum‚
2539 3367 2759 3443 quam
2784 3338 3198 3445 Apostolica
3236 3339 3705 3445 Sedespprae-

492 3469 841 3559 ceperat3
878 3478 1033 3556 quo
1068 3451 1310 3526 studio
1338 3507 1360 3543 ‚
1394 3476 1540 3555 qua
1578 3451 1973 3556 prudentia
2008 3509 2030 3545 ‚
2059 3482 2281 3556 quam
2297 3483 2570 3561 ,magna
2608 3456 2907 3533 Ordinis
2937 3462 3049 3534 sui
3081 3455 3395 3533 utilitate
3427 3461 3704 3562 gravis-
3825 3486 3837 3493 ·

487 3574 744 3648 simum
779 3571 924 3645 hoc
960 3569 1336 3672 negotium
1370 3567 1998 3648 administraverit.
2033 3572 2218 3647 Satis
2253 3579 2472 3648 etiam
2507 3578 2938 3678 cognovistis
2997 3602 3287 3651 morum
3345 3578 3704 3650 innocen-

490 3692 662 3777 tiam
687 3712 714 3779 3
749 3714 969 3790 quam
1005 3685 1099 3760 ab
1133 3684 1614 3792 adolescentia
1650 3685 1744 3761 ad
1782 3686 2002 3763 finem
2037 3715 2271 3793 usque
2308 3692 2498 3768 vitae
2526 3695 2886 3796 integram
2920 3696 3377 3770 conservavit
3402 3748 3423 3784 ‚
3460 3696 3704 3769 virtu-

484 3821 645 3906 tum
679 3827 956 3878 summe
993 3803 1527 3905 praestantium
1566 3801 1917 3878 assiduam
1952 3810 2550 3883 exercitationem
2586 3808 2780 3883 dona
2838 3808 3421 3915 supernaturalia
3450 3864 3472 3901 ‚
3528 3810 3701 3911 qui-

485 3919 624 4010 bus
661 3950 702 3996 a
736 3923 896 3995 Deo
931 3915 1345 3992 cumulatus
1380 3917 1527 3991 fuit
1555 3971 1576 4010 ,
1613 3918 1789 3993 dum
1826 3922 2024 3995 inter
2062 3923 2401 4001 mortales
2434 3933 2730 4030 ageret}
2766 3931 3157 4031 pretiosam
3216 3929 3436 4032 ipsius
3498 3954 3700 4003 mor-

484 4057 632 4116 tem
663 4093 685 4130 ‚
719 4053 797 4113 et
832 4032 1208 4140 praeclara
1247 4034 1591 4110 miracula
1617 4091 1639 4128 ‚
1674 4063 1864 4140 quae
1896 4056 2068 4114 ante
2107 4055 2184 4117 et
2219 4060 2387 4147 post
2415 4042 2610 4119 illam
2646 4046 3119 4147 contigerunt
3143 4099 3166 4137 ,
3201 4063 3286 4120 ut
3319 4044 3475 4149 ejus
3507 4046 3698 4122 San-

480 4159 693 4256 ctitas
724 4150 964 4258 palam
984 4151 1343 4260 ‚omnibus
1376 4154 1894 4249 innotesceret.
1926 4157 2179 4250 Quare
2214 4159 2398 4235 nihil
2434 4159 2631 4235 aliud
2666 4178 2998 4264 superest
3027 4214 3050 4252 ,
3109 4188 3328 4265 quam
3386 4181 3472 4239 ut
3527 4189 3699 4240 sen·-

479 4276 745 4359 tentias
777 4287 1050 4348 vestras
1082 4266 1177 4350 de
1214 4269 1783 4347 Canonizatione
1819 4274 2040 4378 ipsius
2071 4273 2457 4357 indicenda
2491 4277 2716 4353 Nobis
2745 4274 3149 4354 declaretis.

593 4492 741 4550 Post
768 4482 1168 4549 sanctitatem
1200 4486 1383 4546 Suam
1418 4487 1538 4545 DD.
1569 4483 1927 4551 cardinales
1967 4492 2032 4551 et
2146 4493 2362 4554 favori?
2381 4496 2593 4569 juqum
2622 4495 2697 4556 ab
2725 4495 3131 4556 adolescentia
3158 4511 3273 4555 sua
3296 4514 3321 4565 ‚-
3345 4498 3577 4556 sedebit
3611 4513 3707 4557 so·

466 4583 806 4648 Praesides
834 4591 1073 4650 'omnes
1123 4598 1202 4642 ex
1253 4577 1477 4643 ordine
1518 4579 1601 4644 de
1641 4582 1928 4666 ejusdem
1959 4589 2030 4648 Β.
2141 4590 2434 4658 titurius,
2466 4598 2526 4648 et
2553 4593 2777 4650 tacebit
2800 4634 2819 4662 ‚
2851 4594 2998 4666 quia
3023 4593 3250 4652 lavavit
3276 4607 3459 4666 super
3495 4608 3559 4651 se
3584 4611 3609 4660 3
3651 4589 3706 4653 is

468 4684 631 4747 Petri
666 4677 946 4782 Regalati
978 4681 1175 4740 Causa
1201 4677 1567 4740 sententiam
1607 4678 1934 4745 dixerunt.
2140 4689 2239 4748 est
2267 4681 2552 4766 profecto
2585 4685 2807 4748 beatus
2832 4691 3055 4750 Petrus
3083 4684 3442 4769 Regalatus‚
3474 4685 3578 4767 qui
3610 4706 3707 4749 as-

507 4821 835 4883 PETRUS
872 4817 1280 4880 ALOYSIUS
1309 4818 1645 4894 Episcopus
1683 4818 1984 4883 Albanos»-
2142 4786 2358 4891 ’ξ’θῑῦὓ
2385 4779 2466 4892 nb·
2491 4778 2746 4891 infantia
2776 4780 3075 4892 pietatem
3105 4781 3350 4893 colere,
3380 4790 3444 4845 et
3475 4780 3708 4847 suavis-

866 4918 952 4977 sis
982 4916 1320 4979 cardinalis
1358 4918 1587 4994 Carasa
1613 4961 1630 4978 .
2142 4894 2374 4939 ''mm'‘
2403 4876 2652 4940 d'v'uffl
2678 4876 2837 4960 ¹08¹⁸
2864 4897 3085 4960 iugum
3116 4897 3254 4942 ⁸¹⁰0
3290 4877 3419 4942 ⁰¹¹8
3462 4884 3705 4942 contra-

2106 5025 2111 5034 .
2142 4969 2419 5036 dictione
2453 4972 2670 5035 subire
2691 5014 2712 5046 ‚
2742 4977 3057 5036 solitarius
3085 4978 3278 5046 sedit,
3307 4974 3423 5038 hoc
3454 4983 3591 5049 est,
3620 4975 3701 5040 ab

597 5067 659 5134 Si
701 5065 843 5150 quis
884 5085 1156 5147 unquam
1188 5065 1253 5127 in
1286 5085 1353 5129 se
1381 5065 1829 5150 compleverit,
1860 5066 2028 5152 qnod
2143 5067 2316 5132 omni
2347 5087 2559 5131 rernm
2591 5074 2979 5134 terrenarum
3011 5069 3272 5152 strepitu
3304 5069 3550 5135 solutus
3572 5114 3592 5144 ,
3636 5071 3703 5134 in

466 5163 778 5229 letemias
805 5160 970 5230 dixit
989 5160 1118 5248 (a)=
1153 5164 1390 5226 Bonum
1420 5175 1509 5227 ost
1532 5165 1710 5242 Vtro,
1732 5184 1869 5268 sym
1886 5181 2032 5244 por·
2143 5166 2533 5251 seraphicum
2591 5166 2994 5232 solitudinem
3051 5188 3123 5233 se
3171 5169 3457 5245 abdidit,
3511 5179 3702 5252 atque

569 5388 654 5461 (a)
699 5378 900 5444 Thre'n.
930 5404 1051 5459 up.
1080 5386 1132 5441 8.
1160 5405 1218 5440 v.
1245 5385 1336 5441 2⁷.
1363 5400 1418 5441 ce
1438 5387 1530 5442 2⁸.
