4442 6300
1592 515 1936 585 Qnmons
1976 515 2439 571 unc-roam
2481 516 2648 569 nro.
3458 516 3568 570 sss

520 658 744 724 Edicto
770 658 1145 725 intimandae
1170 704 1189 732 ‚
1220 659 1396 724 statis
1428 660 1556 725 suis
1602 680 1889 743 quaeque
1948 661 2076 726 die·

527 759 645 821 bus
678 758 753 821 ad
785 778 924 820 enm
956 757 1300 822 Ecclesiam
1325 800 1347 832 ‚
1375 758 1486 821 ubi
1535 776 1720 823 mane
1769 760 1958 824 Missa
2012 759 2074 821 in

522 852 823 918 bonorem
847 855 1290 937 ‘Apostolorum
1320 855 1641 920 celebrata
1690 856 1878 921 tuerit
1906 900 1927 928 ,
1978 855 2079 936 pie

524 964 595 1013 ar,
626 951 852 1016 devote
883 951 1241 1032 procedant.
1276 952 1552 1035 Singulis
1580 960 1789 1018 autem
1829 951 2080 1018 Contra-

470 1122 483 1131 „
520 1048 728 1113 tribus
758 1049 1311 1131 processionaliter
1337 1051 1781 1115 accedentibus
1835 1058 2076 1132 septem

521 1165 716 1209 annos
746 1154 803 1207 et
838 1146 1099 1211 totidem
1130 1148 1602 1230 quadragenas,
1631 1155 1695 1212 et
1747 1148 1889 1211 aliis
1947 1168 2080 1212 om-

523 1242 708 1307 nibus
736 1244 1061 1325 utriusque
1110 1264 1299 1308 sexus
1353 1244 1877 1311 christifidelibus
1933 1263 2081 1308 vere

519 1340 987 1423 poenitentibus
1014 1349 1079 1404 et
1105 1339 1416 1409 confessis
1438 1384 1459 1413 ‚
1489 1342 1595 1423 qui
1625 1342 1916 1406 eamdem
1968 1347 2082 1405 Ec·

524 1436 780 1502 riesiam
803 1480 823 1510 ‚
854 1436 961 1500 ubi
991 1435 1341 1501 Statio-erit
1365 1480 1387 1510 ‚
1430 1438 1732 1520 religiose
1793 1437 2081 1501 visitave-

523 1532 646 1596 rint
669 1576 691 1606 ,
722 1532 802 1596 de
830 1532 1278 1616 omnipotentis
1304 1532 1417 1595 Dei
1449 1532 1879 1598 misericordia
1937 1550 2081 1597 con·

522 1627 618 1694 fisi
646 1641 892 1695 eentum
925 1630 1065 1695 dies
1099 1629 1177 1692 de
1208 1629 1503 1713 injunctis
1559 1629 1694 1703 eis,
1755 1639 1863 1694 aut
1924 1628 2082 1692 alias

520 1728 992 1809 quomodolibet
1026 1726 1269 1792 debitis
1295 1727 1701 1809 poenitentiis
1732 1725 2082 1791 misericor-

520 1824 681 1890 diter
708 1825 771 1887 in
803 1824 1069 1889 Domino
1094 1823 1473 1889 relaxamus.

643 1927 969 1986 uouemus
998 1928 1207 1989 autem
1231 1920 1295 1982 in
1315 1920 1584 1985 Domino
1608 1963 1630 1993 ‚
1661 1927 1721 1985 et
1752 1918 2086 1984 instantius

523 2038 812 2101 rogamus
836 2062 855 2088 .
886 2038 1105 2083 omnes
1134 2016 1601 2083 Cbristitideles
1628 2019 1689 2081 in
1722 2017 1835 2084 bac
1892 2016 2078 2081 Alma

520 2117 681 2181 Urbe
712 2123 890 2179 natos
916 2122 982 2183 et
1012 2123 1507 2183 commorantes.
1536 2124 1605 2180 ut
1640 2115 1745 2198 pia
1771 2116 2081 2199 majorum

522 2212 809 2294 exempla
838 2213 899 2273 in
934 2212 1333 2276 veneratione
1367 2232 1514 2295 erga
1547 2212 1769 2277 beatos
1824 2219 2083 2294 Aposto-

520 2307 617 2372 los
644 2305 944 2373 laudabili
975 2307 1178 2371 studio
1205 2306 1597 2372 aemulantes
1655 2308 1720 2370 in
1783 2308 2082 2375 Ecclesiis

523 2420 559 2469 a
587 2400 783 2470 Nobis
813 2403 1176 2468 constitutis
1217 2403 1445 2468 devota
1504 2403 1876 2469 celebritate
1935 2425 2078 2469 con-

522 2504 768 2566 veniant
789 2544 810 2572 ..
839 2507 904 2566 et
935 2498 1254 2584 spirituali
1286 2501 1527 2565 laetitia
1557 2500 1915 2566 exultantes
1955 2502 2084 2567 lau-

522 2598 866 2680 dantesque
898 2604 1096 2660 Deum
1119 2641 1141 2671 ‚
1172 2598 1279 2679 qui
1309 2597 1693 2682 glorificatur
1721 2597 1783 2660 in
1840 2600 2082 2663 Sanctis

524 2695 689 2766 suis,
720 2699 960 2759 tantam
989 2693 1230 2758 Natalis
1258 2693 1388 2758 diei
1419 2692 1865 2776 Apostolorum
1924 2694 2087 2760 rele-

530 2792 719 2856 brent
748 2790 1235 2856 solemnitatem.
1266 2791 1593 2874 Siquidem
1625 2790 1711 2856 de
1762 2794 2083 2875 praesidio

519 2890 825 2955 Divinitus
857 2889 1050 2953 Nobis
1082 2889 1160 2952 ad
1191 2888 1550 2969 exemplum
1605 2890 1946 2971 patientiae
1968 2933 1989 2965 ‚
2021 2902 2121 2965 et-

524 2986 1063 3052 coufirmationem
1102 2982 1248 3047 fidei
1304 2990 1679 3068 praeparato
1735 2986 1799 3048 in
1860 2985 2080 3053 borum

525 3082 902 3149 excellentia
950 3088 1202 3145 Patrum
1265 3082 1493 3149 merito
1551 3089 1652 3149 est
1706 3084 2088 3153 exultantius

528 3183 919 3268 gloriandum
942 3224 963 3252 ,
997 3199 1155 3262 quos
1180 3180 1384 3263 gratia
1417 3180 1528 3246 Dei
1560 3180 1622 3243 in
1664 3188 1896 3247 tantam
1951 3183 2087 3247 alti-

524 3282 798 3345 tudinem
831 3277 1164 3361 provexit,
1196 3284 1264 3342 ut
1292 3276 1512 3340 borum
1573 3277 1758 3343 alteri
1794 3300 2084 3364 magnum

522 3387 588 3446 et
619 3375 905 3441 mirabile
934 3373 1317 3448 consortium
1340 3374 1656 3455 potentiae
1680 3396 1829 3440 suae
1852 3378 2091 3443 tribue-

524 3464 601 3542 rit
630 3474 849 3539 Divina
877 3470 1204 3555 dignati03
1232 3469 1395 3534 alter
1410 3492 1562 3536 vero
1577 3479 1702 3538 Vas
1724 3472 2086 3551 electionis,

520 3568 911 3655 etspecialis
942 3573 1170 3631 Doctor
1200 3566 1489 3631 Gentium
1520 3587 1793 3649 superno
1825 3571 2085 3636 oraculo

523 3679 589 3735 et
616 3664 878 3734 caelesti
903 3663 1207 3729 sententia
1236 3661 1430 3728 fuerit
1462 3663 1849 3747 designatus.
1902 3672 2079 3732 Prae-

523 3779 699 3833 terea
731 3760 1129 3827 meminerint
1157 3779 1343 3841 saepe
1373 3760 1532 3826 banc
1561 3763 1791 3826 Urbem
1847 3765 2083 3847 potenti

526 3861 967 3948 Apostolorum
1000 3859 1390 3940 protectione
1420 3879 1457 3924 a
1515 3860 1937 3925 Barbarorum
1999 3863 2088 3926 in·

523 3961 811 4028 cursibus
832 4001 854 4033 ‚
882 3978 917 4022 a
946 3956 1143 4023 caede
1165 3999 1188 4031 ,
1215 3976 1252 4021 a
1283 3954 1773 4039 depopulatione
1796 4002 1819 4033 ‚
1852 3960 1935 4025 ab
1991 3961 2082 4024 in.

523 4058 760 4125 cendiis
778 4101 798 4130 ‚
825 4078 861 4121 a
892 4053 1380 4120 terraemotibus
1408 4052 1678 4137 aliisque
1737 4055 2086 4125 innumeris

520 4155 818 4243 periculis
844 4160 908 4218 et
934 4150 1399 4218 calamitatibus
1425 4150 1780 4216 liberatam.
1813 4160 1880 4218 tn
1910 4176 2083 4219 men-

524 4267 651 4324 tem
682 4257 974 4319 revocent
1003 4249 1330 4314 innumera
1361 4247 1471 4314 illa
1498 4247 1781 4333 prodigia
1809 4258 1877 4314 et
1937 4272 2075 4336 gra-

524 4354 668 4427 tias,
690 4370 845 4434 quas
864 4348 944 4415 ad
969 4345 1234 4431 gloriam
1258 4351 1590 4411 servorum
1613 4366 1870 4412 suornm
1892 4355 2085 4415 Bran.

524 4452 782 4517 deorum
804 4490 825 4520 ‚
856 4446 956 4512 vel
992 4450 1364 4510 catenarum
1395 4451 1682 4509 contactu
1707 4488 1729 4519 ‚
1789 4446 1888 4510 vel
1946 4448 2083 4514 sola

526 4551 852 4620 oratione,
884 4553 992 4611 aut
1022 4541 1295 4607 nominis
1342 4542 1736 4609 invocatione
1797 4546 2087 4630 antiquo-

523 4653 662 4712 rum
697 4643 1000 4709 Fidelium
1036 4641 1235 4724 pietas
1267 4657 1339 4703 ac
1369 4640 1623 4706 devotio
1675 4644 1756 4706 ab
1805 4645 2085 4728 omnipo-

523 4745 678 4810 tenti
715 4749 844 4806 Deo
873 4739 1174 4804 obtinuit.
1207 4743 1468 4801 Demum
1501 4739 1565 4800 iu
1618 4741 1922 4805 memoria
1980 4742 2087 4806 ba-

532 4846 719 4908 beant
778 4839 973 4903 verba
1005 4834 1114 4899 illa
1171 4840 1240 4898 B.
1299 4836 1522 4899 Leonis
1578 4838 2087 4905 Praedecessoris

529 4938 737 5006 Nostri
772 4937 848 5001 ad
880 4943 1223 4998 Romanum
1252 4931 1562 5015 Populum
1598 4954 1677 4997 ex
1705 4935 1874 4999 beati
1916 4937 2082 5000 Petri

527 5034 828 5101 Cathedra
855 5026 1187 5096 clamantis
1217 5036 1283 5091 et
1311 5027 1609 5092 dicentisz
1639 5019 1735 5114 (a)
1763 5035 1932 5095 Licet
1965 5051 2088 5096 om-

524 5153 666 5196 nem
693 5133 1029 5194 Ecclesiam
1053 5171 1073 5200 ,
1103 5144 1257 5205 quas
1285 5131 1355 5187 in
1384 5136 1509 5192 τωο
1543 5139 1629 5190 est
1662 5128 1824 5193 om
1860 5134 2068 5194 Tom-

533 5251 666 5296 νυνι
690 5275 711 5304 ,
740 5232 974 5292 cunctis
1008 5234 1284 5302 oporteat
1309 5229 1515 5301 florere
1560 5227 1884 5289 virtutibus
1910 5250 1935 5300 ,-
1978 5248 2084 5290 vos

711 5425 794 5496 (a)
829 5426 881 5478 S.
915 5425 1027 5476 Leo
1058 5421 1227 5472 Serm,
1259 5419 1340 5469 11.
1373 5418 1430 5469 in
1459 5417 1550 5470 die
1576 5383 1853 5492 Assumpt-

2200 671 2404 725 tamen
2424 664 2753 737 praecipue
2781 664 2949 725 inter
2975 670 3205 725 ceteros
3254 666 3526 739 populos
3583 664 3752 721 decet

2188 762 2416 820 meritis
2440 763 2702 834 pietatis
2730 763 3066 834 excellere,
3091 766 3243 838 quos
3302 763 3370 819 s’n
3400 762 3541 835 ipsa
3596 758 3748 830 Apo-

2188 858 2441 918 aeolicae
2467 867 2679 931 petras
2711 874 2848 917 arcs
2871 859 3154 934 fundatos
3177 898 3199 928 ‚
3230 866 3289 917 et
3314 858 3603 918 Dominus
3624 854 3752 913 No·

2194 964 2322 1014 sur
2345 954 2530 1013 Issus
2566 955 2850 1013 Christus
2878 971 3010 1014 curu
3039 958 3318 1016 omnibus
3372 956 3658 1021 redemit,
3691 958 3750 1009 et

2190 1053 2400 1112 beatu
2436 1050 2768 1126 Apostolus
2805 1052 3016 1113 Pemss
3039 1067 3189 1128 pras
3223 1055 3509 1113 omnibus
3558 1050 3751 1109 erudi·

2189 1152 2301 1208 vit.
3609 1154 3618 1159 ’

2214 1288 2230 1307 .
2320 1245 2595 1306 Caveant
2624 1240 2810 1324 igitur
2832 1285 2853 1313 ,
2885 1260 2964 1305 ne
2984 1243 3219 1307 sanctis
3249 1260 3510 1307 suorum
3539 1243 3749 1303 Pasto-

2196 1359 2332 1403 rum
2368 1339 2623 1402 monitis
2651 1337 3143 1422 inobsequentes
3167 1383 3186 1413 ‚
3219 1359 3296 1404 ne
3338 1339 3752 1401 immemores

2197 1434 2651 1499 beneficiorum
2686 1436 2839 1511 Dei,
2869 1454 2949 1504 ne
2983 1435 3320 1520 irreligiosi
3349 1455 3496 1517 erga
3525 1439 3752 1495 Servos

2195 1532 2331 1616 ejus
2363 1538 2481 1596 BB.
2516 1532 2853 1615 Apostolos
2876 1575 2896 1605 ‚
2939 1544 3005 1598 et
3059 1532 3390 1598 absimiles
3446 1530 3753 1614 Ueiorum

2192 1631 2407 1714 pietati
2443 1630 2849 1694 inveniantur.
2879 1636 3173 1715 Magnum
3204 1631 3371 1695 enim
3406 1625 3752 1711 periculum

2194 1735 2291 1793 est
2318 1771 2340 1802 ‚
2369 1748 2512 1794 esse
2542 1728 2826 1792 homines
2857 1748 2970 1812 per
3001 1726 3383 1792 oblivionem
3415 1722 3751 1790 beneflcio·

2154 1834 2155 1837 ’
2198 1846 2336 1891 rum
2366 1825 2642 1912 ingratos
2670 1832 2800 1890 Deo
2823 1869 2844 1899 ‚
2873 1834 2938 1890 et
2960 1825 3166 1889 Servis
3195 1825 3334 1909 ejus
3361 1869 3381 1899 ,
3409 1843 3523 1886 nec
3552 1840 3757 1885 corre·

2195 1922 2410 2004 ptione
2429 1921 2684 2006 corrigi,
2720 1941 2836 1986 nec
2863 1923 2944 1985 de
2963 1920 3178 2005 gratiis
3194 1919 3530 1985 recordari.
3552 1917 3757 1982 Sciant
3839 1932 3844 1937 ·

2197 2019 2471 2101 denique
2493 2062 2515 2092 ,
2545 2019 2712 2102 quod
2745 2019 2970 2084 beatos
2998 2018 3333 2102 Apostolos
3353 2058 3376 2092 ‚
3427 2016 3534 2098 qui
3593 2012 3754 2096 apud

2197 2124 2394 2182 Deum
2423 2115 2872 2182 intercessores
2901 2116 3019 2179 sibi
3055 2134 3196 2180 esse
3218 2134 3343 2181 non
3370 2120 3591 2185 curat,
3621 2131 3762 2176 sua·

2199 2234 2335 2279 rum
2367 2212 2689 2296 culparum
2722 2232 2976 2278 severos
3008 2214 3265 2278 ludices
3324 2206 3489 2276 babe
3503 2212 3636 2283 bit,
3693 2215 3761 2273 et

2198 2332 2361 2395 quos
2388 2310 2831 2378 conciliatores
2857 2328 3163 2393 supernae
3197 2308 3624 2374 miserationis
3652 2306 3760 2381 ba·

2194 2410 2352 2473 bere
2379 2407 2771 2483 contemnit,
2803 2407 3079 2473 offensae
3128 2405 3475 2490 majestatis
3528 2406 3762 2471 sentiet

2194 2505 2455 2570 ultores.
3279 2504 3286 2511 '
3357 2538 3360 2541 Δ

2320 2601 2494 2667 Nulli
2519 2618 2673 2687 ergo
2703 2600 2959 2667 omnino
2981 2600 3313 2665 bominum
3347 2600 3546 2665 liceat
3600 2600 3760 2664 banc

2196 2700 2483 2785 paginam
2509 2707 2762 2763 nostrae
2792 2698 3275 2763 constitutionis
3299 2740 3321 2772 ‚
3352 2697 3615 2768 decreti,
3645 2703 3763 2759 sta-

2195 2797 2360 2870 tuti,
2387 2795 2779 2860 definitionis
2800 2840 2823 2868 ,
2853 2795 3217 2859 monitionis
3240 2838 3260 2868 ‚
3292 2801 3357 2860 et
3415 2793 3762 2857 voluntatis

2198 2892 2582 2977 infringere,
2610 2890 2713 2955 vel
2746 2890 2805 2955 ei
2839 2909 2995 2954 ausu
3028 2890 3367 2957 temerario
3396 2889 3758 2954 contraires

2197 2991 2258 3056 Si
2286 2992 2431 3072 quis
2457 2997 2667 3055 autem
2708 2988 2825 3052 boc
2880 2994 3190 3052 attentare
3222 2985 3774 3070 praesumpserit,-

2198 3087 2688 3173 indignationem
2715 3084 3164 3168 omnipotentis
3192 3084 3301 3150 Dei
3332 3127 3353 3158 ,
3385 3082 3476 3150 'ac
3531 3086 3746 3150 beato-

2198 3204 2334 3247 rum
2366 3184 2532 3248 Petri
2557 3226 2578 3256 ‚
2601 3191 2668 3250 et
2691 3181 2863 3246 Pauli
2893 3180 3344 3263 Apostolorum
3376 3179 3517 3265 ejus
3549 3203 3619 3246 se
3648 3202 3759 3247 no·

2197 3280 2363 3346 verit
2387 3279 2803 3344 incursurum.
2841 3284 3064 3344 Datum
3094 3287 3333 3344 Romae
3364 3278 3526 3361 apud
3557 3271 3765 3345 &Ma-

2198 3378 2354 3448 riam
2384 3376 2685 3461 Maiorem
2717 3391 2881 3441 anno
2907 3377 3358 3442 Incamationis
3400 3377 3761 3442 Dominieae

2202 3475 2544 3540 millesimo
2563 3472 3115 3555 septingentesimo
3133 3473 3619 3556 quadragesimo
3640 3483 3765 3538 ter·

2194 3575 2297 3640 tio
2326 3571 2614 3639 Calendis
2639 3569 2875 3654 Aprilis
2905 3569 3307 3637 pontificatus
3335 3571 3547 3636 Nostri
3601 3590 3763 3637 anno

2196 3670 2405 3736 tertio.
2765 3707 2774 3714 -
3013 3689 3020 3698 ·

2200 3872 2268 3931 P.
2298 3862 2482 3929 card.
2507 3861 2925 3927 Prodstsrius.
3045 3866 3117 3925 D.
3150 3860 3331 3927 Cerd-
3359 3861 3757 3928 Passionens.

2325 4062 2499 4121 vtsA
2531 4061 2633 4118 DE
2660 4057 2910 4119 cunlA.

2320 4159 2396 4220 N.
2425 4150 2811 4219 Antonellus.

3105 4350 3163 4411 J.
3196 4351 3265 4412 Β.
3291 4348 3631 4434 Bugenlns.

2398 4549 2749 4624 quistrata
2777 4548 2846 4607 ie
2877 4545 3224 4608 soe-otardo
3255 4545 3564 4607 Breuem.

2326 4740 2495 4803 Auno
2524 4758 2565 4803 u
2589 4739 2929 4803 Naaman
2968 4741 3042 4800 D.
3071 4739 3150 4800 Ν.
3188 4739 3393 4800 1881?
3418 4741 3765 4803 CHRISTI

2198 4842 2518 4902 mitissimo
2547 4840 3070 4915 ”minutissimo
3098 4840 3558 4914 quadragesimo
3586 4845 3762 4902 tertio

2201 4939 2542 4999 mistione
2573 4940 2789 5011 quinta
2819 4938 2912 4994 (lis
2939 4949 3082 4996 vero
3120 4933 3516 5008 tadwine,
3549 4936 3761 4996 Ponti-

2199 5037 2420 5112 μακε
2433 5042 2636 5096 aarum
2669 5032 3059 5092 sanctissimi
3081 5034 3150 5092 is
3203 5032 3445 5092 Christo
3513 5032 3716 5093 Panis
3736 5075 3759 5106 ,

2197 5139 2261 5192 st
2289 5134 2360 5191 D.
2394 5132 2475 5191 N.
2507 5131 2576 5190 D.
2606 5130 3026 5190 BENBDtCTI
3093 5130 3327 5189 Divina
3376 5129 3766 5192 Providentia

2204 5231 2325 5289 ΡΡ.
2359 5229 2452 5290 11
2462 5231 2522 5290 V.
2554 5226 2721 5288 Anno
2766 5227 2959 5287 Tertio
2979 5267 3001 5297 ,
3029 5241 3174 5301 supr
3187 5221 3399 5288 edicta
3458 5229 3764 5290 Constitu-
