4442 6300
994 497 1108 557 ὀὗ

820 645 1247 721 Catharieam,
1274 643 1383 711 illa
1411 664 1751 728 numquam
1783 646 1939 712 satis
1997 647 2247 716 laudata
2269 695 2292 725 ‚
2325 659 2391 717 et

2026 503 2235 561 ACTA
2273 506 2932 563 canomannoms

2445 684 2452 715 ι
2505 652 2805 716 rimorum
2833 650 3202 718 Pontificum
3232 652 3441 719 studio
3468 662 3650 721 antea
3671 653 4053 729 inchoatum,

821 762 858 806 a
889 746 1371 807 SANCTITATE
1396 749 1702 809 VESTRA
1732 744 1963 810 litteris
1989 755 2056 811 et
2087 748 2392 832 dignitate
2444 720 2452 869 ἓ
2499 770 2616 832 pro
2644 770 2888 816 summa
2918 771 3042 833 qua
3073 751 3277 833 polles
3317 753 3678 833 Apostolica
3737 757 4068 820 auetorita-

817 837 1130 904 illustrata
1153 883 1175 913 ,
1206 839 1439 925 inclyta
1468 840 1653 904 simul
1685 863 1758 906 ac
1784 841 2023 908 famosa
2071 845 2388 921 Bononia3

820 954 1093 1016 aequum
1123 946 1261 1001 erat
1284 980 1305 1009 ,
1334 942 1836 1001 SANcTtssutE
1869 946 2116 1004 PATER
2137 985 2159 1014 ‚
2192 952 2262 1005 ut
2311 942 2393 1006 de

819 1053 933 1097 aua
969 1032 1222 1096 deinum
1247 1077 1269 1106 ‚
1299 1053 1484 1116 quam
1519 1039 1649 1097 Deo
1680 1035 1889 1117 potius
1911 1080 1933 1109 ‚
1964 1058 2153 1119 qnam
2215 1044 2392 1103 Hun-

821 1130 905 1193 do
932 1131 1212 1213 peperit,
1244 1131 1567 1195 catharina
1598 1142 1917 1196 mereatur
1945 1134 2257 1199 Florentia
2283 1135 2392 1201 ba-

819 1227 979 1291 bere
1010 1228 1308 1311 suffragia
1333 1236 1399 1292 et
1428 1228 1705 1311 gaudere
1742 1230 2081 1312 triumpho.
2118 1238 2196 1295 Et
2251 1234 2391 1315 qui-

817 1326 975 1390 dem
1003 1323 1327 1408 profecto,
1357 1345 1499 1389 nam
1529 1326 1718 1390 sicuti
1753 1336 2000 1392 ceterae
2028 1326 2216 1412 hujus
2277 1350 2388 1395 no·

817 1424 1011 1488 minis
1039 1423 1206 1485 inter
1231 1422 1561 1488 AEtbereos
1613 1424 1933 1508 virgiuum
1994 1424 2235 1491 Cboros
2255 1470 2277 1500 ‚
2321 1436 2390 1493 et

816 1539 1231 1603 unaquaeque
1260 1540 1376 1603 pro
1409 1519 1664 1585 modulo
1699 1543 1812 1587 suo
1844 1525 2204 1588 sanctitatis
2257 1524 2387 1589 lau-

813 1639 926 1685 rea
953 1617 1242 1702 insignita
1273 1617 1487 1682 rutilat
1512 1627 1703 1701 atque
1732 1631 2054 1695 coruscat;
2088 1621 2388 1685 Florenti-

2501 857 2609 920 te‚
2640 848 2903 912 solemni
2933 849 3184 913 tandem
3235 849 3739 915 canonizationis
3799 858 4058 917 Decreto

2502 944 2691 1009 video
2719 943 3202 1010 absolvendum.

2530 1138 2902 1200 HICHAEL
2930 1138 3188 1200 unu*
3238 1141 3587 1201 Vincentia&
3616 1143 4039 1220 &rutupina-

2830 1254 2954 1313 μισ
2990 1240 3360 1299 Theodorias
3394 1239 3723 1302 desiccans.

2619 1425 3190 1492 Praeclarissimam
3218 1448 3369 1494 sane
3398 1429 3791 1496 intuebimur
3819 1438 3886 1496 B.
3931 1432 4062 1496 Vir-

2498 1539 2639 1583 nem
2669 1524 3057 1588 catharinam
3091 1527 3169 1590 de
3197 1525 3419 1591 Ricciis
3439 1570 3462 1602 ‚
3493 1527 3545 1591 si
3603 1526 3835 1592 fortem
3899 1529 4058 1593 ultra

2493 1636 2683 1681 sexus
2712 1619 3212 1685 imbecillitatem
3239 1624 3414 1687 omni
3447 1625 3508 1685 in
3534 1625 3841 1687 virtutum
3875 1645 4059 1707 gene·

816 1740 895 1783 na
927 1717 1117 1801 Virgo
1148 1716 1376 1778 nemini
1408 1715 1662 1783 illarum
1715 1718 1993 1782 secunda
2013 1760 2035 1792 ‚
2095 1729 2158 1783 et
2215 1721 2386 1804 ejus·
2493 1733 2559 1777 re
2591 1736 2788 1796 aeqmi
2820 1718 2994 1782 lance
3014 1720 3490 1800 perpendamus.
3513 1724 3747 1785 Verum
3776 1723 4058 1804 inspecta

813 1817 963 1881 dem
993 1814 1262 1880 nominis
1298 1812 1592 1877 decorata
1625 1814 1955 1888 vocabulo,
1992 1819 2382 1899 quaequeab
2492 1832 2612 1892 qua
2643 1812 2908 1878 mirifice
2934 1818 3261 1880 aestuabat
3294 1818 3358 1879 in
3389 1824 3583 1883 Deum
3613 1818 3917 1883 charitate
3940 1858 3962 1891 ‚
3988 1839 4061 1883 ac

809 1912 1076 1978 iufamia
1102 1911 1432 1994 ,angelicae
1465 1909 1873 1994 perfeetionis
1922 1933 2066 1979 rore
2125 1914 2382 1997 pon-fu„
2488 1906 2814 1991 impressis
2841 1912 3152 1977 Passionis
3181 1913 3409 1977 Christi
3442 1914 3728 1994 vestigiis
3771 1916 4057 1997 virgineo

814 2010 1107 2077 Custodia
1138 2006 1355 2090 Angeli
1398 2009 1631 2072 meruit
1680 2010 1953 2091 gaudere
2010 2012 2327 2076 consortio
2356 2015 2374 2075 l
2488 2001 2556 2065 5¹¹
2577 2023 2841 2085 0011)οΝ
2863 2047 2886 2079 2
2919 2026 3031 2071 ¹¹⁶⁰
3060 2028 3180 2072 ⁰⁰¹1
3210 2007 3659 2089 frequentibus
3684 2032 3832 2078 cum
3863 2018 4060 2093 Spon-

810 2117 1109 2189 Quaeque
1141 2114 1349 2170 tantae
1377 2126 1450 2169 ac
1478 2115 1601 2168 tam
1633 2105 1901 2170 eximiae
1958 2108 2246 2190 puritatis
2300 2108 2380 2173 si-

2489 2120 2562 2165 ae
2588 2106 2739 2165 lesu
2772 2123 2844 2166 ac
2877 2104 3134 2184 Deipara
3165 2104 3536 2187 colloquiis,
3586 2108 3754 2172 haud
3825 2108 4053 2173 mirum

809 2204 1111 2292 g‘naculm
1143 2224 1284 2267 cum
1315 2202 1447 2283 pari
1476 2203 1843 2269 obedientia
1892 2212 1958 2270 et
2008 2214 2376 2287 paupertate
2483 2204 2623 2271 0⁸1,
2653 2199 2706 2267 si
2735 2200 3004 2264 addendi
3063 2200 3380 2284 virginem
3441 2207 4052 2285 praestantissimam

806 2325 883 2369 ac
908 2300 1261 2365 humilitate
1286 2298 1667 2382 conjuncta,
1726 2320 1851 2366 non
1908 2304 2100 2367 modo
2160 2305 2375 2386 Deipa-

806 2421 942 2466 ram
972 2401 1170 2484 ipsam
1205 2397 1713 2481 conspiciendam
1735 2441 1756 2471 ‚
1788 2399 2330 2480 contemplandam
2352 2444 2372 2474 ‚

806 2496 1455 2579 colloquendamqne‚
1516 2494 1628 2557 sed
1682 2502 1950 2559 Puerum
2012 2503 2229 2560 lesum
2288 2499 2372 2562 ab

804 2597 945 2679 ipsa
979 2593 1237 2675 Deipara
1266 2592 1328 2654 in
1360 2591 1497 2655 sinu
1528 2590 1665 2674 ejus
1693 2591 2120 2658 amantissime
2175 2594 2373 2659 collo·
2403 2618 2406 2621 ’

803 2700 1011 2758 ωιυπι
1043 2688 1276 2753 meruit
1303 2682 1689 2752 confidenter
1716 2687 1950 2754 babere
1975 2732 1996 2763 ,
2056 2689 2372 2755 familiari-

798 2797 902 2855 ter
929 2785 1208 2868 alloqui,
1238 2792 1306 2850 et
1358 2784 1636 2867 pretioso
1694 2784 2083 2867 caelestique
2138 2787 2370 2853 annulo

800 2886 947 2950 data
975 2885 1234 2948 dextera
1264 2883 1454 2965 digna
1481 2879 1600 2944 fuit
1633 2882 2043 2966 desponsari!
2073 2889 2372 2966 Quaeque

798 2981 1129 3068 privilegio
1157 2981 1390 3045 amoris
1411 2981 1728 3064 praecipui
1756 2979 1992 3045 ceteris
2010 2980 2195 3045 altius
2223 2987 2374 3054 cru·

799 3080 967 3147 cilixi
995 3079 1392 3144 dulcissimos
1420 3085 1484 3141 et
1515 3080 1634 3141 sub
1667 3079 1922 3143 nomine
1956 3085 2233 3162 Sponsae
2262 3081 2372 3144 ob·

802 3180 995 3244 tinuit
1022 3176 1351 3259 amplexus
1372 3218 1395 3249 ‚
1421 3184 1490 3239 et
1519 3193 1736 3242 sacrae
1769 3177 2236 3258 Redemptionis
2256 3178 2370 3242 Sti-

804 3282 1010 3357 gmata
1032 3318 1054 3348 ‚
1084 3274 1330 3356 aliaque
1365 3272 1670 3337 Passionis
1697 3273 1961 3356 vestigia
1990 3274 2054 3336 in
2102 3295 2367 3356 corpore

800 3373 1111 3455 impressa
1129 3415 1150 3445 ‚
1206 3389 1350 3435 cum
1391 3369 1615 3434 suimet
1670 3369 1866 3450 ipsius
1896 3370 2369 3452 Redemptionis

797 3468 1071 3552 imagine
1101 3466 1162 3529 in
1193 3486 1309 3530 suo
1335 3463 1511 3528 vultu
1545 3465 1791 3547 depicta
1821 3474 1889 3529 et
1938 3475 2364 3546 repraesenta·

798 3575 867 3630 ta
895 3566 1185 3649 gestare!
1225 3568 1376 3625 lure
1409 3561 1676 3624 dixerim
1706 3561 1875 3642 quod
1909 3569 2000 3625 lot
2028 3561 2370 3627 charisma-

798 3671 932 3727 tum
964 3661 1219 3725 dotibus
1241 3702 1263 3731 ‚
1289 3667 1385 3723 tot
1412 3656 1765 3721 sanctitatis
1791 3656 2159 3723 clarissimis
2185 3679 2368 3744 argu·

802 3758 1035 3824 mentis
1060 3756 1455 3835 testibusque
1486 3753 1795 3825 oculatis,
1837 3775 1977 3818 cum
2039 3754 2370 3822 miraculo-

799 3877 943 3921 rum
974 3854 1204 3937 quibus
1225 3848 1529 3916 catholica
1556 3850 1717 3914 fides
1747 3851 2103 3925 roboratur,
2136 3864 2200 3916 et
2223 3859 2370 3918 San·

803 3962 1047 4017 ctorum
1100 3946 1324 4011 merita
1382 3947 1871 4028 comprobantur
1942 3948 2363 4026 auctoritate;

802 4047 1167 4114 Catharinae
1198 4042 1569 4108 admirabile
1600 4061 1832 4108 nomen
1863 4051 2222 4111 Sanctarum
2263 4047 2369 4112 ad-

808 4144 1122 4213 scribatur
1147 4142 1210 4205 in
1241 4139 1482 4225 agmine
1509 4182 1531 4214 ,
1561 4149 1630 4205 et
1656 4139 1984 4226 virginum
2024 4140 2368 4226 excipiatur

807 4240 877 4307 in
904 4238 1170 4325 gremio.
1498 4265 1503 4272 ·

836 4433 1411 4499 FERDINANDUS
1441 4432 1560 4493 ΜΔ
1573 4429 1714 4492 Ru
1746 4435 1817 4493 do
1851 4433 2070 4497 Rubria
2096 4433 2337 4495 Archis-

1152 4536 1447 4609 piscosas
1485 4532 1664 4591 Tarsi
1685 4531 2005 4591 habeam.

926 4725 1385 4787 BEATtssmE
1415 4724 1687 4783 PATER.
1718 4719 1966 4785 Pinries
2002 4718 2082 4783 de
2111 4718 2361 4786 virtuti·

798 4823 920 4888 hus
948 4827 1013 4886 et
1046 4817 1365 4884 miraculis
1391 4823 1462 4881 B.
1494 4816 2239 4882 catharinaeinstaurato
2263 4817 2363 4901 ju·

799 4919 966 4984 dicio
986 4959 1008 4991 ,
1033 4914 1533 4999 pronunciatum.
1561 4922 1800 4981 Rursus
1828 4912 2129 4980 mandato
2188 4920 2363 4982 SAN-

800 5019 1153 5082 CTlTATlS
1183 5019 1349 5077 TUAE
1380 5010 2130 5094 redintegrato.examine
2154 5053 2177 5085 ‚
2220 5033 2361 5096 pro-

797 5113 929 5179 lata
945 5111 1256 5177 sententia
1274 5117 1391 5175 est.
1414 5116 1506 5173 lta
1530 5107 1822 5173 eximiam
1849 5106 2210 5173 catharinae
2228 5131 2365 5175 san·

801 5212 1081 5276 ctitatem
1101 5252 1121 5282 ,
1149 5210 1312 5272 sicut
1337 5225 1555 5270 aurum
1584 5205 1647 5267 in
1682 5203 1936 5268 fornace
1987 5205 2317 5286 probatum
2341 5253 2363 5285 ‚

803 5314 973 5370 neus
1001 5304 1237 5377 voluit3
1266 5312 1333 5367 et
1361 5304 1526 5368 sicut
1553 5311 1876 5384 argentum
1926 5298 2073 5386 igne
2128 5305 2362 5368 exami-

803 5413 1017 5468 natum
1047 5412 1377 5488 purgatum
1407 5398 1788 5485 septuplam.
1818 5402 1990 5483 opus
2010 5397 2197 5484 igitur
2220 5401 2360 5486 plu·

2484 2293 2762 2376 glorioso
2778 2303 3138 2365 Sanctarum
3169 2300 3408 2375 fluctui,
3427 2307 3894 2368 SANeTt'rA'rt
3921 2308 4049 2367 VB-

2484 2399 2698 2459 STRAE
2725 2394 3054 2462 incesserit
3082 2397 3350 2465 animus.
4015 2447 4024 2451 -

2522 2592 2676 2654 mc
2687 2592 2947 2655 euos
2974 2598 3196 2673 Gerasa
3224 2594 3726 2675 archiepiscopus
3777 2600 4010 2675 mxv·

2961 2695 3177 2768 pensis
3206 2695 3537 2755 Actiaco-a.

2605 2883 2792 2943 Gesta
2824 2879 3049 2946 beatae
3078 2880 3443 2948 catharinae
3472 2885 3555 2947 ita
3587 2885 3852 2968 egregia
3880 2906 3954 2951 ac
3981 2884 4044 2947 in

2478 2976 2674 3058 gradu
2706 2975 2961 3042 heroico
2991 2977 3176 3061 plena
3203 2979 3539 3045 virtutnmz
3572 2988 3662 3045 lta
3690 2981 4036 3067 singularia

2480 3081 2541 3135 el
2578 3072 2897 3137 cumulata
2925 3075 3266 3161 prodigiis:
3297 3085 3389 3142 Ita
3409 3099 3444 3143 a
3473 3077 3710 3144 seculis
3733 3081 4037 3153 inaudita,

2479 3170 2647 3251 quod
2675 3173 3155 3256 unumquodque
3189 3196 3479 3258 magnum
3521 3177 3842 3242 theatrum
3906 3198 4045 3241 ora·

2477 3267 2633 3331 tioni
2664 3288 2844 3333 meae
2873 3271 3207 3349 praeberet
3229 3315 3252 3345 ‚
3308 3273 3361 3335 si
3421 3294 3562 3336 eam
3619 3275 4050 3356 exornandaq

2478 3375 2671 3447 atque
2696 3364 3072 3430 laudandam
3101 3370 3505 3452 aggrederer.
3537 3375 3736 3452 Super
3761 3371 3920 3437 banc
3951 3391 4046 3435 sa-

2476 3480 2646 3526 cram
2676 3461 3009 3525 Heroinam
3033 3464 3304 3529 adbuc-a
3336 3466 3576 3531 uneris
3617 3467 3800 3531 annis
3858 3465 4045 3550 Spiri-

2479 3568 2581 3624 tus
2610 3565 2859 3624 sanctus
2892 3558 3258 3626 caelestium
3290 3562 3599 3627 donorum
3629 3605 3652 3636 ‚
3680 3584 3848 3645 quae
3879 3572 4046 3627 cete·

2475 3654 2563 3718 ris
2590 3675 2701 3735 per
2730 3664 2936 3738 partes
2958 3698 2981 3729 ,
3012 3656 3099 3720 ita
3131 3658 3380 3723 abunde
3412 3657 3663 3723 divitias
3693 3658 3948 3731 effudit,
3973 3666 4043 3724 ut

2476 3750 2732 3832 speciali
2769 3750 3102 3835 privilegio
3130 3753 3355 3837 Angeli
3383 3754 3682 3820 Custodia
3701 3756 3783 3820 ab
3840 3755 4039 3822 iuran-

2476 3847 2563 3911 tia
2597 3847 2659 3910 in
2702 3857 3043 3928 conspectu
3101 3848 3241 3932 ejus
3300 3837 4040 3923 visibiliteradstantia,

2474 3943 2652 4027 cujus
2679 3942 3022 4027 colloquiis
3049 3943 3381 4011 fruebatur
3401 3991 3423 4022 ,
3453 3947 3798 4010 decoravit.
3859 3945 4039 4023 Quod

2473 4062 2621 4107 sane
2653 4061 2773 4106 non
2805 4042 3142 4106 obscurum
3176 4042 3373 4123 ipsius
3400 4042 3759 4125 praeclarae
3808 4053 3877 4110 et
3932 4064 4039 4109 ex·

2472 4138 2684 4203 celsae
2719 4139 2965 4203 futurae
2994 4140 3159 4203 vitae
3190 4138 3313 4204 fuit
3341 4140 3641 4205 indicium
3666 4183 3690 4213 ‚
3730 4153 4038 4224 quatenus

2472 4233 2608 4317 ipsa
2640 4235 2703 4298 in
2734 4234 2917 4299 terris
2969 4235 3207 4318 degens
3259 4233 3798 4302 conversationem
3859 4256 4033 4324 snm

2474 4330 2760 4396 habitura
2786 4338 2957 4396 esset
2983 4330 3045 4394 in
3075 4330 3302 4396 Caelis.
3333 4336 3422 4396 Ne
3452 4341 3664 4396 autem
3709 4332 3885 4400 illius
3943 4334 4033 4396 in·

2472 4427 2822 4496 nocentiam
2855 4426 3157 4492 mundiali
3217 4428 3633 4493 contubernio
3690 4431 4032 4497 consortio-

2473 4545 2599 4608 que
2627 4521 2981 4607 expositam
3012 4523 3282 4589 callidns
3322 4525 3514 4607 Aspis
3567 4524 3782 4607 aliquo
3842 4526 4030 4593 mode

2471 4620 2737 4686 bumana
2764 4620 3131 4704 contagione
3159 4621 3465 4704 attingere
3494 4622 3799 4695 auderet,
3853 4639 3892 4688 a
3935 4623 4029 4688 di·

2469 4736 2551 4782 vo
2583 4716 2899 4783 Dominico
2921 4736 2960 4782 e
2977 4715 3192 4781 seculo
3222 4716 3286 4779 in
3309 4736 3495 4782 snum
3520 4717 4032 4784 Praedicatorum

2473 4814 2767 4881 Ordinem
2799 4833 2923 4879 non
2950 4814 3086 4879 sine
3140 4814 3335 4879 divini
3379 4814 3670 4890 ,Numinis
3729 4815 4030 4900 singulari

2469 4914 2796 4978 vocatione
2823 4919 2922 4979 est
2952 4909 3221 4978 sublata.
3269 4909 3361 4974 lbi
3422 4909 3770 4976 altissimae
3826 4913 4029 4995 perse-

2470 5009 2696 5076 ctionis
2717 5007 3120 5075 fundamenta
3158 5029 3195 5073 a
3233 5008 3431 5092 gratia
3484 5007 3910 5100 sanctificante
3966 5013 4030 5075 in

2472 5107 2679 5171 anima
2706 5106 2903 5188 ipsius
2926 5107 3057 5191 jam
3091 5104 3413 5170 recondita
3441 5103 3651 5168 statim
3685 5105 4027 5176 inci-emen·-

2474 5214 2602 5271 tum
2631 5224 2931 5288 accepere
2949 5247 2971 5276 ‚
3002 5214 3072 5269 ut
3097 5202 3176 5267 ad
3204 5201 3834 5285 Caelumpertingere
3864 5212 4032 5271 totus

2472 5298 2847 5366 christianus
2875 5301 3060 5368 Orbis
3078 5298 3438 5383 aspiciendo
3456 5297 3890 5363 admiraretur.
3918 5307 4027 5368 Ce-

2474 5406 2610 5466 tera
2641 5398 2863 5465 omitto
2884 5439 2908 5477 ‚
2939 5417 3130 5464 unum
3161 5396 3387 5463 dicam.
3417 5394 3582 5461 sslud
3637 5396 4024 5480 praeclarum
