4442 6300
1558 484 1904 553 QquUtt
1945 483 2415 540 mucronum
2456 486 2621 538 t‘rc.

574 633 898 695 Statimac
922 637 1082 711 Papa
1123 631 1446 697 institutae
1488 630 1765 695 Orationi
1815 628 2002 707 tinem
2122 628 2489 693 Pantilieres
2545 626 2722 693 talari
2783 627 3034 717 indutos
3082 637 3257 701 veste
3327 649 3439 711 pro
3485 630 3690 699 cereis

451 728 797 810 imposuit3
842 727 1189 793 cardinalis
1236 718 1542 793 Diaconus
1588 727 1905 810 Evangelii
1947 729 2008 789 in

451 826 599 890 Solii
638 824 894 907 planitie
917 867 937 895 ,
969 845 1095 907 quo
1123 832 1484 905 perrexerat
1512 844 1590 887 ex
1621 824 1819 888 Altari
1840 868 1857 891 .
1884 828 2013 887 Ma-

450 926 644 1007 g‘stro
675 925 1217 986 caeremoniarum
1246 928 1408 985 Dure
1430 965 1451 992 ,
1485 923 1707 985 eodem
1733 942 1803 984 ac
1835 928 2012 982 antra

453 1023 640 1083 modo
662 1022 736 1081 ad
765 1021 1156 1083 excitandam
1188 1021 1733 1100 compunctionem
1763 1017 2009 1084 cecinit:

450 1124 744 1195 Confiteor
771 1163 790 1191 ,
819 1138 944 1199 quo
974 1118 1307 1180 recedente
1336 1117 1684 1200 Episcopus
1725 1116 2013 1181 cardina·

450 1212 532 1277 lis
584 1215 900 1293 assistens
950 1234 989 1277 a*
1035 1214 1369 1277 Sanctitate
1420 1220 1534 1277 Sue
1594 1211 2011 1297 indulgentias

452 1311 633 1393 petiit
654 1311 749 1373 bis
773 1312 1016 1373 verbis:
1057 1315 1479 1390 indulgentias
1512 1316 1860 1373 Beatissimo
1899 1313 2014 1372 Pa·

448 1421 583 1474 ter,
629 1417 1010 1490 acceptoque
1058 1428 1395 1489 responso:
1451 1413 1785 1472 Consuoms
1833 1410 2012 1489 hujus

452 1509 767 1576 Δσιίοηίσς
814 1505 991 1569 illico
1036 1524 1375 1568 conversus
1417 1506 1495 1566 ad
1549 1504 1849 1584 Populum
1905 1524 2011 1565 eas

452 1602 861 1683 promulgavit
914 1601 1039 1664 alta
1095 1622 1250 1665 voce
1311 1599 1579 1687 legendo
1638 1608 2007 1685 sequentem

446 1697 800 1762 formulam.

580 1895 1014 1954 Seuerissimus
1041 1898 1108 1954 in
1143 1896 1381 1954 cuv-iseo
1422 1896 1606 1955 Pater
1629 1904 1688 1954 ot
1721 1897 2008 1955 Dominus

447 1994 690 2062 Noster,
729 1996 1016 2051 Dominus
1046 1995 1522 2053 Bt-:Nssntcws
1558 1996 1773 2052 Divina
1804 1995 2009 2051 Provi-

449 2094 654 2151 dentia
684 2092 856 2162 Papa
886 2093 1421 2164 Decimesquareus
1451 2092 1558 2147 dat
1581 2128 1600 2157 ,
1632 2100 1689 2147 st
1732 2088 2008 2147 cenncsds't

446 2194 721 2248 ommam
744 2190 837 2247 hic
855 2189 1278 2262 praesentibus
1310 2187 1757 2261 Indulgentiam
1793 2187 2010 2247 Plena·

443 2292 616 2346 riam:
660 2285 1052 2345 visitantibus
1082 2293 1287 2343 autem
1318 2287 1645 2358 quotannis
1671 2284 2009 2355 Sepulchra

446 2383 803 2442 sanceomm
838 2382 1129 2440 sinsus
1152 2422 1171 2449 ‚
1198 2362 1502 2440 cautu]
1525 2419 1544 2445 ,
1581 2383 1851 2449 perat,
1887 2383 2003 2439 Jo-

449 2481 669 2557 SEPffl
688 2518 708 2545 ,
731 2487 789 2536 st
816 2477 1280 2537 CATflAutNAE
1307 2514 1329 2543 ,
1360 2480 1455 2534 dio
1487 2491 1686 2535 eorum
1715 2477 2002 2534 natalitio

445 2586 673 2657 septem
694 2590 1022 2637 annorum,
1054 2582 1113 2632 st
1140 2575 1382 2632 totidem
1402 2562 1919 2647 quadrayemrum
1942 2576 2007 2629 in

446 2675 646 2750 [orma
671 2662 975 2729 Ecclesiae
998 2678 1324 2730 commta:
1354 2671 1574 2744 Rogat·
1602 2671 1791 2745 igitur
1819 2670 2002 2728 Deum

439 2786 550 2845 pro
592 2771 762 2846 [elici
799 2778 964 2828 statu
1004 2769 1374 2829 sanctitatis
1428 2768 1586 2829 Suae
1643 2776 1701 2827 st
1755 2776 2004 2827 sanotae

445 2866 665 2949 Hatris
709 2868 1041 2927 Ecclesiae.

537 3065 685 3122 Post
707 3052 1835 3140 Indulgentiarum‘promulgationem
1860 3058 2007 3118 San·

443 3142 764 3221 ctissimus
809 3155 1113 3218 Dominus
1164 3153 1566 3219 Nostersine
1614 3154 1794 3219 Mitra
1837 3160 2006 3216 stans

442 3253 681 3335 Populo
725 3251 1094 3316 solemniter
1140 3252 1463 3315 benedixit
1494 3252 1881 3333 pronuntiata
1927 3268 2007 3312 ex

450 3350 658 3427 libro,
702 3371 888 3432 quem
935 3348 1059 3411 sibi
1103 3347 1471 3411 obtulerunt
1520 3346 1802 3411 consueti
1835 3346 2002 3410 Assi-

444 3456 678 3511 stentes
718 3445 1028 3516 Ministri,
1073 3442 1350 3528 generali
1379 3443 1817 3508 absolutione:
1849 3450 2004 3506 Tum

444 3544 810 3628 Symbolum
855 3542 1238 3624 praecinuit,
1284 3540 1567 3622 illudque
1598 3560 1740 3604 cum
1790 3541 2007 3605 Diaco-

441 3643 628 3706 nibus
669 3642 787 3704 sibi
834 3640 979 3702 hinc
1009 3640 1154 3702 inde
1189 3638 1643 3701 Assistentibus
1674 3655 1826 3700 voce
1862 3638 2007 3699 sub·

440 3740 628 3802 missa
660 3738 985 3810 recitavit,
1035 3735 1203 3819 quod
1253 3756 1396 3799 cum
1451 3734 1694 3797 Psaltae
1741 3733 1998 3798 Palatini

440 3824 1013 3921 prosequerentur,
1059 3834 1265 3903 sedit,
1310 3852 1513 3915 eoque
1558 3831 1817 3913 expleto
1869 3850 2001 3894 sur·

437 3934 604 3997 rexit
627 3934 857 3997 iterum
887 3931 1095 4011 capite
1122 3929 1381 3993 detecto
1405 3972 1426 3999 ,
1477 3937 1547 3992 ut
1597 3945 1654 3990 v.
1703 3932 1999 3990 Dominae

452 4033 792 4093 Vobiscumz
835 4036 1128 4101 caneret,
1172 4047 1245 4091 ac
1289 4025 1686 4090 Offertorium
1731 4024 1999 4104 legeret.

438 4132 659 4191 Postea
689 4126 969 4190 consedit
1001 4127 1209 4189 denuo
1242 4117 1714 4205 pretiosa-nitra
1751 4120 2004 4185 redimi-

440 4230 542 4287 tus
585 4231 957 4303 excepturus
998 4220 1453 4284 Postulantium
1499 4219 1873 4283 oblationes.

573 4327 839 4384 Fuerant
882 4318 997 4382 bae
1041 4339 1074 4381 a
1120 4317 1432 4400 magistris
1460 4315 1999 4380 Caeremoniarum

443 4419 609 4481 inter
646 4417 922 4502 symboli
967 4423 1215 4481 cantum
1243 4414 1362 4479 hoc
1390 4414 1603 4477 ordine
1635 4411 1999 4492 dispositae.

442 4521 596 4579 Tres
614 4516 689 4578 ad
723 4516 998 4597 singulas
1017 4512 1367 4576 oblationes
1397 4518 1721 4574 Sacrorum
1750 4510 1997 4572 Bituum

441 4612 957 4695 congregationis
990 4609 1362 4674 'cardinales
1416 4605 1678 4670 adhibiti
1730 4616 1875 4670 sunt
1918 4626 1999 4670 ex

441 4727 819 4790 unoquoque
849 4707 1065 4771 ordine
1092 4705 1447 4788 incipiendo
1498 4704 1576 4766 ab
1627 4702 2001 4782 Antiquiori-

442 4803 559 4868 bus
579 4848 599 4875 ,
641 4825 722 4869 ne
749 4805 824 4868 iis
854 4804 1103 4885 quidem
1135 4802 1452 4883 exceptis,
1484 4800 1590 4882 qul
1619 4799 1998 4865 assistebant

441 4901 754 4966 Pontificiz
802 4902 1035 4978 idcirco
1063 4900 1434 4981 tempestive
1466 4896 1707 4962 evocati
1737 4898 2002 4961 novissi·

441 5000 523 5059 mi
570 4997 693 5062 duo
723 4998 1077 5064 Diaconiin'
1100 4996 1318 5060 eadem
1346 4993 1842 5077 congregatione
1877 5013 1999 5056 non

441 5097 762 5176 adscripti,
784 5096 1001 5178 primis
1028 5096 1093 5156 in
1118 5092 1528 5157 Assistentiae
1560 5110 1823 5155 munere
1858 5092 2003 5154 sub·

443 5195 802 5258 stituuntur.
1098 5270 1107 5278 ἱ

570 5289 810 5373 Singuli
840 5285 1199 5352 cardinales
1221 5284 1399 5368 juxta
1430 5283 1733 5346 monitum
1754 5282 1999 5346 eisdem

2124 724 2637 809 praegrandibus,
2655 732 2765 789 aut
2794 729 3080 808 panibus,
3101 727 3198 793 vel
3233 726 3494 792 doliolis
3519 748 3689 791 com·

2126 825 2482 905 portandis,
2506 823 2566 885 bi
2600 846 2713 889 suo
2742 827 2976 907 quique
2999 827 3152 889 bero
3183 825 3544 905 praeibant3
3575 844 3690 887 eos

2122 942 2273 985 vero
2301 923 2751 987 antecedebant
2780 932 3042 1004 quatuor
3085 922 3440 986 servientes
3463 942 3689 986 -armo-

2121 1039 2260 1081 rum
2305 1020 2622 1100 argenteis
2665 1019 2858 1085 clavis
2906 1019 3209 1083 instructi.
3254 1026 3680 1099 Unumquem·

2122 1135 2244 1197 que
2303 1115 2699 1180 cardinalem
2763 1117 3313 1196 subsequebantur
3380 1117 3688 1196 primores

2122 1213 2249 1277 duo
2290 1220 2503 1279 Patres
2545 1233 2621 1277 ex
2655 1212 2954 1298 Regulari
2997 1212 3102 1275 illa
3159 1211 3684 1295 ramitia‚.cujus

2121 1310 2217 1375 rel
2268 1311 2568 1376 Alumnus
2611 1311 2816 1376 fuerat
2841 1319 3101 1376 Sanctus
3129 1353 3148 1380 ,
3180 1310 3278 1371 vel
3312 1312 3673 1374 Institutor.

2122 1408 2396 1488 Uterque
2453 1429 2709 1497 parvum
2771 1429 3024 1473 cereum
3095 1410 3380 1492 gestabat
3426 1409 3680 1473 canistri

2121 1502 2305 1577 ¹⁰00,
2349 1526 2537 1587 quem
2570 1506 2728 1570 alter
2754 1494 2967 1570 eorum
3001 1506 3160 1569 alias
3190 1515 3502 1587 portasset
3535 1524 3676 1571 cum

2124 1602 2292 1665 binis
2335 1604 2431 1667 vel
2476 1605 2868 1676 turturibus,
2909 1602 3012 1667 vel
3046 1603 3397 1677 columbis,
3425 1602 3527 1666 vel
3555 1604 3680 1667 asi-

2120 1698 2283 1763 culis
2322 1701 2854 1775 versicoloribus;
2901 1701 2980 1765 ab
3025 1700 3137 1764 bac
3180 1699 3349 1764 enim
3385 1698 3682 1765 solemni-

2118 1804 2249 1883 tate
2290 1796 2408 1860 hoc
2448 1817 2645 1879 genus
2671 1796 3012 1860 oblationis
3051 1797 3308 1860 omnino
3351 1794 3489 1863 tolli
3540 1805 3683 1865 San-

2114 1894 2429 1957 ctis-simus
2475 1902 2654 1957 Pater
2698 1895 3134 1974 imperaverat.
3179 1899 3371 1968 Quam
3418 1896 3502 1957 ob
3530 1912 3674 1959 cau-

2118 2009 2248 2052 sam
2295 1990 2356 2051 id
2401 1990 2713 2062 vetuerit,
2754 1989 3167 2069 investigator
3194 1989 3457 2071 cupidus
3499 1990 3680 2056 facile

2116 2095 2488 2167 assequetur
2526 2087 2797 2151 lectione
2838 2086 3253 2150 laudatissimi
3281 2086 3419 2170 ejus
3465 2088 3679 2167 operis

2115 2184 2196 2247 de
2228 2192 2556 2247 Servorum
2586 2185 2695 2249 Dei
2729 2184 3215 2254 Beatilicatione,
3246 2194 3311 2249 et
3343 2186 3684 2249 Beatorum

2116 2283 2599 2347 Canonizatione
2621 2329 2637 2344 .
2670 2281 2960 2366 Singulae
2992 2282 3344 2347 oblationes
3377 2283 3439 2343 in
3470 2283 3680 2363 singu·

2115 2375 2196 2440 lis
2224 2379 2532 2460 separatis
2570 2381 2806 2442 mensis
2838 2379 2971 2443 sive
3020 2379 3246 2444 Abacis
3294 2379 3684 2459 compositae

2115 2485 2317 2546 erant,
2333 2475 2616 2538 candidis
2632 2473 2943 2539 obductae
2959 2472 3236 2547 velis,ex
3255 2475 3482 2557 quibus
3502 2475 3684 2540 tolle·

2116 2571 2342 2635 bantur
2382 2571 2726 2635 ministerio
2754 2571 3045 2635 Custodis
3087 2572 3453 2636 earumdem
3478 2593 3513 2634 a
3545 2579 3678 2637 Mo·

2112 2665 2405 2734 deratore
2437 2667 2991 2734 coeremoniarum
3020 2668 3101 2731 de
3138 2687 3312 2732 more
3357 2667 3676 2734 destinati.

2111 2765 2228 2839 Qui
2257 2765 2557 2847 portaturi
2599 2787 2708 2830 eas
2751 2771 2967 2837 erant,
3011 2764 3334 2847 supposita
3381 2765 3677 2851 mappula

2114 2860 2281 2927 linea
2308 2864 2477 2944 ipsas
2525 2863 2931 2938 deferentes,
2973 2862 3358 2927 transeundo
3409 2884 3523 2945 per
3552 2885 3681 2929 me·-

2116 2960 2278 3023 diam
2298 2960 2549 3025 Theatri
2569 2981 2820 3025 caveam
2853 2968 2995 3025 ante
3017 2957 3489 3025 confessionem
3512 2967 3684 3029 recta

2112 3078 2314 3139 usque
2343 3058 2421 3120 ad
2454 3063 2677 3147 Papam
2709 3057 3206 3129 contendebant,
3234 3056 3333 3120 cui
3363 3056 3681 3125 exhibitae

2116 3175 2253 3218 cum
2297 3154 2598 3224 fuissent,
2642 3176 2750 3220 eas
2777 3157 2854 3219 ad
2888 3175 3163 3220 mensam
3193 3154 3424 3217 iterum
3461 3176 3676 3239 repor-

2114 3254 2329 3315 tabant
2362 3251 2647 3337 Acolytbi
2675 3252 3037 3334 signaturae
3067 3251 3355 3315 Iustitiae
3381 3256 3684 3319 Votantes

2114 3367 2254 3411 cnm
2274 3348 2845 3412 Abbreviatoribus.
2865 3355 3237 3413 Procurator
3250 3349 3679 3416 canonizatio-

2112 3445 2210 3509 nis
2235 3444 2578 3509 Cardinalis
2600 3452 3058 3516 Portocarrero,
3088 3444 3194 3527 qui
3219 3445 3381 3509 inter
3404 3447 3675 3514 eundem

2115 3542 2458 3606 incesserat
2498 3542 2574 3604 ad
2624 3543 2938 3605 sinistram
2990 3540 3336 3608 Cardinalis
3388 3543 3678 3626 Episcopi

2112 3641 2351 3724 primae
2383 3639 2684 3702 oblationi
2707 3637 3031 3723 assignati,
3062 3640 3415 3703 consistens
3447 3640 3509 3701 in
3542 3639 3682 3720 pla·

2116 3739 2271 3800 nitie
2298 3737 2447 3800 Solii
2478 3737 2874 3799 dextrorsum
2908 3755 3017 3799 sex
3048 3755 3265 3799 cereos
3293 3757 3517 3816 parvos
3544 3757 3680 3800 ara·

2117 3835 2251 3898 bice
2278 3836 2479 3918 pictos
2498 3835 2567 3896 'in
2590 3852 2962 3914 unaquaque
2995 3833 3313 3897 oblatione
3344 3855 3378 3896 a
3403 3833 3675 3916 Religio·

2115 3932 2203 3995 sis
2229 3933 2515 3996 Patribus
2542 3931 2786 3996 delatos
2816 3930 3136 3993 Sanctitati
3167 3937 3325 3994 Suae
3344 3932 3674 3995 offerebat:

2112 4028 2394 4102 Quilibet
2420 4049 2570 4091 vero
2597 4026 2938 4090 Cardinalis
2966 4026 3318 4107 Episcopus·
3340 4026 3501 4090 duos
3541 4035 3677 4089 tan-

2110 4134 2244 4188 tum
2271 4125 2687 4208 praegrandes
2715 4125 2968 4189 arabice
2998 4123 3148 4187 item
3180 4124 3379 4204 pictos
3406 4132 3473 4188 et
3500 4144 3674 4205 prae·

2111 4229 2282 4284 terea
2304 4220 2505 4303 effigie
2529 4219 2760 4290 Sancti,
2784 4217 3115 4303 gentilitiis
3135 4218 3483 4301 insignibus
3503 4223 3674 4283 Sum-

2109 4318 2193 4378 mi
2229 4316 2576 4390 Pontificis,
2609 4337 2681 4381 ac
2722 4322 3055 4380 stemmate
3104 4314 3443 4399 Religionis
3493 4336 3673 4380 orna·

2110 4423 2245 4488 tos;
2276 4414 2632 4499 Presbyteri
2658 4423 2870 4478 autem
2902 4411 3260 4476 cardinales
3292 4432 3548 4494 magnos
3571 4435 3674 4497 pa-

2112 4530 2223 4573 nes
2253 4511 2442 4581 duos,
2471 4530 2663 4572 unum
2695 4529 2848 4573 auro
2871 4551 2891 4578 ‚
2925 4507 3193 4573 alterum
3239 4518 3497 4592 argento
3548 4509 3674 4570 illi-

2108 4615 2211 4671 tos
2238 4650 2258 4679 ,
2325 4614 2390 4670 et
2447 4606 2936 4689 supereminenti
2993 4604 3307 4672 cmlatura
3365 4605 3670 4669 Pontificii

2110 4704 2396 4786 ejusdem
2421 4703 2774 4768 stemmatis
2815 4712 3071 4766 ornatos
3096 4728 3117 4775 ς
3147 4702 3509 4766 cardinales
3536 4710 3668 4766 tan-

2114 4802 2259 4862 dem
2291 4799 2541 4864 Diaconi
2575 4798 2807 4863 doliola
2835 4799 2964 4862 duo
2991 4798 3231 4861 affabre
3263 4797 3505 4878 sculpta
3537 4799 3669 4879 pari

2112 4903 2328 4959 ornatu
2356 4940 2375 4969 ‚
2404 4916 2557 4961 auro
2586 4904 2970 4980 argentoque
3002 4894 3347 4977 splendida.
3389 4894 3669 4970 Quilibet

2111 4991 2470 5057 cardinales
2521 5001 2772 5070 accepta
2824 4992 2902 5054 de
2951 4989 3368 5055 Familiarium
3411 5011 3669 5055 suorum

2109 5090 2399 5153 manibus
2443 5090 2603 5153 dona
2645 5087 3458 5161 Sanctissimetexhibebat,
3492 5088 3676 5154 deos-

2112 5185 2383 5250 culando
2423 5191 2672 5267 peracta
2713 5184 3036 5250 oblatione
3077 5183 3215 5267 ejus
3246 5203 3410 5266 genu
3448 5191 3513 5248 et
3545 5205 3675 5249 ma·

2114 5303 2302 5357 num,
2343 5303 2482 5346 cum
2530 5284 2710 5365 pedis
2764 5289 3005 5348 tantum
3061 5279 3349 5347 osculum
3413 5280 3676 5365 reliquis

446 5389 880 5451 transmissum
921 5385 1078 5447 duos
1119 5402 1331 5445 secum
1385 5381 1702 5445 habebant
1753 5379 2002 5445 nobiles
2114 5382 2605 5466 permitteretur.
