4442 6300
1566 463 1913 534 omnent
1960 462 2428 521 mucronum
2468 466 2637 519 erc.
3479 470 3555 521 τυ

495 609 559 675 lo
598 615 975 697 argumenta
1006 609 1485 676 ardentissimae
1527 611 1882 677 charitatis:
1929 614 2064 675 Non
2170 610 2331 677 eise.
2372 615 2650 683 Quorum
2691 609 3004 675 charitatis
3047 628 3374 675 munierum
3420 610 3742 679 obeundo-

497 716 640 774 sunt
664 715 879 774 tamen
902 710 1104 773 unica.
1136 713 1287 777 Cum
1312 729 1478 773 anno
1507 706 1858 775 millesimo
1884 710 2062 791 quin-

492 807 841 889 gentesimo
872 808 1277 891 nonagesimo
1308 819 1527 872 octavo
1556 829 1635 872 eo
1664 809 2059 890 usqueintu-

493 904 761 968 muisset
796 902 1095 978 -Tiberis,
1140 914 1209 968 ut
1264 906 1503 986 primas
1544 906 1609 969 in
1652 906 2057 971 xenodochio

491 1004 683 1066 sancti
717 1004 983 1085 Spiritus
1010 1010 1319 1076 cameras,
1350 1005 1456 1066 ubi
1483 1005 1773 1088 jacebant
1804 1003 2058 1076 infirmi,

484 1099 613 1182 jam
636 1100 1047 1183 occupasset,
1079 1121 1150 1164 ac
1180 1100 1241 1162 in
1273 1101 1495 1166 altiora
1527 1104 1908 1166 contendere
1943 1102 2058 1163 mi-

493 1206 775 1269 naretur,
809 1199 868 1257 in
891 1196 1003 1259 bac
1026 1200 1259 1262 recenti
1290 1210 1481 1280 atque
1508 1198 1753 1279 inopina
1786 1199 2058 1262 intirmo-

488 1312 625 1357 rum
666 1294 1025 1358 calamitate
1054 1296 1217 1377 ‘quid
1262 1316 1383 1363 non
1426 1317 1756 1381 aggressus
1800 1308 1895 1361 est
1940 1318 2051 1378 pro

489 1410 704 1455 eorum
737 1393 938 1455 salute
982 1392 1720 1475 Camillus?·1mpavidus
1753 1395 1813 1455 in
1862 1418 2055 1478 aquas

482 1487 773 1552 ulceroso
808 1490 997 1554 etiam
1030 1509 1219 1554 crure
1246 1490 1579 1572 prosiliens
1609 1510 1724 1573 per
1752 1501 1878 1556 tres
1899 1495 2055 1559 inte-

487 1606 629 1669 gros
659 1588 795 1650 dies
826 1589 889 1648 in
919 1588 1179 1651 hac-uua
1213 1586 1326 1651 t'uit
1357 1590 1800 1655 molestissima
1842 1593 2054 1673 plena—

489 1685 934 1764 queaimmensi
976 1684 1217 1749 laboris
1258 1707 1445 1767 opera
1469 1732 1489 1759 ‚
1518 1695 1586 1762 ut
1616 1688 1906 1753 Infirmos
1953 1714 2053 1753 eo-

484 1800 748 1862 rumque
766 1784 1074 1865 grabatos
1119 1783 1252 1846 suis
1282 1782 1559 1848 humeris
1582 1795 1945 1867 exportatos
1988 1791 2049 1851 in

484 1881 710 1943 tutiora
742 1889 929 1962 atque
959 1879 1307 1945 salubriora
1334 1880 1473 1945 loca
1504 1883 1865 1955 transferret
1892 1931 1912 1956 ,
1941 1890 2052 1948 mi-

450 2018 457 2025 ·
484 1972 1064 2049 raut‘r'bus’runctis4
1097 1979 1264 2059 quod
1296 1999 1495 2061 aquae
1526 1981 1762 2045 multae
1796 2004 1913 2046 non
1945 2005 2053 2065 po·

481 2074 746 2138 tuissent
774 2076 1018 2161 Camilli
1048 2076 1413 2158 extinguere
1443 2078 1832 2143 charitatem.
1866 2110 1887 2135 ·

626 2203 647 2225 ·
673 2168 893 2254 Neque
923 2193 1072 2253 sero
1104 2173 1293 2237 unius
1309 2174 1497 2238 Urbis
1523 2177 1760 2241 ambitu
1793 2178 2050 2243 immen-

483 2289 549 2333 sa
582 2278 789 2339 tantae
818 2270 1515 2352 charitatis-amplitudo
1543 2273 1705 2337 finiri
1740 2277 1936 2355 potuit
1978 2299 2051 2343 ac

482 2369 952 2442 circumscribi3
985 2372 1095 2431 sed
1128 2369 1363 2459 ltaliam
1392 2372 1743 2434 universam
1773 2375 2047 2455 comple·

479 2485 556 2528 xa
584 2464 943 2529 incredibili
969 2467 1081 2530 fuit
1113 2467 1406 2531 omnibus
1433 2468 2049 2550 adjumentoAEucl-a-

479 2564 684 2627 nicum
708 2565 1014 2646 Oppidum
1048 2567 1315 2629 Patriam
1347 2587 1522 2629 suam
1556 2584 1694 2630 eum
1722 2569 2051 2633 vehemen-

477 2666 591 2723 ter·
643 2646 921 2735 annonae
988 2663 1245 2726 caritate
1316 2662 1512 2746 affligi
1585 2663 2046 2741 intellexisset,

479 2756 676 2823 adfuit
703 2757 1002 2822 Camillus
1033 2757 1590 2841 illico,·opemque
1623 2762 1701 2823 de
1735 2762 1922 2826 Caelo
1954 2772 2046 2825 tu-

477 2854 548 2917 lit
591 2865 657 2918 et
711 2858 1102 2928 ubertatem,
1155 2852 1383 2940 insigni
1432 2858 1738 2923 miraculo
1784 2864 2043 2926 Domino

482 2956 922 3035 comprobante
956 2974 1143 3035 quam
1167 2952 1284 3016 sihi
1321 2954 1561 3017 Camilli
1582 2955 1847 3022 charitas
1880 2960 2041 3024 l'oret

479 3061 743 3132 accepta.
793 3059 1038 3114 Pactum
1085 3052 1247 3113 enim
1282 3062 1374 3116 est
1402 3097 1422 3127 ,
1455 3056 1827 3137 ut·exiguus
1870 3057 2041 3124 faha-

482 3168 611 3210 rum
643 3149 885 3234 agellus
917 3169 1036 3214 non
1070 3149 1271 3214 solum
1309 3151 1556 3235 integro
1601 3156 2035 3239 esurientique

474 3244 711 3326 l'opulo
752 3238 979 3311 alendo
1022 3245 1191 3312 esset
1220 3249 1373 3312 satis
1416 3270 1529 3330 per
1573 3251 1807 3315 multos
1853 3253 1986 3317 dies
2013 3299 2033 3327 ,

479 3343 590 3407 sed
632 3365 711 3408 ex
741 3366 819 3409 eo
848 3345 1138 3427 insuper,
1169 3356 1393 3429 quanta
1440 3368 1751 3429 nunquam
1802 3354 2036 3432 sperari

476 3449 759 3522 poterat,
803 3444 1165 3506 earumdem
1227 3445 1404 3528 copia
1461 3445 1882 3528 colligeretur,
1929 3457 2041 3515 Ge·

472 3545 629 3602 nuae
688 3538 846 3602 alias
905 3560 1061 3604 cum·
1093 3531 1304 3611 foret,
1348 3543 1756 3624 audissetque
1799 3556 2034 3626 pestem

470 3635 800 3701 Mediolani
846 3646 1232 3718 grassantem
1256 3683 1276 3708 ,
1311 3659 1496 3720 quam
1529 3642 1756 3704 Urbem
1792 3642 1901 3704 alii
1941 3646 2035 3708 di·

469 3733 879 3818 ligentissime
908 3734 1329 3809 declinabant,
1361 3737 1423 3798 in
1456 3758 1594 3800 eam
1624 3738 1758 3817 ipse
1790 3761 2032 3807 summa

473 3832 778 3897 advolavit
818 3833 1136 3898 alacritate
1158 3878 1179 3906 ,
1212 3834 1430 3917 ibique
1471 3856 1542 3898 ea
1577 3837 1780 3901 omnia
1805 3882 1824 3909 ,
1872 3861 2029 3920 quae

469 3937 690 3996 Romae
723 3927 1124 4014 expleverat,
1155 3933 1471 4010 charitatis
1491 3934 1688 3999 officia
1720 3937 2032 3999 abundan-

469 4029 708 4104 tissime
732 4032 1063 4113 praestitit.
1107 4032 1367 4115 Neapoli
1398 4053 1547 4096 vero
1577 4054 1721 4096 cum
1765 4044 2026 4116 ageret,

469 4134 654 4209 atque
668 4128 945 4192 Nolanae
976 4131 1119 4193 Urbi
1143 4130 1491 4194 dirissimus
1512 4132 1771 4194 morbus
1793 4134 2029 4213 coepis-

466 4232 560 4289 set
584 4228 901 4310 ingruere,
928 4226 1225 4290 Camillus
1242 4228 1421 4291 -illico
1440 4230 1712 4292 accurrit
1742 4229 2022 4312 ejusdem

464 4344 742 4388 summae
787 4323 1109 4387 charitatis
1136 4325 1197 4387 vi
1239 4333 1425 4406 atque
1468 4326 1704 4405 impetu
1737 4336 1910 4398 actus
1953 4350 2025 4394 ac

463 4421 640 4502 plane
684 4422 1089 4503 compulsus,
1118 4431 1189 4488 ut·
1216 4423 1483 4484 animam
1517 4443 1692 4485 suam
1725 4435 1838 4505 pro
1868 4433 2025 4490 Fra-

450 4520 664 4583 tribus
695 4521 823 4583 suis
857 4529 1115 4602 poneret
1149 4529 1213 4583 et
1246 4520 1599 4584 devoveret.
1633 4551 1653 4575 ι

590 4649 612 4670 -
641 4618 749 4680 His
794 4625 1003 4680 tamen
1043 4618 1411 4699 ceteroquin
1445 4617 1851 4699 amplissimis
1898 4639 2020 4684 non

468 4723 752 4778 contenta
807 4714 1099 4779 confiniis
1167 4715 1411 4778 Camilli
1480 4716 1781 4789 charitas,
1847 4726 2033 4782 extra·

460 4812 642 4875 etiam
678 4813 961 4878 infirmos
989 4821 1052 4876 et
1083 4809 1450 4877 Nosocomia
1482 4815 1679 4878 etl'usa
1712 4824 1831 4878 est.
1863 4821 2022 4897 Ege-

456 4908 762 4991 nisigitur
788 4911 1084 4990 opitulari
1115 4911 1476 4990 Virginibus
1499 4954 1519 4982 ,
1549 4910 1884 4975 derelictos
1932 4922 2023 4975 tu-

454 5007 568 5068 tari
592 5008 905 5089 ⁴pupillos,
934 5010 1167 5073 Viduas
1193 5009 1506 5072 vindicare
1530 5054 1549 5082 ‚
1582 5010 1790 5073 Nudos
1816 5011 2035 5092 operi-.

456 5121 524 5167 re
544 5146 571 5175 ,
596 5107 962 5170 Esurientes
1006 5115 1286 5171 saturare
1310 5151 1330 5180 ,
1361 5107 1631 5189 bospitio
1660 5108 2027 5191 Peregrinos

457 5201 739 5281 accipere
766 5245 785 5272 ‚
818 5204 1108 5268 omnibus
1139 5205 1349 5267 omnia
1378 5202 1518 5266 ficri
1537 5248 1555 5273 ‚
1582 5212 1651 5270 ut
1680 5224 1901 5268 omnes
1927 5204 2022 5272 lu-

458 5297 784 5384 crifacgret
816 5300 1058 5365 Christo
1078 5302 1143 5362 in
1172 5302 1399 5383 spiritu
1433 5300 1768 5383 patientiae
1798 5310 1863 5363 et
1883 5301 2035 5364 cba-.

457 5383 690 5467 ruatis,
735 5396 989 5459 stu-runt
1025 5397 1521 5480 jucundissimae
1580 5389 2023 5461 Camilli-deli-

2168 729 2311 785 rum
2341 729 2543 788 usque
2571 708 2730 772 adeo
2759 708 3227 774 amantissimus
3258 709 3373 773 fuit
3398 754 3419 783 ,
3449 720 3521 775 ut
3542 754 3562 783 ‚
3593 733 3740 783 eum

2170 805 2519 869 innumeris
2567 808 3020 888 propemodum
3052 809 3402 888 sumptibus
3453 809 3743 877 sufficere

2169 902 2430 966 minime
2455 911 2667 982 posset
2689 904 3028 986 Religionis
3053 925 3205 969 suae
3227 914 3586 987 paupertas,
3608 928 3744 988 gra·

2166 999 2422 1063 vissimo
2456 1020 2597 1064 aere
2627 1001 2834 1065 alieno
2863 1002 2926 1063 in
2956 1002 3522 1067 Domino‘confisus
3564 1004 3742 1069 illam

2167 1118 2354 1178 saepe
2399 1118 2657 1179 gravare
2706 1118 2826 1161 non
2872 1100 3274 1168 dubitaverit.
3305 1109 3506 1167 Immo
3551 1103 3743 1166 etiam

2166 1195 2377 1259 illatas
2420 1196 2539 1258 sibi
2583 1218 2616 1261 a
2650 1195 2934 1277 plurimis
2973 1219 3194 1263 eorum
3239 1220 3424 1263 causa
3469 1200 3739 1284 injurias

2164 1291 2700 1375 contumeliasque
2732 1313 2855 1357 uon
2874 1294 3063 1359 modo
3091 1298 3543 1377 aequanimiter
3566 1300 3736 1371 tulit,

2164 1391 2275 1453 sed
2321 1392 2708 1455 detractores
2765 1413 2911 1456 suos
2957 1392 3349 1465 humilitate,
3393 1396 3737 1473 charitate,

2163 1488 2462 1566 patientia
2486 1490 2568 1552 ita
2598 1488 2862 1562 lenivit,
2894 1497 2960 1554 ut
2992 1512 3072 1554 ex
3113 1491 3375 1557 infensis
3407 1494 3527 1556 sibi
3573 1501 3730 1560 Deo·

2164 1606 2288 1666 que
2320 1587 2740 1650 amicissimos
2766 1586 3006 1651 fecerit.
3041 1596 3125 1652 Ea
3146 1589 3308 1653 enim
3343 1611 3594 1674 semper
3618 1592 3741 1657 fuit

2164 1693 2414 1756 mente,
2448 1706 2651 1766 eoque
2683 1685 2948 1749 consilio
2980 1688 3184 1755 emnia
3208 1687 3493 1755 -l'acinora
3525 1711 3739 1770 rupes-

2166 1785 2386 1853 sebat·,
2417 1791 2486 1847 ut
2518 1789 2582 1844 et
2608 1783 2934 1864 prodesset
2959 1784 3344 1857 bominibus,
3377 1793 3440 1848 et
3470 1784 3731 1868 gloriam

2162 1882 2273 1942 Dei
2307 1880 2456 1944 totis
2482 1881 2722 1944 viribus
2744 1893 3128 1963 procuraret.
3151 1889 3282 1946 Hoc
3314 1882 3408 1945 vel
3444 1884 3586 1967 inde
3611 1907 3732 1948 ma-

2158 1977 2326 2040 xime
2356 1976 2620 2060 intelligi
2654 1985 2898 2059 potest‚
2930 1980 3122 2061 quod,
3154 1982 3203 2053 si
3236 1981 3339 2062 qui
3369 1981 3612 2045 haeresi
3643 1985 3735 2045 in-

2162 2072 2307 2139 fecti
2337 2076 2402 2136 in
2430 2076 2829 2143 Nosocomiis
2855 2087 2961 2141 aut
2989 2078 3583 2143 alibi·orcurrerent
3625 2082 3732 2145 bo·

2161 2173 2401 2243 mines,
2432 2192 2545 2236 eos
2586 2172 2721 2254 ipse
2755 2175 2958 2255 quoad
2991 2182 3276 2256 poterat,
3310 2174 3733 2243 libentissime

2161 2269 2364 2350 p'rimo
2388 2269 2688 2353 juvabat,
2719 2277 2850 2332 tum
2882 2282 3289 2354 posteaquam
3322 2273 3383 2334 in
3410 2295 3590 2338 suam
3619 2297 3732 2340 eos

2157 2374 2431 2431 traxerat
2467 2368 2809 2432 amicitiam
2844 2375 3031 2449 atque
3076 2370 3600 2446 familiaritatem,
3644 2374 3731 2439 ita

2158 2465 2386 2543 sensim
2419 2465 2736 2537 alliciebat
2765 2468 2856 2529 *ad
2885 2468 3240 2532 Catholicae
3268 2471 3486 2534 Matris
3518 2471 3731 2536 Eccle-

2160 2563 2289 2625 siae
2320 2562 2522 2626 sinum
2546 2607 2567 2637 ‚
2598 2572 2664 2627 ut
2690 2564 2734 2624 ii
2768 2563 3011 2628 occulta
3044 2566 3309 2646 quadam
3345 2565 3588 2632 divinae
3633 2568 3727 2632 lu-

2155 2658 2246 2722 cis
2276 2661 2330 2721 vi
2361 2661 2441 2723 ab
2477 2682 2696 2726 errore
2727 2661 2802 2724 ad
2831 2662 3159 2725 veritatem
3194 2683 3335 2727 sese
3365 2665 3618 2731 auocari
3658 2675 3724 2729 et

2156 2757 2286 2838 rapi
2318 2758 2788 2840 quodammodo
2810 2758 3174 2822 faterentur.
3217 2789 3266 2813 ·‹
3553 2788 3560 2793 ·

2286 2884 2309 2908 ·
2339 2860 2631 2918 Ceterum
2691 2876 2832 2919 cum
2879 2855 3179 2919 Camillus
3223 2864 3348 2918 tam
3393 2858 3720 2939 praeclare

2151 2948 2229 3012 de
2260 2952 2551 3014 omnibus
2573 2956 2946 3023 mereretur,
2979 2954 3381 3035 semetipsum
3407 2956 3726 3039 negligen-

2152 3047 2817 3131 tium-injuriosiusque
2847 3053 3169 3114 tractabat.
3203 3052 3382 3123 Hinc,
3412 3072 3554 3115 cum
3588 3074 3721 3116 om-

2149 3144 2316 3208 nium
2360 3147 2639 3221 morbis,
2684 3147 2961 3212 omnium
3023 3150 3415 3232 egestatibus
3458 3151 3724 3234 majori,

2150 3264 2276 3323 qno
2303 3253 2588 3324 poterat,
2618 3252 2869 3325 praesto
2911 3254 3080 3309 esset
3109 3246 3384 3318 auxilio,
3432 3248 3720 3312 saevissi-

2149 3362 2315 3404 mam
2359 3342 2610 3406 interim
2653 3342 2869 3411 illam‚
2901 3364 3089 3423 quam
3134 3344 3270 3425 ipse
3314 3346 3377 3406 in
3409 3364 3593 3409 crure
3636 3347 3720 3409 ab

2145 3437 2566 3516 adolescentia
2611 3447 2976 3519 acceperat,
3009 3440 3253 3521 plagam
3276 3467 3318 3511 ,·
3343 3440 3718 3505 molestissi-

2148 3543 2441 3617 mumque
2460 3537 2735 3599 herniam
2757 3557 2879 3600 non
2899 3537 3102 3601 solum
3129 3538 3206 3599 ad
3223 3544 3490 3600 mortem
3515 3558 3716 3618 usque

2146 3634 2445 3716 neglexit,
2477 3633 2606 3695 imo
2624 3654 2773 3696 vero
2802 3633 3181 3717 singularem
3201 3653 3280 3696 ex
3306 3632 3380 3696 iis
3400 3634 3724 3696 videbatur

2145 3753 2366 3812 capere
2394 3731 2802 3813 voluptatem:
2828 3732 2982 3795 Hinc
3010 3730 3199 3796 nullis
3231 3724 3499 3811 unquam
3531 3732 3715 3794 vesti-

2146 3829 2266 3891 bus
2295 3829 2380 3893 uti
2414 3827 2610 3892 voluit
2632 3870 2652 3901 ,
2686 3828 2802 3890 nisi
2839 3829 3111 3892 maxime
3141 3828 3395 3898 attritis,
3427 3826 3598 3889 nulla
3620 3849 3718 3890 su-

2142 3925 2450 4006 pellectili
2472 3969 2491 3997 ,
2537 3927 2653 3989 nisi
2701 3946 2861 4007 quae
2911 3935 3342 4008 pauper-tatem
3390 3926 3712 4008 Evangeli-

2141 4045 2279 4088 cam
2325 4024 2683 4088 redoleretz
2727 4023 2885 4086 Hinc
2927 4022 3208 4093 inediae,
3252 4030 3314 4084 et
3355 4022 3710 4106 vigiliarum

2139 4142 2342 4205 usque
2373 4122 2530 4186 adeo
2559 4122 2801 4204 patiens
2817 4119 2974 4191 fuit,
3007 4130 3073 4182 ut
3103 4130 3165 4195 et
3193 4140 3451 4201 perraro
3478 4121 3555 4183 ad
3585 4141 3720 4184 ves·

2139 4239 2349 4301 peram
2381 4240 2521 4283 sese
2548 4218 2858 4289 reficeret,
2883 4227 2947 4282 et
2965 4217 3466 4299 simplicissimos
3495 4237 3606 4280 eos
3629 4218 3716 4281 ci-

2109 4320 2286 4390 bos,
2317 4320 2422 4401 qui
2454 4317 2883 4381 afferebantur
2909 4317 2985 4377 ad
3031 4316 3360 4397 prandium
3386 4358 3406 4386 ,
3435 4315 3712 4377 maxima

2137 4437 2216 4480 ex
2247 4425 2426 4499 parte
2457 4435 2598 4479 cum
2631 4414 3015 4494 Pauperibus
3042 4412 3570 4482 communicaret,
3601 4431 3714 4476 nec

2134 4515 2374 4597 plures,
2408 4534 2592 4595 quam
2627 4521 2898 4594 quatuor
2917 4511 3104 4576 horas
3125 4511 3200 4572 ad
3235 4509 3511 4592 quietem
3545 4529 3712 4572 som·

2096 4619 2101 4624 ’
2137 4634 2410 4693 numque
2438 4610 2804 4692 capiendum
2836 4608 3225 4690 permitteret
3253 4605 3522 4687 corpori:
3555 4607 3712 4668 Hinc

2137 4710 2465 4794 Regularis
2492 4707 2856 4789 disciplinae
2899 4705 3338 4771 severissimus
3367 4704 3460 4767 sui
3504 4702 3700 4782 ipsius

2131 4819 2389 4873 exactor
2418 4805 2567 4867 nihil
2601 4824 2875 4886 unquam
2907 4802 2984 4868 de
3017 4822 3269 4866 suarum
3304 4800 3709 4864 Constitutio-

2134 4926 2282 4970 num
2313 4902 2709 4967 observantia
2730 4901 3054 4964 remittere
3073 4898 3292 4967 voluit,
3325 4897 3578 4961 tametsi
3609 4895 3694 4960 fa-

2128 5003 2424 5067 mulando
2456 5000 2727 5062 infirmis
2757 4998 3288 5077 occupatissimus.
3318 5025 3340 5048 ο

2266 5107 2380 5161 ·1n
2442 5104 2607 5161 tanta
2654 5102 2860 5159 tamen
2904 5094 3201 5156 virtutum
3248 5090 3518 5156 omnium
3559 5090 3701 5154 luce

2127 5198 2192 5262 id
2226 5205 2397 5261 certe
2444 5193 2796 5257 mirandum
2828 5210 3014 5274 quam
3062 5189 3330 5252 maxime
3352 5231 3376 5260 ,
3402 5188 3569 5270 quod
3614 5190 3696 5252 de

2133 5317 2199 5360 se
2230 5297 2545 5374 rebusque
2571 5290 2704 5355 suis
2733 5297 2858 5352 tam
2889 5289 3137 5371 abjecte
3168 5285 3450 5358 sentiret,
3479 5295 3549 5348 ut
3580 5305 3695 5349 nec

2133 5393 2379 5458 Ordinis
2407 5390 2719 5458 Fundator
2746 5409 2778 5450 a
2812 5406 3119 5468 quoquam
3151 5385 3360 5448 vocari
3390 5382 3604 5457 vellet,
3640 5395 3705 5447 et

3363 5503 3408 5544 ο
