<?xml version="1.0" encoding="UTF-8"?>
<!DOCTYPE html PUBLIC "-//W3C//DTD XHTML 1.0 Transitional//EN"
    "http://www.w3.org/TR/xhtml1/DTD/xhtml1-transitional.dtd">
<html xmlns="http://www.w3.org/1999/xhtml" xml:lang="en" lang="en">
 <head>
  <title>
</title>
<meta http-equiv="Content-Type" content="text/html;charset=utf-8" />
  <meta name='ocr-system' content='tesseract 3.04.00' />
  <meta name='ocr-capabilities' content='ocr_page ocr_carea ocr_par ocr_line ocrx_word'/>
</head>
<body>
  <div class='ocr_page' id='page_1' title='image "benedictixivpon00benegoog_0243.png"; bbox 0 0 4442 6300; ppageno 0'>
   <div class='ocr_carea' id='block_1_1' title="bbox 1500 517 3618 770">
    <p class='ocr_par' dir='ltr' id='par_1_1' title="bbox 1500 517 3618 770">
     <span class='ocr_line' id='line_1_1' title="bbox 1500 517 2568 597; baseline -0.001 -26"><span class='ocrx_word' id='word_1_1' title='bbox 1500 518 1848 586; x_wconf 68' lang='lat' dir='ltr'><strong>Quinqun</strong></span> <span class='ocrx_word' id='word_1_2' title='bbox 1888 517 2360 597; x_wconf 38' lang='lat' dir='ltr'><strong>SANCTORUM</strong></span> <span class='ocrx_word' id='word_1_3' title='bbox 2395 520 2568 572; x_wconf 75' lang='lat' dir='ltr'>BTC.</span> 
     </span>
     <span class='ocr_line' id='line_1_2' title="bbox 2080 663 3618 770; baseline 0.001 -43"><span class='ocrx_word' id='word_1_4' title='bbox 2080 691 2099 699; x_wconf 89' lang='lat'><strong>·</strong></span> <span class='ocrx_word' id='word_1_5' title='bbox 2168 663 2574 770; x_wconf 24' lang='lat' dir='ltr'><strong><em>NIQCOLAUS</em></strong></span> <span class='ocrx_word' id='word_1_6' title='bbox 2606 664 2851 725; x_wconf 74' lang='lat' dir='ltr'><strong>MAMA</strong></span> <span class='ocrx_word' id='word_1_7' title='bbox 2890 664 3259 742; x_wconf 62' lang='lat' dir='ltr'><strong>calceantem·</strong></span> <span class='ocrx_word' id='word_1_8' title='bbox 3283 667 3618 743; x_wconf 60' lang='lat' dir='ltr'><strong>Episcopus</strong></span> 
     </span>
    </p>
   </div>
   <div class='ocr_carea' id='block_1_2' title="bbox 431 659 1996 737">
    <p class='ocr_par' dir='ltr' id='par_1_2' title="bbox 431 659 1996 737">
     <span class='ocr_line' id='line_1_3' title="bbox 431 659 1996 737; baseline -0.001 -13"><span class='ocrx_word' id='word_1_9' title='bbox 431 664 717 737; x_wconf 60' lang='lat' dir='ltr'><strong>mrim,</strong></span> <span class='ocrx_word' id='word_1_10' title='bbox 778 670 871 727; x_wconf 89' lang='lat' dir='ltr'><strong>tot</strong></span> <span class='ocrx_word' id='word_1_11' title='bbox 929 659 1273 732; x_wconf 79' lang='lat' dir='ltr'><strong>miraculis.</strong></span> <span class='ocrx_word' id='word_1_12' title='bbox 1302 663 1633 733; x_wconf 79' lang='lat' dir='ltr'><strong>roboratae</strong></span> <span class='ocrx_word' id='word_1_13' title='bbox 1703 662 1996 737; x_wconf 77' lang='lat' dir='ltr'><strong>fuerunt,</strong></span> 
     </span>
    </p>
   </div>
   <div class='ocr_carea' id='block_1_3' title="bbox 435 758 2063 844">
    <p class='ocr_par' dir='ltr' id='par_1_3' title="bbox 435 758 2063 844">
     <span class='ocr_line' id='line_1_4' title="bbox 435 758 2063 844; baseline -0.002 -17"><span class='ocrx_word' id='word_1_14' title='bbox 435 773 704 844; x_wconf 50' lang='lat' dir='ltr'><strong>atquem</strong></span> <span class='ocrx_word' id='word_1_15' title='bbox 746 778 993 825; x_wconf 84' lang='lat' dir='ltr'><strong>summo</strong></span> <span class='ocrx_word' id='word_1_16' title='bbox 1052 758 1408 825; x_wconf 78' lang='lat' dir='ltr'><strong>sanctitatis</strong></span> <span class='ocrx_word' id='word_1_17' title='bbox 1450 767 1713 825; x_wconf 78' lang='lat' dir='ltr'><strong>Vestrae</strong></span> <span class='ocrx_word' id='word_1_18' title='bbox 1766 759 1999 842; x_wconf 76' lang='lat' dir='ltr'><strong>iudicio</strong></span> <span class='ocrx_word' id='word_1_19' title='bbox 2060 788 2063 791; x_wconf 43' lang='lat'><em>¹</em></span> 
     </span>
    </p>
   </div>
   <div class='ocr_carea' id='block_1_4' title="bbox 435 858 2001 1329">
    <p class='ocr_par' dir='ltr' id='par_1_4' title="bbox 435 858 2001 1329">
     <span class='ocr_line' id='line_1_5' title="bbox 435 858 2001 944; baseline -0.003 -21"><span class='ocrx_word' id='word_1_20' title='bbox 435 863 776 944; x_wconf 82' lang='lat' dir='ltr'><strong>probatae,</strong></span> <span class='ocrx_word' id='word_1_21' title='bbox 804 865 872 920; x_wconf 92' lang='lat' dir='ltr'><strong>ut</strong></span> <span class='ocrx_word' id='word_1_22' title='bbox 900 858 969 919; x_wconf 38' lang='lat' dir='ltr'><strong>in*</strong></span> <span class='ocrx_word' id='word_1_23' title='bbox 992 862 1356 923; x_wconf 84' lang='lat' dir='ltr'><strong>Sanctorum</strong></span> <span class='ocrx_word' id='word_1_24' title='bbox 1389 872 1657 922; x_wconf 84' lang='lat' dir='ltr'><strong>numero</strong></span> <span class='ocrx_word' id='word_1_25' title='bbox 1672 877 2001 923; x_wconf 82' lang='lat' dir='ltr'><strong>recensen-</strong></span> 
     </span>
     <span class='ocr_line' id='line_1_6' title="bbox 438 955 2000 1036; baseline -0.003 -15"><span class='ocrx_word' id='word_1_26' title='bbox 438 958 558 1028; x_wconf 82' lang='lat' dir='ltr'><strong>dus</strong></span> <span class='ocrx_word' id='word_1_27' title='bbox 584 958 842 1021; x_wconf 84' lang='lat' dir='ltr'><strong>om&#39;nino</strong></span> <span class='ocrx_word' id='word_1_28' title='bbox 871 955 1171 1018; x_wconf 74' lang='lat' dir='ltr'><strong>videatur.</strong></span> <span class='ocrx_word' id='word_1_29' title='bbox 1203 960 1331 1027; x_wconf 81' lang='lat' dir='ltr'><strong>Qua</strong></span> <span class='ocrx_word' id='word_1_30' title='bbox 1376 955 1627 1036; x_wconf 86' lang='lat' dir='ltr'><strong>quidem</strong></span> <span class='ocrx_word' id='word_1_31' title='bbox 1660 955 1722 1016; x_wconf 91' lang='lat' dir='ltr'><strong>in</strong></span> <span class='ocrx_word' id='word_1_32' title='bbox 1766 976 1835 1019; x_wconf 85' lang='lat' dir='ltr'><strong>re</strong></span> <span class='ocrx_word' id='word_1_33' title='bbox 1879 973 2000 1017; x_wconf 89' lang='lat' dir='ltr'><strong>non</strong></span> 
     </span>
     <span class='ocr_line' id='line_1_7' title="bbox 439 1045 1997 1122; baseline -0.003 -5"><span class='ocrx_word' id='word_1_34' title='bbox 439 1045 646 1117; x_wconf 82' lang='lat' dir='ltr'><strong>solum</strong></span> <span class='ocrx_word' id='word_1_35' title='bbox 691 1051 1113 1117; x_wconf 84' lang='lat' dir='ltr'><strong>libentissime</strong></span> <span class='ocrx_word' id='word_1_36' title='bbox 1156 1050 1511 1122; x_wconf 82' lang='lat' dir='ltr'><strong>adhaereo,</strong></span> <span class='ocrx_word' id='word_1_37' title='bbox 1539 1071 1761 1115; x_wconf 86' lang='lat' dir='ltr'><strong>verum</strong></span> <span class='ocrx_word' id='word_1_38' title='bbox 1806 1049 1997 1113; x_wconf 88' lang='lat' dir='ltr'><strong>etiam</strong></span> 
     </span>
     <span class='ocr_line' id='line_1_8' title="bbox 435 1148 2001 1231; baseline 0 -18"><span class='ocrx_word' id='word_1_39' title='bbox 435 1154 890 1213; x_wconf 73' lang='lat' dir='ltr'>SANCTITATI</span> <span class='ocrx_word' id='word_1_40' title='bbox 944 1153 1262 1215; x_wconf 76' lang='lat' dir='ltr'>VESTRAE</span> <span class='ocrx_word' id='word_1_41' title='bbox 1305 1150 1522 1213; x_wconf 83' lang='lat' dir='ltr'><strong>enixas</strong></span> <span class='ocrx_word' id='word_1_42' title='bbox 1564 1148 2001 1231; x_wconf 85' lang='lat' dir='ltr'><strong>demissasque</strong></span> 
     </span>
     <span class='ocr_line' id='line_1_9' title="bbox 437 1246 958 1329; baseline -0.002 -21"><span class='ocrx_word' id='word_1_43' title='bbox 437 1252 656 1329; x_wconf 74' lang='lat' dir='ltr'><strong>preces</strong></span> <span class='ocrx_word' id='word_1_44' title='bbox 684 1246 958 1311; x_wconf 77' lang='lat' dir='ltr'><strong>effundo.</strong></span> 
     </span>
    </p>
   </div>
   <div class='ocr_carea' id='block_1_5' title="bbox 575 1441 1867 1521">
    <p class='ocr_par' dir='ltr' id='par_1_5' title="bbox 575 1441 1867 1521">
     <span class='ocr_line' id='line_1_10' title="bbox 575 1441 1867 1521; baseline -0.002 -16"><span class='ocrx_word' id='word_1_45' title='bbox 575 1441 986 1505; x_wconf 72' lang='lat' dir='ltr'><strong><em>NIGOLAUS</em></strong></span> <span class='ocrx_word' id='word_1_46' title='bbox 1022 1444 1187 1521; x_wconf 65' lang='lat' dir='ltr'><strong>Ct’offl</strong></span> <span class='ocrx_word' id='word_1_47' title='bbox 1217 1444 1555 1519; x_wconf 71' lang='lat' dir='ltr'><strong><em>Episcopus</em></strong></span> <span class='ocrx_word' id='word_1_48' title='bbox 1584 1445 1867 1508; x_wconf 72' lang='lat' dir='ltr'><strong>Soranus.</strong></span> 
     </span>
    </p>
   </div>
   <div class='ocr_carea' id='block_1_6' title="bbox 437 1632 2009 2012">
    <p class='ocr_par' dir='ltr' id='par_1_6' title="bbox 437 1632 2009 2012">
     <span class='ocr_line' id='line_1_11' title="bbox 564 1632 2007 1720; baseline 0.005 -25"><span class='ocrx_word' id='word_1_49' title='bbox 564 1632 778 1697; x_wconf 82' lang='lat' dir='ltr'><strong>Divina</strong></span> <span class='ocrx_word' id='word_1_50' title='bbox 807 1632 1111 1718; x_wconf 78' lang='lat' dir='ltr'><strong>prodigia,</strong></span> <span class='ocrx_word' id='word_1_51' title='bbox 1145 1634 1377 1716; x_wconf 88' lang='lat' dir='ltr'><strong>quibus</strong></span> <span class='ocrx_word' id='word_1_52' title='bbox 1407 1637 1808 1720; x_wconf 87' lang='lat' dir='ltr'><strong>omnipotens</strong></span> <span class='ocrx_word' id='word_1_53' title='bbox 1839 1642 2007 1702; x_wconf 89' lang='lat' dir='ltr'><strong>Deus</strong></span> 
     </span>
     <span class='ocr_line' id='line_1_12' title="bbox 437 1731 2007 1815; baseline 0.002 -19"><span class='ocrx_word' id='word_1_54' title='bbox 437 1731 693 1796; x_wconf 82' lang='lat' dir='ltr'><strong>beatum</strong></span> <span class='ocrx_word' id='word_1_55' title='bbox 724 1733 1376 1815; x_wconf 70' lang='lat' dir='ltr'><strong>Petrum.Regatatum</strong></span> <span class='ocrx_word' id='word_1_56' title='bbox 1408 1744 1474 1799; x_wconf 91' lang='lat' dir='ltr'><strong>et</strong></span> <span class='ocrx_word' id='word_1_57' title='bbox 1502 1734 1793 1800; x_wconf 80' lang='lat' dir='ltr'><strong>adbucin</strong></span> <span class='ocrx_word' id='word_1_58' title='bbox 1821 1736 2007 1799; x_wconf 89' lang='lat' dir='ltr'><strong>terris</strong></span> 
     </span>
     <span class='ocr_line' id='line_1_13' title="bbox 439 1829 2009 1911; baseline 0.002 -19"><span class='ocrx_word' id='word_1_59' title='bbox 439 1836 723 1911; x_wconf 79' lang='lat' dir='ltr'><strong>agentem</strong></span> <span class='ocrx_word' id='word_1_60' title='bbox 756 1835 821 1893; x_wconf 89' lang='lat' dir='ltr'><strong>et</strong></span> <span class='ocrx_word' id='word_1_61' title='bbox 852 1837 992 1910; x_wconf 90' lang='lat' dir='ltr'><strong>post</strong></span> <span class='ocrx_word' id='word_1_62' title='bbox 1032 1830 1274 1892; x_wconf 88' lang='lat' dir='ltr'><strong>obitum</strong></span> <span class='ocrx_word' id='word_1_63' title='bbox 1303 1829 1639 1896; x_wconf 83' lang='lat' dir='ltr'><strong>illustravit</strong></span> <span class='ocrx_word' id='word_1_64' title='bbox 1668 1873 1688 1902; x_wconf 85' lang='lat'>‚</span> <span class='ocrx_word' id='word_1_65' title='bbox 1733 1831 2009 1895; x_wconf 85' lang='lat' dir='ltr'><strong>luculen-</strong></span> 
     </span>
     <span class='ocr_line' id='line_1_14' title="bbox 437 1926 2005 2012; baseline 0.003 -26"><span class='ocrx_word' id='word_1_66' title='bbox 437 1926 679 1989; x_wconf 87' lang='lat' dir='ltr'><strong>tissima</strong></span> <span class='ocrx_word' id='word_1_67' title='bbox 710 1935 854 1990; x_wconf 91' lang='lat' dir='ltr'><strong>sunt</strong></span> <span class='ocrx_word' id='word_1_68' title='bbox 883 1927 1243 1991; x_wconf 86' lang='lat' dir='ltr'><strong>testimonia</strong></span> <span class='ocrx_word' id='word_1_69' title='bbox 1258 1948 1393 1990; x_wconf 76' lang='lat' dir='ltr'><strong>non</strong></span> <span class='ocrx_word' id='word_1_70' title='bbox 1420 1931 1633 1993; x_wconf 85' lang='lat' dir='ltr'><strong>minus</strong></span> <span class='ocrx_word' id='word_1_71' title='bbox 1671 1928 2005 2012; x_wconf 77' lang='lat' dir='ltr'><strong>insignium</strong></span> 
     </span>
    </p>
   </div>
   <div class='ocr_carea' id='block_1_7' title="bbox 438 2021 2045 2109">
    <p class='ocr_par' dir='ltr' id='par_1_7' title="bbox 438 2021 2045 2109">
     <span class='ocr_line' id='line_1_15' title="bbox 438 2021 2045 2109; baseline 0.003 -24"><span class='ocrx_word' id='word_1_72' title='bbox 438 2022 916 2099; x_wconf 79' lang='lat' dir='ltr'><strong>christianarum</strong></span> <span class='ocrx_word' id='word_1_73' title='bbox 939 2021 1507 2107; x_wconf 70' lang='lat' dir='ltr'><strong>religiosarumque</strong></span> <span class='ocrx_word' id='word_1_74' title='bbox 1522 2026 1844 2099; x_wconf 81' lang='lat' dir='ltr'><strong>virtutum,</strong></span> <span class='ocrx_word' id='word_1_75' title='bbox 1876 2027 2010 2109; x_wconf 85' lang='lat' dir='ltr'><strong>qui·</strong></span> <span class='ocrx_word' id='word_1_76' title='bbox 2042 2098 2045 2101; x_wconf 53' lang='grc'><strong>,</strong></span> 
     </span>
    </p>
   </div>
   <div class='ocr_carea' id='block_1_8' title="bbox 436 2110 2012 2773">
    <p class='ocr_par' dir='ltr' id='par_1_8' title="bbox 436 2110 2012 2773">
     <span class='ocr_line' id='line_1_16' title="bbox 443 2110 2007 2207; baseline 0.003 -26"><span class='ocrx_word' id='word_1_77' title='bbox 443 2119 565 2183; x_wconf 88' lang='lat' dir='ltr'><strong>bus</strong></span> <span class='ocrx_word' id='word_1_78' title='bbox 593 2110 704 2185; x_wconf 67' lang='lat' dir='ltr'><strong>ine*</strong></span> <span class='ocrx_word' id='word_1_79' title='bbox 736 2121 926 2184; x_wconf 84' lang='lat' dir='ltr'><strong>divini</strong></span> <span class='ocrx_word' id='word_1_80' title='bbox 958 2120 1212 2183; x_wconf 90' lang='lat' dir='ltr'><strong>bonoris</strong></span> <span class='ocrx_word' id='word_1_81' title='bbox 1240 2121 1481 2185; x_wconf 87' lang='lat' dir='ltr'><strong>cultum</strong></span> <span class='ocrx_word' id='word_1_82' title='bbox 1507 2165 1529 2195; x_wconf 89' lang='lat'>‚</span> <span class='ocrx_word' id='word_1_83' title='bbox 1560 2122 1888 2207; x_wconf 81' lang='lat' dir='ltr'><strong>Regularis</strong></span> <span class='ocrx_word' id='word_1_84' title='bbox 1916 2123 2007 2187; x_wconf 88' lang='lat' dir='ltr'><strong>di-</strong></span> 
     </span>
     <span class='ocr_line' id='line_1_17' title="bbox 441 2217 2005 2301; baseline 0.002 -20"><span class='ocrx_word' id='word_1_85' title='bbox 441 2217 744 2301; x_wconf 76' lang='lat' dir='ltr'><strong>sciplinae</strong></span> <span class='ocrx_word' id='word_1_86' title='bbox 761 2218 1221 2282; x_wconf 71' lang='lat' dir='ltr'><strong>observantiam</strong></span> <span class='ocrx_word' id='word_1_87' title='bbox 1235 2231 1302 2282; x_wconf 88' lang='lat' dir='ltr'><strong>et</strong></span> <span class='ocrx_word' id='word_1_88' title='bbox 1322 2229 1643 2284; x_wconf 82' lang='lat' dir='ltr'><strong>aeternam</strong></span> <span class='ocrx_word' id='word_1_89' title='bbox 1661 2222 2005 2287; x_wconf 84' lang='lat' dir='ltr'><strong>animarum</strong></span> 
     </span>
     <span class='ocr_line' id='line_1_18' title="bbox 443 2306 2006 2401; baseline 0.006 -25"><span class='ocrx_word' id='word_1_90' title='bbox 443 2315 713 2385; x_wconf 78' lang='lat' dir='ltr'><strong>salutem</strong></span> <span class='ocrx_word' id='word_1_91' title='bbox 757 2335 1004 2397; x_wconf 81' lang='lat' dir='ltr'><strong>semper</strong></span> <span class='ocrx_word' id='word_1_92' title='bbox 1040 2306 1329 2388; x_wconf 80' lang='lat' dir='ltr'><strong>curavit,</strong></span> <span class='ocrx_word' id='word_1_93' title='bbox 1357 2337 1544 2398; x_wconf 82' lang='lat' dir='ltr'><strong>quam</strong></span> <span class='ocrx_word' id='word_1_94' title='bbox 1590 2321 2006 2401; x_wconf 69' lang='lat' dir='ltr'><strong>sempiternae</strong></span> 
     </span>
     <span class='ocr_line' id='line_1_19' title="bbox 441 2412 2011 2494; baseline 0.005 -19"><span class='ocrx_word' id='word_1_95' title='bbox 441 2412 677 2493; x_wconf 82' lang='lat' dir='ltr'><strong>gloriae</strong></span> <span class='ocrx_word' id='word_1_96' title='bbox 699 2456 720 2485; x_wconf 89' lang='lat'>‚</span> <span class='ocrx_word' id='word_1_97' title='bbox 748 2433 933 2494; x_wconf 84' lang='lat' dir='ltr'><strong>quam</strong></span> <span class='ocrx_word' id='word_1_98' title='bbox 963 2413 1173 2477; x_wconf 85' lang='lat' dir='ltr'><strong>eidem</strong></span> <span class='ocrx_word' id='word_1_99' title='bbox 1202 2413 1264 2474; x_wconf 87' lang='lat' dir='ltr'><strong>iu</strong></span> <span class='ocrx_word' id='word_1_100' title='bbox 1293 2414 1488 2479; x_wconf 79' lang='lat' dir='ltr'><strong>caelis</strong></span> <span class='ocrx_word' id='word_1_101' title='bbox 1520 2416 1774 2481; x_wconf 82' lang='lat' dir='ltr'><strong>donavit</strong></span> <span class='ocrx_word' id='word_1_102' title='bbox 1816 2420 2011 2483; x_wconf 89' lang='lat' dir='ltr'><strong>bono·</strong></span> 
     </span>
     <span class='ocr_line' id='line_1_20' title="bbox 436 2508 2004 2591; baseline 0.006 -23"><span class='ocrx_word' id='word_1_103' title='bbox 436 2510 572 2573; x_wconf 81' lang='lat' dir='ltr'><strong>rum</strong></span> <span class='ocrx_word' id='word_1_104' title='bbox 618 2508 897 2572; x_wconf 86' lang='lat' dir='ltr'><strong>omnium</strong></span> <span class='ocrx_word' id='word_1_105' title='bbox 948 2509 1208 2591; x_wconf 79' lang='lat' dir='ltr'><strong>largitor</strong></span> <span class='ocrx_word' id='word_1_106' title='bbox 1234 2518 1301 2575; x_wconf 91' lang='lat' dir='ltr'><strong>et</strong></span> <span class='ocrx_word' id='word_1_107' title='bbox 1349 2522 1781 2579; x_wconf 72' lang='lat' dir='ltr'><strong>remunerator</strong></span> <span class='ocrx_word' id='word_1_108' title='bbox 1826 2521 2004 2583; x_wconf 84' lang='lat' dir='ltr'><strong>Deus.</strong></span> 
     </span>
     <span class='ocr_line' id='line_1_21' title="bbox 442 2606 2012 2692; baseline 0.007 -25"><span class='ocrx_word' id='word_1_109' title='bbox 442 2613 659 2686; x_wconf 80' lang='lat' dir='ltr'><strong>ltaque</strong></span> <span class='ocrx_word' id='word_1_110' title='bbox 688 2606 855 2672; x_wconf 87' lang='lat' dir='ltr'><strong>inter</strong></span> <span class='ocrx_word' id='word_1_111' title='bbox 884 2614 1144 2671; x_wconf 80' lang='lat' dir='ltr'><strong>sanctos</strong></span> <span class='ocrx_word' id='word_1_112' title='bbox 1176 2630 1290 2692; x_wconf 88' lang='lat' dir='ltr'><strong>per</strong></span> <span class='ocrx_word' id='word_1_113' title='bbox 1309 2615 1858 2679; x_wconf 72' lang='lat' dir='ltr'><strong>SANCTITATEM</strong></span> <span class='ocrx_word' id='word_1_114' title='bbox 1886 2620 2012 2678; x_wconf 86' lang='lat' dir='ltr'><strong>TU·</strong></span> 
     </span>
     <span class='ocr_line' id='line_1_22' title="bbox 438 2704 1750 2773; baseline 0.005 -6"><span class='ocrx_word' id='word_1_115' title='bbox 438 2709 555 2767; x_wconf 71' lang='lat' dir='ltr'><strong>AM</strong></span> <span class='ocrx_word' id='word_1_116' title='bbox 584 2705 807 2770; x_wconf 80' lang='lat' dir='ltr'><strong>merito</strong></span> <span class='ocrx_word' id='word_1_117' title='bbox 832 2704 1236 2773; x_wconf 78' lang='lat' dir='ltr'><strong>referendum</strong></span> <span class='ocrx_word' id='word_1_118' title='bbox 1263 2726 1411 2772; x_wconf 88' lang='lat' dir='ltr'><strong>esse</strong></span> <span class='ocrx_word' id='word_1_119' title='bbox 1437 2708 1750 2773; x_wconf 80' lang='lat' dir='ltr'><strong>existimo.</strong></span> 
     </span>
    </p>
   </div>
   <div class='ocr_carea' id='block_1_9' title="bbox 384 2895 1969 3061">
    <p class='ocr_par' dir='ltr' id='par_1_9' title="bbox 384 2895 1969 3061">
     <span class='ocr_line' id='line_1_23' title="bbox 384 2895 1969 2989; baseline 0.006 -32"><span class='ocrx_word' id='word_1_120' title='bbox 384 2984 389 2989; x_wconf 14' lang='lat' dir='ltr'>h</span> <span class='ocrx_word' id='word_1_121' title='bbox 481 2895 697 2961; x_wconf 72' lang='lat' dir='ltr'><em>JOAN</em></span> <span class='ocrx_word' id='word_1_122' title='bbox 701 2900 762 2961; x_wconf 86' lang='lat' dir='ltr'><strong><em>N</em></strong></span> <span class='ocrx_word' id='word_1_123' title='bbox 763 2899 859 2963; x_wconf 75' lang='lat' dir='ltr'><strong>Es</strong></span> <span class='ocrx_word' id='word_1_124' title='bbox 885 2898 1310 2963; x_wconf 75' lang='lat' dir='ltr'><strong><em>ANTONIUS</em></strong></span> <span class='ocrx_word' id='word_1_125' title='bbox 1348 2905 1604 2964; x_wconf 69' lang='lat' dir='ltr'><strong>Castam</strong></span> <span class='ocrx_word' id='word_1_126' title='bbox 1628 2901 1969 2981; x_wconf 74' lang='lat' dir='ltr'><strong>Episcopus</strong></span> 
     </span>
     <span class='ocr_line' id='line_1_24' title="bbox 1030 2996 1437 3061; baseline 0.005 -2"><span class='ocrx_word' id='word_1_127' title='bbox 1030 2996 1437 3061; x_wconf 63' lang='lat' dir='ltr'><strong>Gathetsnsis.</strong></span> 
     </span>
    </p>
   </div>
   <div class='ocr_carea' id='block_1_10' title="bbox 439 3189 2009 4360">
    <p class='ocr_par' dir='ltr' id='par_1_10' title="bbox 439 3189 2009 4360">
     <span class='ocr_line' id='line_1_25' title="bbox 566 3189 2003 3279; baseline 0.003 -27"><span class='ocrx_word' id='word_1_128' title='bbox 566 3189 705 3253; x_wconf 79' lang='lat' dir='ltr'><strong>Non</strong></span> <span class='ocrx_word' id='word_1_129' title='bbox 746 3197 846 3256; x_wconf 82' lang='lat' dir='ltr'><strong>est</strong></span> <span class='ocrx_word' id='word_1_130' title='bbox 887 3210 997 3268; x_wconf 75' lang='lat' dir='ltr'><strong>cur</strong></span> <span class='ocrx_word' id='word_1_131' title='bbox 1040 3189 1257 3255; x_wconf 79' lang='lat' dir='ltr'><strong>multis</strong></span> <span class='ocrx_word' id='word_1_132' title='bbox 1303 3193 1473 3259; x_wconf 84' lang='lat' dir='ltr'><strong>beati</strong></span> <span class='ocrx_word' id='word_1_133' title='bbox 1515 3192 1685 3258; x_wconf 85' lang='lat' dir='ltr'><strong>Petri</strong></span> <span class='ocrx_word' id='word_1_134' title='bbox 1726 3193 2003 3279; x_wconf 78' lang='lat' dir='ltr'><strong>Regalati</strong></span> 
     </span>
     <span class='ocr_line' id='line_1_26' title="bbox 441 3285 2008 3370; baseline 0.006 -23"><span class='ocrx_word' id='word_1_135' title='bbox 441 3285 784 3370; x_wconf 67' lang='lat' dir='ltr'><strong>singularia</strong></span> <span class='ocrx_word' id='word_1_136' title='bbox 804 3289 868 3350; x_wconf 90' lang='lat' dir='ltr'><strong>in</strong></span> <span class='ocrx_word' id='word_1_137' title='bbox 898 3289 1245 3368; x_wconf 82' lang='lat' dir='ltr'><strong>Ecclesiam</strong></span> <span class='ocrx_word' id='word_1_138' title='bbox 1269 3291 1491 3356; x_wconf 88' lang='lat' dir='ltr'><strong>merita</strong></span> <span class='ocrx_word' id='word_1_139' title='bbox 1512 3311 1857 3368; x_wconf 84' lang='lat' dir='ltr'><strong>numerem.</strong></span> <span class='ocrx_word' id='word_1_140' title='bbox 1891 3299 2008 3357; x_wconf 86' lang='lat' dir='ltr'><strong>Te-</strong></span> 
     </span>
     <span class='ocr_line' id='line_1_27' title="bbox 444 3389 2007 3473; baseline 0.006 -27"><span class='ocrx_word' id='word_1_141' title='bbox 444 3391 603 3448; x_wconf 76' lang='lat' dir='ltr'><strong>stata</strong></span> <span class='ocrx_word' id='word_1_142' title='bbox 641 3406 910 3467; x_wconf 83' lang='lat' dir='ltr'><strong>namque</strong></span> <span class='ocrx_word' id='word_1_143' title='bbox 954 3407 1058 3451; x_wconf 87' lang='lat' dir='ltr'><strong>res</strong></span> <span class='ocrx_word' id='word_1_144' title='bbox 1112 3397 1236 3461; x_wconf 80' lang='lat' dir='ltr'><strong>est.</strong></span> <span class='ocrx_word' id='word_1_145' title='bbox 1266 3410 1418 3452; x_wconf 83' lang='lat' dir='ltr'><strong>eum</strong></span> <span class='ocrx_word' id='word_1_146' title='bbox 1454 3389 1584 3473; x_wconf 85' lang='lat' dir='ltr'><strong>jam</strong></span> <span class='ocrx_word' id='word_1_147' title='bbox 1630 3392 1709 3454; x_wconf 86' lang='lat' dir='ltr'><strong>ab</strong></span> <span class='ocrx_word' id='word_1_148' title='bbox 1752 3391 2007 3455; x_wconf 76' lang='lat' dir='ltr'><strong>infantia</strong></span> 
     </span>
     <span class='ocr_line' id='line_1_28' title="bbox 441 3481 2008 3571; baseline 0.006 -28"><span class='ocrx_word' id='word_1_149' title='bbox 441 3481 577 3563; x_wconf 84' lang='lat' dir='ltr'><strong>ipsa</strong></span> <span class='ocrx_word' id='word_1_150' title='bbox 595 3490 766 3546; x_wconf 80' lang='lat' dir='ltr'><strong>tanta</strong></span> <span class='ocrx_word' id='word_1_151' title='bbox 789 3485 1022 3564; x_wconf 87' lang='lat' dir='ltr'><strong>pietate</strong></span> <span class='ocrx_word' id='word_1_152' title='bbox 1049 3494 1351 3568; x_wconf 71' lang='lat' dir='ltr'><strong>tantoque</strong></span> <span class='ocrx_word' id='word_1_153' title='bbox 1380 3508 1528 3571; x_wconf 80' lang='lat' dir='ltr'><strong>erga</strong></span> <span class='ocrx_word' id='word_1_154' title='bbox 1561 3494 1751 3551; x_wconf 87' lang='lat' dir='ltr'><strong>Deum</strong></span> <span class='ocrx_word' id='word_1_155' title='bbox 1771 3498 1837 3552; x_wconf 88' lang='lat' dir='ltr'><strong>et</strong></span> <span class='ocrx_word' id='word_1_156' title='bbox 1866 3495 2008 3554; x_wconf 83' lang='lat' dir='ltr'><strong>Pro-</strong></span> 
     </span>
     <span class='ocr_line' id='line_1_29' title="bbox 442 3580 2009 3667; baseline 0.006 -25"><span class='ocrx_word' id='word_1_157' title='bbox 442 3580 643 3646; x_wconf 76' lang='lat' dir='ltr'><strong>ximos</strong></span> <span class='ocrx_word' id='word_1_158' title='bbox 665 3601 881 3645; x_wconf 88' lang='lat' dir='ltr'><strong>amore</strong></span> <span class='ocrx_word' id='word_1_159' title='bbox 910 3582 1311 3656; x_wconf 73' lang='lat' dir='ltr'><strong>inclaruisse,</strong></span> <span class='ocrx_word' id='word_1_160' title='bbox 1328 3594 1398 3646; x_wconf 86' lang='lat' dir='ltr'><strong>nt</strong></span> <span class='ocrx_word' id='word_1_161' title='bbox 1418 3587 1494 3648; x_wconf 83' lang='lat' dir='ltr'><strong>ad</strong></span> <span class='ocrx_word' id='word_1_162' title='bbox 1527 3586 1790 3648; x_wconf 82' lang='lat' dir='ltr'><strong>maxima</strong></span> <span class='ocrx_word' id='word_1_163' title='bbox 1820 3607 2009 3667; x_wconf 86' lang='lat' dir='ltr'><strong>quae·</strong></span> 
     </span>
     <span class='ocr_line' id='line_1_30' title="bbox 442 3681 2003 3757; baseline 0.004 -19"><span class='ocrx_word' id='word_1_164' title='bbox 442 3697 564 3757; x_wconf 87' lang='lat' dir='ltr'><strong>que</strong></span> <span class='ocrx_word' id='word_1_165' title='bbox 594 3689 779 3742; x_wconf 78' lang='lat' dir='ltr'><strong>natus</strong></span> <span class='ocrx_word' id='word_1_166' title='bbox 808 3699 949 3744; x_wconf 85' lang='lat' dir='ltr'><strong>esse</strong></span> <span class='ocrx_word' id='word_1_167' title='bbox 992 3681 1332 3746; x_wconf 84' lang='lat' dir='ltr'><strong>videretur.</strong></span> <span class='ocrx_word' id='word_1_168' title='bbox 1378 3684 1494 3747; x_wconf 88' lang='lat' dir='ltr'><strong>Ubi</strong></span> <span class='ocrx_word' id='word_1_169' title='bbox 1539 3693 1744 3747; x_wconf 89' lang='lat' dir='ltr'><strong>autem</strong></span> <span class='ocrx_word' id='word_1_170' title='bbox 1790 3685 2003 3748; x_wconf 86' lang='lat' dir='ltr'><strong>Ordini</strong></span> 
     </span>
     <span class='ocr_line' id='line_1_31' title="bbox 444 3775 2004 3863; baseline 0.001 -21"><span class='ocrx_word' id='word_1_171' title='bbox 444 3775 847 3844; x_wconf 77' lang='lat' dir='ltr'><strong>Franciscano</strong></span> <span class='ocrx_word' id='word_1_172' title='bbox 877 3795 1102 3841; x_wconf 87' lang='lat' dir='ltr'><strong>nomen</strong></span> <span class='ocrx_word' id='word_1_173' title='bbox 1132 3779 1709 3863; x_wconf 55' lang='lat' dir='ltr'><strong>dadin—numquam</strong></span> <span class='ocrx_word' id='word_1_174' title='bbox 1740 3780 2004 3856; x_wconf 78' lang='lat' dir='ltr'><strong>destitit,</strong></span> 
     </span>
     <span class='ocr_line' id='line_1_32' title="bbox 441 3872 2004 3962; baseline 0.007 -29"><span class='ocrx_word' id='word_1_175' title='bbox 441 3872 587 3952; x_wconf 86' lang='lat' dir='ltr'><strong>quin</strong></span> <span class='ocrx_word' id='word_1_176' title='bbox 617 3879 682 3935; x_wconf 86' lang='lat' dir='ltr'><strong>et</strong></span> <span class='ocrx_word' id='word_1_177' title='bbox 711 3874 979 3938; x_wconf 79' lang='lat' dir='ltr'><strong>orationi</strong></span> <span class='ocrx_word' id='word_1_178' title='bbox 996 3877 1346 3956; x_wconf 79' lang='lat' dir='ltr'><strong>insisteret,</strong></span> <span class='ocrx_word' id='word_1_179' title='bbox 1377 3885 1699 3960; x_wconf 60' lang='lat' dir='ltr'><strong>etcorpus</strong></span> <span class='ocrx_word' id='word_1_180' title='bbox 1722 3877 2004 3962; x_wconf 82' lang='lat' dir='ltr'><strong>jejuniis,</strong></span> 
     </span>
     <span class='ocr_line' id='line_1_33' title="bbox 439 3968 2003 4055; baseline 0.008 -26"><span class='ocrx_word' id='word_1_181' title='bbox 439 3968 696 4050; x_wconf 78' lang='lat' dir='ltr'><strong>vigilia,</strong></span> <span class='ocrx_word' id='word_1_182' title='bbox 753 3972 1022 4055; x_wconf 74' lang='lat' dir='ltr'><strong>flagellis</strong></span> <span class='ocrx_word' id='word_1_183' title='bbox 1067 3981 1449 4050; x_wconf 78' lang='lat' dir='ltr'><strong>maceraret,</strong></span> <span class='ocrx_word' id='word_1_184' title='bbox 1494 3985 1561 4040; x_wconf 88' lang='lat' dir='ltr'><strong>et</strong></span> <span class='ocrx_word' id='word_1_185' title='bbox 1603 3977 1890 4051; x_wconf 86' lang='lat' dir='ltr'><strong>miseris,</strong></span> <span class='ocrx_word' id='word_1_186' title='bbox 1936 3986 2003 4041; x_wconf 85' lang='lat' dir='ltr'><strong>ut</strong></span> 
     </span>
     <span class='ocr_line' id='line_1_34' title="bbox 442 4065 2000 4153; baseline 0.008 -26"><span class='ocrx_word' id='word_1_187' title='bbox 442 4065 611 4131; x_wconf 83' lang='lat' dir='ltr'><strong>vires</strong></span> <span class='ocrx_word' id='word_1_188' title='bbox 639 4067 925 4132; x_wconf 79' lang='lat' dir='ltr'><strong>serebant</strong></span> <span class='ocrx_word' id='word_1_189' title='bbox 945 4113 968 4144; x_wconf 91' lang='lat'><strong><em>‚</em></strong></span> <span class='ocrx_word' id='word_1_190' title='bbox 999 4091 1182 4153; x_wconf 86' lang='lat' dir='ltr'><strong>opem</strong></span> <span class='ocrx_word' id='word_1_191' title='bbox 1216 4073 1589 4152; x_wconf 71' lang='lat' dir='ltr'><strong>intenderet.</strong></span> <span class='ocrx_word' id='word_1_192' title='bbox 1621 4074 1780 4148; x_wconf 85' lang='lat' dir='ltr'><strong>Quin</strong></span> <span class='ocrx_word' id='word_1_193' title='bbox 1811 4077 2000 4140; x_wconf 79' lang='lat' dir='ltr'><strong>etiam</strong></span> 
     </span>
     <span class='ocr_line' id='line_1_35' title="bbox 443 4165 2007 4248; baseline 0.006 -22"><span class='ocrx_word' id='word_1_194' title='bbox 443 4181 582 4227; x_wconf 83' lang='lat' dir='ltr'><strong>cum</strong></span> <span class='ocrx_word' id='word_1_195' title='bbox 611 4165 853 4248; x_wconf 76' lang='lat' dir='ltr'><strong>angusti</strong></span> <span class='ocrx_word' id='word_1_196' title='bbox 884 4167 943 4231; x_wconf 88' lang='lat' dir='ltr'><strong>ei</strong></span> <span class='ocrx_word' id='word_1_197' title='bbox 970 4168 1335 4234; x_wconf 83' lang='lat' dir='ltr'><strong>viderentur</strong></span> <span class='ocrx_word' id='word_1_198' title='bbox 1352 4190 1497 4235; x_wconf 90' lang='lat' dir='ltr'><strong>esse</strong></span> <span class='ocrx_word' id='word_1_199' title='bbox 1523 4172 1910 4237; x_wconf 68' lang='lat' dir='ltr'><strong>austeritatis</strong></span> <span class='ocrx_word' id='word_1_200' title='bbox 1940 4172 2007 4235; x_wconf 85' lang='lat' dir='ltr'><strong>fi-</strong></span> 
     </span>
     <span class='ocr_line' id='line_1_36' title="bbox 439 4262 2002 4360; baseline 0.009 -40"><span class='ocrx_word' id='word_1_201' title='bbox 439 4273 549 4328; x_wconf 74' lang='lat' dir='ltr'><strong>nes</strong></span> <span class='ocrx_word' id='word_1_202' title='bbox 568 4303 591 4333; x_wconf 83' lang='lat'>,</span> <span class='ocrx_word' id='word_1_203' title='bbox 614 4262 847 4344; x_wconf 86' lang='lat' dir='ltr'><strong>quibus</strong></span> <span class='ocrx_word' id='word_1_204' title='bbox 876 4271 1005 4329; x_wconf 85' lang='lat' dir='ltr'><strong>tum</strong></span> <span class='ocrx_word' id='word_1_205' title='bbox 1036 4266 1359 4351; x_wconf 74' lang='lat' dir='ltr'><strong>Regularis</strong></span> <span class='ocrx_word' id='word_1_206' title='bbox 1387 4288 1639 4334; x_wconf 87' lang='lat' dir='ltr'><strong>suorum</strong></span> <span class='ocrx_word' id='word_1_207' title='bbox 1672 4268 2002 4360; x_wconf 74' lang='lat' dir='ltr'><strong>disciplina</strong></span> 
     </span>
    </p>
   </div>
   <div class='ocr_carea' id='block_1_11' title="bbox 438 4360 2029 4446">
    <p class='ocr_par' dir='ltr' id='par_1_11' title="bbox 438 4360 2029 4446">
     <span class='ocr_line' id='line_1_37' title="bbox 438 4360 2029 4446; baseline 0.007 -26"><span class='ocrx_word' id='word_1_208' title='bbox 438 4360 924 4431; x_wconf 76' lang='lat' dir='ltr'><strong>continebatur,</strong></span> <span class='ocrx_word' id='word_1_209' title='bbox 970 4363 1148 4446; x_wconf 88' lang='lat' dir='ltr'><strong>petiit</strong></span> <span class='ocrx_word' id='word_1_210' title='bbox 1172 4407 1194 4439; x_wconf 88' lang='lat'>‚</span> <span class='ocrx_word' id='word_1_211' title='bbox 1226 4374 1295 4428; x_wconf 88' lang='lat' dir='ltr'><strong>ut</strong></span> <span class='ocrx_word' id='word_1_212' title='bbox 1336 4365 1459 4428; x_wconf 90' lang='lat' dir='ltr'><strong>sibi</strong></span> <span class='ocrx_word' id='word_1_213' title='bbox 1500 4365 1563 4427; x_wconf 87' lang='lat' dir='ltr'><strong>in</strong></span> <span class='ocrx_word' id='word_1_214' title='bbox 1606 4364 2029 4431; x_wconf 48' lang='lat' dir='ltr'><strong>solitudinem*</strong></span> 
     </span>
    </p>
   </div>
   <div class='ocr_carea' id='block_1_12' title="bbox 428 4459 2007 5526">
    <p class='ocr_par' dir='ltr' id='par_1_12' title="bbox 428 4459 2007 5526">
     <span class='ocr_line' id='line_1_38' title="bbox 442 4459 2003 4539; baseline 0.003 -17"><span class='ocrx_word' id='word_1_215' title='bbox 442 4473 578 4522; x_wconf 76' lang='lat' dir='ltr'><strong>oum</strong></span> <span class='ocrx_word' id='word_1_216' title='bbox 604 4459 825 4539; x_wconf 87' lang='lat' dir='ltr'><strong>paucis</strong></span> <span class='ocrx_word' id='word_1_217' title='bbox 844 4461 1153 4534; x_wconf 72' lang='lat' dir='ltr'><strong>&#39;secedere</strong></span> <span class='ocrx_word' id='word_1_218' title='bbox 1182 4462 1420 4528; x_wconf 82' lang='lat' dir='ltr'><strong>liceret.</strong></span> <span class='ocrx_word' id='word_1_219' title='bbox 1453 4463 1522 4526; x_wconf 88' lang='lat' dir='ltr'><strong>ld</strong></span> <span class='ocrx_word' id='word_1_220' title='bbox 1550 4463 1659 4526; x_wconf 89' lang='lat' dir='ltr'><strong>nbi</strong></span> <span class='ocrx_word' id='word_1_221' title='bbox 1691 4465 2003 4538; x_wconf 89' lang='lat' dir='ltr'><strong>obtinuit,</strong></span> 
     </span>
     <span class='ocr_line' id='line_1_39' title="bbox 444 4550 2003 4642; baseline 0.007 -29"><span class='ocrx_word' id='word_1_222' title='bbox 444 4550 548 4615; x_wconf 80' lang='lat' dir='ltr'><strong>vix</strong></span> <span class='ocrx_word' id='word_1_223' title='bbox 574 4553 697 4618; x_wconf 89' lang='lat' dir='ltr'><strong>dici</strong></span> <span class='ocrx_word' id='word_1_224' title='bbox 726 4563 972 4636; x_wconf 78' lang='lat' dir='ltr'><strong>potest,</strong></span> <span class='ocrx_word' id='word_1_225' title='bbox 1003 4578 1190 4638; x_wconf 87' lang='lat' dir='ltr'><strong>quam</strong></span> <span class='ocrx_word' id='word_1_226' title='bbox 1222 4578 1476 4628; x_wconf 62' lang='lat' dir='ltr'><strong>sererus</strong></span> <span class='ocrx_word' id='word_1_227' title='bbox 1496 4561 1564 4622; x_wconf 77' lang='lat' dir='ltr'><strong>in</strong></span> <span class='ocrx_word' id='word_1_228' title='bbox 1598 4581 1693 4634; x_wconf 86' lang='lat' dir='ltr'><strong>se,</strong></span> <span class='ocrx_word' id='word_1_229' title='bbox 1724 4581 1909 4642; x_wconf 88' lang='lat' dir='ltr'><strong>quam</strong></span> <span class='ocrx_word' id='word_1_230' title='bbox 1941 4562 2003 4624; x_wconf 90' lang='lat' dir='ltr'><strong>in</strong></span> 
     </span>
     <span class='ocr_line' id='line_1_40' title="bbox 434 4643 2003 4739; baseline 0.008 -28"><span class='ocrx_word' id='word_1_231' title='bbox 434 4643 597 4714; x_wconf 67' lang='lat' dir='ltr'><strong>alio‘s</strong></span> <span class='ocrx_word' id='word_1_232' title='bbox 630 4652 989 4718; x_wconf 77' lang='lat' dir='ltr'><strong>misericors</strong></span> <span class='ocrx_word' id='word_1_233' title='bbox 1016 4652 1228 4719; x_wconf 78' lang='lat' dir='ltr'><strong>fuerit.</strong></span> <span class='ocrx_word' id='word_1_234' title='bbox 1259 4662 1584 4722; x_wconf 81' lang='lat' dir='ltr'><strong>Postremo</strong></span> <span class='ocrx_word' id='word_1_235' title='bbox 1613 4665 2003 4739; x_wconf 87' lang='lat' dir='ltr'><strong>paupertate,</strong></span> 
     </span>
     <span class='ocr_line' id='line_1_41' title="bbox 438 4748 2004 4839; baseline 0.008 -30"><span class='ocrx_word' id='word_1_236' title='bbox 438 4748 747 4832; x_wconf 77' lang='lat' dir='ltr'><strong>religione</strong></span> <span class='ocrx_word' id='word_1_237' title='bbox 766 4794 787 4823; x_wconf 89' lang='lat'><strong>,</strong></span> <span class='ocrx_word' id='word_1_238' title='bbox 830 4751 1135 4817; x_wconf 88' lang='lat' dir='ltr'><strong>cbaritate</strong></span> <span class='ocrx_word' id='word_1_239' title='bbox 1160 4798 1179 4826; x_wconf 93' lang='lat'><strong>,</strong></span> <span class='ocrx_word' id='word_1_240' title='bbox 1228 4752 1469 4817; x_wconf 82' lang='lat' dir='ltr'><strong>meritis</strong></span> <span class='ocrx_word' id='word_1_241' title='bbox 1488 4797 1509 4827; x_wconf 88' lang='lat'>‚</span> <span class='ocrx_word' id='word_1_242' title='bbox 1539 4754 1840 4839; x_wconf 74' lang='lat' dir='ltr'><strong>prodigiis</strong></span> <span class='ocrx_word' id='word_1_243' title='bbox 1866 4755 2004 4837; x_wconf 23' lang='lat' dir='ltr'><strong>*cla-</strong></span> 
     </span>
     <span class='ocr_line' id='line_1_42' title="bbox 437 4845 2002 4932; baseline 0.006 -24"><span class='ocrx_word' id='word_1_244' title='bbox 437 4863 547 4909; x_wconf 85' lang='lat' dir='ltr'><strong>rus</strong></span> <span class='ocrx_word' id='word_1_245' title='bbox 573 4847 639 4910; x_wconf 89' lang='lat' dir='ltr'><strong>in</strong></span> <span class='ocrx_word' id='word_1_246' title='bbox 681 4845 932 4911; x_wconf 79' lang='lat' dir='ltr'><strong>Caelum</strong></span> <span class='ocrx_word' id='word_1_247' title='bbox 979 4848 1283 4932; x_wconf 73' lang='lat' dir='ltr'><strong>migravit.</strong></span> <span class='ocrx_word' id='word_1_248' title='bbox 1331 4855 1531 4923; x_wconf 81' lang='lat' dir='ltr'><strong>Quare</strong></span> <span class='ocrx_word' id='word_1_249' title='bbox 1575 4871 1696 4915; x_wconf 92' lang='lat' dir='ltr'><strong>non</strong></span> <span class='ocrx_word' id='word_1_250' title='bbox 1740 4851 2002 4927; x_wconf 89' lang='lat' dir='ltr'><strong>dubito,</strong></span> 
     </span>
     <span class='ocr_line' id='line_1_43' title="bbox 435 4940 2004 5028; baseline 0.008 -25"><span class='ocrx_word' id='word_1_251' title='bbox 435 4944 584 5024; x_wconf 84' lang='lat' dir='ltr'><strong>quin</strong></span> <span class='ocrx_word' id='word_1_252' title='bbox 618 4940 859 5018; x_wconf 75' lang='lat' dir='ltr'><strong>omnes,</strong></span> <span class='ocrx_word' id='word_1_253' title='bbox 893 4954 1201 5028; x_wconf 84' lang='lat' dir='ltr'><strong>quotquot</strong></span> <span class='ocrx_word' id='word_1_254' title='bbox 1229 4943 1635 5012; x_wconf 79' lang='lat' dir='ltr'><strong>orthodoxam</strong></span> <span class='ocrx_word' id='word_1_255' title='bbox 1665 4949 1881 5013; x_wconf 89' lang='lat' dir='ltr'><strong>colunt</strong></span> <span class='ocrx_word' id='word_1_256' title='bbox 1909 4971 2004 5014; x_wconf 88' lang='lat' dir='ltr'><strong>re-</strong></span> 
     </span>
     <span class='ocr_line' id='line_1_44' title="bbox 434 5039 2007 5131; baseline 0.007 -30"><span class='ocrx_word' id='word_1_257' title='bbox 434 5039 727 5124; x_wconf 76' lang='lat' dir='ltr'><strong>ligionem</strong></span> <span class='ocrx_word' id='word_1_258' title='bbox 749 5085 769 5117; x_wconf 70' lang='lat'>2</span> <span class='ocrx_word' id='word_1_259' title='bbox 801 5062 1041 5110; x_wconf 83' lang='lat' dir='ltr'><strong>summa</strong></span> <span class='ocrx_word' id='word_1_260' title='bbox 1070 5045 1419 5112; x_wconf 62' lang='lat' dir='ltr'><strong>animos-rim</strong></span> <span class='ocrx_word' id='word_1_261' title='bbox 1461 5047 1874 5126; x_wconf 77' lang='lat' dir='ltr'><strong>consensione</strong></span> <span class='ocrx_word' id='word_1_262' title='bbox 1909 5043 2007 5131; x_wconf 85' lang='lat' dir='ltr'><strong>ju-</strong></span> 
     </span>
     <span class='ocr_line' id='line_1_45' title="bbox 436 5138 2002 5215; baseline 0.007 -16"><span class='ocrx_word' id='word_1_263' title='bbox 436 5138 671 5210; x_wconf 81' lang='lat' dir='ltr'><strong>dicent,</strong></span> <span class='ocrx_word' id='word_1_264' title='bbox 694 5141 904 5206; x_wconf 79' lang='lat' dir='ltr'><strong>benea</strong></span> <span class='ocrx_word' id='word_1_265' title='bbox 924 5146 1401 5215; x_wconf 71' lang='lat' dir='ltr'><strong>SANCTtTATE</strong></span> <span class='ocrx_word' id='word_1_266' title='bbox 1426 5149 1719 5206; x_wconf 75' lang='lat' dir='ltr'><strong>VESTttA</strong></span> <span class='ocrx_word' id='word_1_267' title='bbox 1734 5165 1875 5207; x_wconf 89' lang='lat' dir='ltr'><strong>cum</strong></span> <span class='ocrx_word' id='word_1_268' title='bbox 1890 5152 2002 5211; x_wconf 88' lang='lat' dir='ltr'><strong>Ec·</strong></span> 
     </span>
     <span class='ocr_line' id='line_1_46' title="bbox 430 5227 2003 5321; baseline 0.004 -21"><span class='ocrx_word' id='word_1_269' title='bbox 430 5235 865 5306; x_wconf 78' lang='lat' dir='ltr'><strong>elesiaactum</strong></span> <span class='ocrx_word' id='word_1_270' title='bbox 905 5256 1092 5311; x_wconf 85' lang='lat' dir='ltr'><strong>esse,</strong></span> <span class='ocrx_word' id='word_1_271' title='bbox 1125 5239 1292 5321; x_wconf 90' lang='lat' dir='ltr'><strong>quod</strong></span> <span class='ocrx_word' id='word_1_272' title='bbox 1336 5240 1550 5304; x_wconf 86' lang='lat' dir='ltr'><strong>Virum</strong></span> <span class='ocrx_word' id='word_1_273' title='bbox 1600 5247 1804 5306; x_wconf 82' lang='lat' dir='ltr'><strong>tantae</strong></span> <span class='ocrx_word' id='word_1_274' title='bbox 1848 5227 2003 5307; x_wconf 76' lang='lat' dir='ltr'><strong>inte-</strong></span> 
     </span>
     <span class='ocr_line' id='line_1_47' title="bbox 428 5332 2002 5416; baseline 0.008 -23"><span class='ocrx_word' id='word_1_275' title='bbox 428 5332 684 5416; x_wconf 74' lang='lat' dir='ltr'><strong>gritatis</strong></span> <span class='ocrx_word' id='word_1_276' title='bbox 713 5341 896 5416; x_wconf 86' lang='lat' dir='ltr'><strong>atque</strong></span> <span class='ocrx_word' id='word_1_277' title='bbox 926 5334 1181 5404; x_wconf 80' lang='lat' dir='ltr'><strong>virtutis</strong></span> <span class='ocrx_word' id='word_1_278' title='bbox 1206 5335 1284 5399; x_wconf 89' lang='lat' dir='ltr'><strong>iis</strong></span> <span class='ocrx_word' id='word_1_279' title='bbox 1311 5334 1653 5402; x_wconf 83' lang='lat' dir='ltr'><strong>bonoribus</strong></span> <span class='ocrx_word' id='word_1_280' title='bbox 1696 5336 2002 5406; x_wconf 82' lang='lat' dir='ltr'><strong>decorare</strong></span> 
     </span>
     <span class='ocr_line' id='line_1_48' title="bbox 444 5425 1845 5526; baseline 0.003 -33"><span class='ocrx_word' id='word_1_281' title='bbox 444 5430 763 5506; x_wconf 86' lang='lat' dir='ltr'><strong>statuerit,</strong></span> <span class='ocrx_word' id='word_1_282' title='bbox 793 5431 899 5514; x_wconf 70' lang='lat' dir='ltr'><strong>qni</strong></span> <span class='ocrx_word' id='word_1_283' title='bbox 928 5432 1163 5498; x_wconf 77' lang='lat' dir='ltr'><strong>Sanctis</strong></span> <span class='ocrx_word' id='word_1_284' title='bbox 1194 5432 1422 5526; x_wconf 81' lang='lat' dir='ltr'><strong>merito</strong></span> <span class='ocrx_word' id='word_1_285' title='bbox 1449 5425 1845 5518; x_wconf 54' lang='lat' dir='ltr'><strong>adhibentur-3</strong></span> 
     </span>
    </p>
   </div>
   <div class='ocr_carea' id='block_1_13' title="bbox 3381 515 3494 571">
    <p class='ocr_par' dir='ltr' id='par_1_13' title="bbox 3381 515 3494 571">
     <span class='ocr_line' id='line_1_49' title="bbox 3381 515 3494 571; baseline -0.027 0"><span class='ocrx_word' id='word_1_286' title='bbox 3381 515 3494 571; x_wconf 67' lang='lat'><strong>¹0⁹</strong></span> 
     </span>
    </p>
   </div>
   <div class='ocr_carea' id='block_1_14' title="bbox 2601 766 3177 825">
    <p class='ocr_par' dir='ltr' id='par_1_14' title="bbox 2601 766 3177 825">
     <span class='ocr_line' id='line_1_50' title="bbox 2601 766 3177 825; baseline 0.002 0"><span class='ocrx_word' id='word_1_287' title='bbox 2601 766 2881 825; x_wconf 71' lang='lat' dir='ltr'><strong>Civitatis</strong></span> <span class='ocrx_word' id='word_1_288' title='bbox 2905 766 3177 825; x_wconf 75' lang='lat' dir='ltr'><strong>Ducalis.</strong></span> 
     </span>
    </p>
   </div>
   <div class='ocr_carea' id='block_1_15' title="bbox 2111 954 3694 1721">
    <p class='ocr_par' dir='ltr' id='par_1_15' title="bbox 2111 954 3694 1721">
     <span class='ocr_line' id='line_1_51' title="bbox 2237 954 3679 1042; baseline 0.006 -26"><span class='ocrx_word' id='word_1_289' title='bbox 2237 958 2371 1017; x_wconf 87' lang='lat' dir='ltr'><strong>Non</strong></span> <span class='ocrx_word' id='word_1_290' title='bbox 2403 954 2629 1019; x_wconf 89' lang='lat' dir='ltr'><strong>minori</strong></span> <span class='ocrx_word' id='word_1_291' title='bbox 2671 955 3220 1021; x_wconf 82' lang='lat' dir='ltr'><strong>commendatione</strong></span> <span class='ocrx_word' id='word_1_292' title='bbox 3264 957 3492 1042; x_wconf 80' lang='lat' dir='ltr'><strong>dignus</strong></span> <span class='ocrx_word' id='word_1_293' title='bbox 3534 967 3679 1033; x_wconf 85' lang='lat' dir='ltr'><strong>est,</strong></span> 
     </span>
     <span class='ocr_line' id='line_1_52' title="bbox 2111 1048 3674 1136; baseline 0.004 -23"><span class='ocrx_word' id='word_1_294' title='bbox 2111 1048 2218 1133; x_wconf 88' lang='lat' dir='ltr'><strong>qui</strong></span> <span class='ocrx_word' id='word_1_295' title='bbox 2255 1072 2416 1132; x_wconf 84' lang='lat' dir='ltr'><strong>opus</strong></span> <span class='ocrx_word' id='word_1_296' title='bbox 2459 1050 2728 1133; x_wconf 79' lang='lat' dir='ltr'><strong>aliquod</strong></span> <span class='ocrx_word' id='word_1_297' title='bbox 2756 1052 3286 1119; x_wconf 81' lang='lat' dir='ltr'><strong>christifidelibus</strong></span> <span class='ocrx_word' id='word_1_298' title='bbox 3330 1053 3674 1136; x_wconf 77' lang='lat' dir='ltr'><strong>proficuum</strong></span> 
     </span>
     <span class='ocr_line' id='line_1_53' title="bbox 2116 1149 3680 1232; baseline 0.003 -21"><span class='ocrx_word' id='word_1_299' title='bbox 2116 1149 2388 1213; x_wconf 84' lang='lat' dir='ltr'><strong>instituit</strong></span> <span class='ocrx_word' id='word_1_300' title='bbox 2414 1193 2435 1223; x_wconf 86' lang='lat'>‚</span> <span class='ocrx_word' id='word_1_301' title='bbox 2467 1168 2652 1231; x_wconf 85' lang='lat' dir='ltr'><strong>quam</strong></span> <span class='ocrx_word' id='word_1_302' title='bbox 2685 1150 2791 1232; x_wconf 90' lang='lat' dir='ltr'><strong>qui</strong></span> <span class='ocrx_word' id='word_1_303' title='bbox 2817 1151 3172 1215; x_wconf 87' lang='lat' dir='ltr'><strong>lustitutum</strong></span> <span class='ocrx_word' id='word_1_304' title='bbox 3217 1162 3566 1217; x_wconf 72' lang='lat' dir='ltr'><strong>restaurate</strong></span> <span class='ocrx_word' id='word_1_305' title='bbox 3608 1158 3680 1217; x_wconf 81' lang='lat' dir='ltr'><strong>B.</strong></span> 
     </span>
     <span class='ocr_line' id='line_1_54' title="bbox 2115 1246 3686 1330; baseline 0.003 -21"><span class='ocrx_word' id='word_1_306' title='bbox 2115 1252 2337 1311; x_wconf 83' lang='lat' dir='ltr'><strong>Petrus</strong></span> <span class='ocrx_word' id='word_1_307' title='bbox 2370 1246 2704 1329; x_wconf 67' lang='lat' dir='ltr'><strong>nega-latus</strong></span> <span class='ocrx_word' id='word_1_308' title='bbox 2726 1292 2747 1321; x_wconf 90' lang='lat'><strong>‚</strong></span> <span class='ocrx_word' id='word_1_309' title='bbox 2776 1248 2884 1330; x_wconf 86' lang='lat' dir='ltr'><strong>qni</strong></span> <span class='ocrx_word' id='word_1_310' title='bbox 2916 1254 3195 1312; x_wconf 84' lang='lat' dir='ltr'><strong>Fratrum</strong></span> <span class='ocrx_word' id='word_1_311' title='bbox 3227 1250 3539 1316; x_wconf 71' lang='lat' dir='ltr'><strong>minorum</strong></span> <span class='ocrx_word' id='word_1_312' title='bbox 3573 1258 3686 1314; x_wconf 79' lang='lat' dir='ltr'><strong>Be-</strong></span> 
     </span>
     <span class='ocr_line' id='line_1_55' title="bbox 2116 1342 3686 1430; baseline 0.004 -23"><span class='ocrx_word' id='word_1_313' title='bbox 2116 1343 2329 1428; x_wconf 75' lang='lat' dir='ltr'><strong>gulam</strong></span> <span class='ocrx_word' id='word_1_314' title='bbox 2360 1365 2397 1409; x_wconf 88' lang='lat' dir='ltr'><strong>a</strong></span> <span class='ocrx_word' id='word_1_315' title='bbox 2423 1350 2480 1407; x_wconf 89' lang='lat' dir='ltr'><strong>S.</strong></span> <span class='ocrx_word' id='word_1_316' title='bbox 2509 1342 2837 1409; x_wconf 77' lang='lat' dir='ltr'><strong>&#39;Francisco</strong></span> <span class='ocrx_word' id='word_1_317' title='bbox 2866 1345 3204 1410; x_wconf 85' lang='lat' dir='ltr'><strong>Assisiensi</strong></span> <span class='ocrx_word' id='word_1_318' title='bbox 3233 1347 3294 1409; x_wconf 89' lang='lat' dir='ltr'><strong>in</strong></span> <span class='ocrx_word' id='word_1_319' title='bbox 3323 1357 3686 1430; x_wconf 81' lang='lat' dir='ltr'><strong>paupertate</strong></span> 
     </span>
     <span class='ocr_line' id='line_1_56' title="bbox 2117 1440 3685 1525; baseline 0.004 -22"><span class='ocrx_word' id='word_1_320' title='bbox 2117 1448 2181 1504; x_wconf 88' lang='lat' dir='ltr'><strong>et</strong></span> <span class='ocrx_word' id='word_1_321' title='bbox 2213 1440 2564 1509; x_wconf 85' lang='lat' dir='ltr'><strong>bumilitate</strong></span> <span class='ocrx_word' id='word_1_322' title='bbox 2589 1443 2798 1505; x_wconf 86' lang='lat' dir='ltr'><strong>cordis</strong></span> <span class='ocrx_word' id='word_1_323' title='bbox 2831 1440 3148 1506; x_wconf 77' lang='lat' dir='ltr'><strong>fundatam</strong></span> <span class='ocrx_word' id='word_1_324' title='bbox 3182 1464 3215 1507; x_wconf 88' lang='lat' dir='ltr'><strong>a</strong></span> <span class='ocrx_word' id='word_1_325' title='bbox 3245 1447 3563 1525; x_wconf 80' lang='lat' dir='ltr'><strong>primaeva</strong></span> <span class='ocrx_word' id='word_1_326' title='bbox 3592 1446 3685 1509; x_wconf 85' lang='lat' dir='ltr'><strong>iu-</strong></span> 
     </span>
     <span class='ocr_line' id='line_1_57' title="bbox 2120 1536 3693 1626; baseline 0.005 -26"><span class='ocrx_word' id='word_1_327' title='bbox 2120 1536 2443 1600; x_wconf 88' lang='lat' dir='ltr'><strong>stitutione</strong></span> <span class='ocrx_word' id='word_1_328' title='bbox 2489 1537 2672 1618; x_wconf 85' lang='lat' dir='ltr'><strong>longe</strong></span> <span class='ocrx_word' id='word_1_329' title='bbox 2720 1539 3119 1602; x_wconf 87' lang='lat' dir='ltr'><strong>aberrantem</strong></span> <span class='ocrx_word' id='word_1_330' title='bbox 3154 1540 3416 1623; x_wconf 76' lang='lat' dir='ltr'><strong>fereque</strong></span> <span class='ocrx_word' id='word_1_331' title='bbox 3458 1540 3693 1626; x_wconf 85' lang='lat' dir='ltr'><strong>collap-</strong></span> 
     </span>
     <span class='ocr_line' id='line_1_58' title="bbox 2122 1633 3694 1721; baseline 0.003 -23"><span class='ocrx_word' id='word_1_332' title='bbox 2122 1633 2359 1698; x_wconf 78' lang='lat' dir='ltr'><strong>samin</strong></span> <span class='ocrx_word' id='word_1_333' title='bbox 2399 1633 2717 1716; x_wconf 82' lang='lat' dir='ltr'><strong>Hispaniis</strong></span> <span class='ocrx_word' id='word_1_334' title='bbox 2760 1633 3001 1716; x_wconf 87' lang='lat' dir='ltr'><strong>primus</strong></span> <span class='ocrx_word' id='word_1_335' title='bbox 3045 1636 3324 1699; x_wconf 79' lang='lat' dir='ltr'><strong>omnium</strong></span> <span class='ocrx_word' id='word_1_336' title='bbox 3367 1638 3446 1701; x_wconf 90' lang='lat' dir='ltr'><strong>ad</strong></span> <span class='ocrx_word' id='word_1_337' title='bbox 3487 1640 3694 1721; x_wconf 85' lang='lat' dir='ltr'><strong>pristi-</strong></span> 
     </span>
    </p>
   </div>
   <div class='ocr_carea' id='block_1_16' title="bbox 2074 1732 3685 1820">
    <p class='ocr_par' dir='ltr' id='par_1_16' title="bbox 2074 1732 3685 1820">
     <span class='ocr_line' id='line_1_59' title="bbox 2074 1732 3685 1820; baseline 0.006 -26"><span class='ocrx_word' id='word_1_338' title='bbox 2074 1736 2088 1754; x_wconf 89' lang='lat'><em>&#39;</em></span> <span class='ocrx_word' id='word_1_339' title='bbox 2118 1752 2264 1797; x_wconf 85' lang='lat' dir='ltr'><strong>nam</strong></span> <span class='ocrx_word' id='word_1_340' title='bbox 2323 1732 2753 1815; x_wconf 80' lang='lat' dir='ltr'><strong>integritatem</strong></span> <span class='ocrx_word' id='word_1_341' title='bbox 2795 1733 3154 1810; x_wconf 81' lang='lat' dir='ltr'><strong>revocavit,</strong></span> <span class='ocrx_word' id='word_1_342' title='bbox 3194 1735 3685 1820; x_wconf 78' lang='lat' dir='ltr'><strong>restitutamque</strong></span> 
     </span>
    </p>
   </div>
   <div class='ocr_carea' id='block_1_17' title="bbox 2117 1830 3698 3064">
    <p class='ocr_par' dir='ltr' id='par_1_17' title="bbox 2117 1830 3698 3064">
     <span class='ocr_line' id='line_1_60' title="bbox 2120 1830 3692 1911; baseline 0.006 -20"><span class='ocrx_word' id='word_1_343' title='bbox 2120 1830 2391 1892; x_wconf 82' lang='lat' dir='ltr'><strong>servavit</strong></span> <span class='ocrx_word' id='word_1_344' title='bbox 2423 1831 2557 1911; x_wconf 85' lang='lat' dir='ltr'><strong>ipse</strong></span> <span class='ocrx_word' id='word_1_345' title='bbox 2585 1870 2607 1899; x_wconf 78' lang='lat'><strong>‚</strong></span> <span class='ocrx_word' id='word_1_346' title='bbox 2638 1838 2827 1909; x_wconf 86' lang='lat' dir='ltr'><strong>atque</strong></span> <span class='ocrx_word' id='word_1_347' title='bbox 2855 1837 2922 1893; x_wconf 89' lang='lat' dir='ltr'><strong>nt</strong></span> <span class='ocrx_word' id='word_1_348' title='bbox 2949 1833 3031 1894; x_wconf 87' lang='lat' dir='ltr'><strong>ab</strong></span> <span class='ocrx_word' id='word_1_349' title='bbox 3075 1831 3360 1899; x_wconf 80' lang='lat' dir='ltr'><strong>Alumnis</strong></span> <span class='ocrx_word' id='word_1_350' title='bbox 3387 1835 3518 1900; x_wconf 80' lang='lat' dir='ltr'><strong>suis</strong></span> <span class='ocrx_word' id='word_1_351' title='bbox 3559 1857 3692 1901; x_wconf 79' lang='lat' dir='ltr'><strong>ser·</strong></span> 
     </span>
     <span class='ocr_line' id='line_1_61' title="bbox 2119 1926 3690 2017; baseline 0.005 -29"><span class='ocrx_word' id='word_1_352' title='bbox 2119 1935 2371 1989; x_wconf 77' lang='lat' dir='ltr'><strong>voretur</strong></span> <span class='ocrx_word' id='word_1_353' title='bbox 2396 1928 2589 1990; x_wconf 87' lang='lat' dir='ltr'><strong>verbo</strong></span> <span class='ocrx_word' id='word_1_354' title='bbox 2614 1936 2677 1990; x_wconf 90' lang='lat' dir='ltr'><strong>et</strong></span> <span class='ocrx_word' id='word_1_355' title='bbox 2707 1926 3001 2017; x_wconf 81' lang='lat' dir='ltr'><strong>exemplo</strong></span> <span class='ocrx_word' id='word_1_356' title='bbox 3022 1929 3423 2013; x_wconf 83' lang='lat' dir='ltr'><strong>assiduisque</strong></span> <span class='ocrx_word' id='word_1_357' title='bbox 3456 1933 3690 1998; x_wconf 89' lang='lat' dir='ltr'><strong>labori·</strong></span> 
     </span>
     <span class='ocr_line' id='line_1_62' title="bbox 2120 2022 3690 2114; baseline 0.008 -29"><span class='ocrx_word' id='word_1_358' title='bbox 2120 2024 2236 2087; x_wconf 87' lang='lat' dir='ltr'><strong>bus</strong></span> <span class='ocrx_word' id='word_1_359' title='bbox 2267 2033 2366 2091; x_wconf 85' lang='lat' dir='ltr'><strong>est</strong></span> <span class='ocrx_word' id='word_1_360' title='bbox 2396 2031 2724 2087; x_wconf 82' lang='lat' dir='ltr'><strong>assecutus</strong></span> <span class='ocrx_word' id='word_1_361' title='bbox 2743 2065 2764 2096; x_wconf 90' lang='lat'><strong><em>‚</em></strong></span> <span class='ocrx_word' id='word_1_362' title='bbox 2797 2022 3042 2107; x_wconf 85' lang='lat' dir='ltr'><strong>aequali</strong></span> <span class='ocrx_word' id='word_1_363' title='bbox 3083 2035 3254 2092; x_wconf 88' lang='lat' dir='ltr'><strong>certe</strong></span> <span class='ocrx_word' id='word_1_364' title='bbox 3281 2049 3354 2094; x_wconf 87' lang='lat' dir='ltr'><strong>ac</strong></span> <span class='ocrx_word' id='word_1_365' title='bbox 3399 2032 3690 2114; x_wconf 78' lang='lat' dir='ltr'><strong>Seraphi-</strong></span> 
     </span>
     <span class='ocr_line' id='line_1_63' title="bbox 2118 2119 3694 2209; baseline 0.008 -26"><span class='ocrx_word' id='word_1_366' title='bbox 2118 2140 2231 2183; x_wconf 82' lang='lat' dir='ltr'><strong>cus</strong></span> <span class='ocrx_word' id='word_1_367' title='bbox 2273 2120 2600 2185; x_wconf 74' lang='lat' dir='ltr'><strong>institutor</strong></span> <span class='ocrx_word' id='word_1_368' title='bbox 2640 2120 2896 2186; x_wconf 86' lang='lat' dir='ltr'><strong>honoris</strong></span> <span class='ocrx_word' id='word_1_369' title='bbox 2924 2129 2989 2186; x_wconf 90' lang='lat' dir='ltr'><strong>et</strong></span> <span class='ocrx_word' id='word_1_370' title='bbox 3035 2119 3237 2189; x_wconf 88' lang='lat' dir='ltr'><strong>laudis</strong></span> <span class='ocrx_word' id='word_1_371' title='bbox 3277 2124 3480 2209; x_wconf 77' lang='lat' dir='ltr'><strong>gloria</strong></span> <span class='ocrx_word' id='word_1_372' title='bbox 3522 2149 3694 2195; x_wconf 83' lang='lat' dir='ltr'><strong>com-</strong></span> 
     </span>
     <span class='ocr_line' id='line_1_64' title="bbox 2121 2217 3689 2307; baseline 0.006 -26"><span class='ocrx_word' id='word_1_373' title='bbox 2121 2217 2410 2293; x_wconf 76' lang='lat' dir='ltr'><strong>mendari</strong></span> <span class='ocrx_word' id='word_1_374' title='bbox 2437 2236 2620 2299; x_wconf 88' lang='lat' dir='ltr'><strong>posse</strong></span> <span class='ocrx_word' id='word_1_375' title='bbox 2647 2217 2897 2282; x_wconf 79' lang='lat' dir='ltr'><strong>videtur</strong></span> <span class='ocrx_word' id='word_1_376' title='bbox 2913 2243 2946 2294; x_wconf 53' lang='lat'><strong>3=</strong></span> <span class='ocrx_word' id='word_1_377' title='bbox 2969 2218 3074 2302; x_wconf 88' lang='lat' dir='ltr'><strong>qui</strong></span> <span class='ocrx_word' id='word_1_378' title='bbox 3104 2230 3311 2284; x_wconf 89' lang='lat' dir='ltr'><strong>autem</strong></span> <span class='ocrx_word' id='word_1_379' title='bbox 3344 2244 3534 2307; x_wconf 83' lang='lat' dir='ltr'><strong>opera</strong></span> <span class='ocrx_word' id='word_1_380' title='bbox 3567 2227 3689 2291; x_wconf 83' lang='lat' dir='ltr'><strong>vir-</strong></span> 
     </span>
     <span class='ocr_line' id='line_1_65' title="bbox 2122 2314 3692 2406; baseline 0.007 -28"><span class='ocrx_word' id='word_1_381' title='bbox 2122 2315 2274 2379; x_wconf 84' lang='lat' dir='ltr'><strong>tutis</strong></span> <span class='ocrx_word' id='word_1_382' title='bbox 2304 2315 2465 2379; x_wconf 87' lang='lat' dir='ltr'><strong>adeo</strong></span> <span class='ocrx_word' id='word_1_383' title='bbox 2497 2314 2840 2380; x_wconf 79' lang='lat' dir='ltr'><strong>laudabilia</strong></span> <span class='ocrx_word' id='word_1_384' title='bbox 2872 2315 3022 2380; x_wconf 78' lang='lat' dir='ltr'><strong>fecit</strong></span> <span class='ocrx_word' id='word_1_385' title='bbox 3065 2327 3131 2383; x_wconf 86' lang='lat' dir='ltr'><strong>et</strong></span> <span class='ocrx_word' id='word_1_386' title='bbox 3160 2319 3418 2393; x_wconf 86' lang='lat' dir='ltr'><strong>docuit,</strong></span> <span class='ocrx_word' id='word_1_387' title='bbox 3445 2342 3516 2388; x_wconf 84' lang='lat' dir='ltr'><strong>ac</strong></span> <span class='ocrx_word' id='word_1_388' title='bbox 3558 2343 3692 2406; x_wconf 72' lang='lat' dir='ltr'><strong>gra·</strong></span> 
     </span>
     <span class='ocr_line' id='line_1_66' title="bbox 2117 2413 3694 2497; baseline 0.008 -23"><span class='ocrx_word' id='word_1_389' title='bbox 2117 2413 2228 2476; x_wconf 88' lang='lat' dir='ltr'><strong>tiis</strong></span> <span class='ocrx_word' id='word_1_390' title='bbox 2257 2414 2702 2495; x_wconf 78' lang='lat' dir='ltr'><strong>miraculisque</strong></span> <span class='ocrx_word' id='word_1_391' title='bbox 2743 2415 2824 2476; x_wconf 88' lang='lat' dir='ltr'><strong>ab</strong></span> <span class='ocrx_word' id='word_1_392' title='bbox 2851 2415 3260 2497; x_wconf 88' lang='lat' dir='ltr'><strong>omnipotenti</strong></span> <span class='ocrx_word' id='word_1_393' title='bbox 3304 2423 3435 2483; x_wconf 87' lang='lat' dir='ltr'><strong>Deo</strong></span> <span class='ocrx_word' id='word_1_394' title='bbox 3463 2422 3694 2487; x_wconf 83' lang='lat' dir='ltr'><strong>conde·</strong></span> 
     </span>
     <span class='ocr_line' id='line_1_67' title="bbox 2122 2510 3697 2601; baseline 0.008 -29"><span class='ocrx_word' id='word_1_395' title='bbox 2122 2511 2328 2600; x_wconf 82' lang='lat' dir='ltr'><strong>corari</strong></span> <span class='ocrx_word' id='word_1_396' title='bbox 2360 2510 2756 2591; x_wconf 86' lang='lat' dir='ltr'><strong>promeruit,</strong></span> <span class='ocrx_word' id='word_1_397' title='bbox 2786 2512 3037 2593; x_wconf 79' lang='lat' dir='ltr'><strong>dignum</strong></span> <span class='ocrx_word' id='word_1_398' title='bbox 3071 2532 3221 2578; x_wconf 88' lang='lat' dir='ltr'><strong>sane</strong></span> <span class='ocrx_word' id='word_1_399' title='bbox 3254 2516 3598 2601; x_wconf 79' lang='lat' dir='ltr'><strong>existimo,</strong></span> <span class='ocrx_word' id='word_1_400' title='bbox 3625 2527 3697 2584; x_wconf 82' lang='lat' dir='ltr'><strong>ut</strong></span> 
     </span>
     <span class='ocr_line' id='line_1_68' title="bbox 2120 2606 3696 2699; baseline 0.008 -28"><span class='ocrx_word' id='word_1_401' title='bbox 2120 2614 2547 2673; x_wconf 79' lang='lat' dir='ltr'>SANCTITAS</span> <span class='ocrx_word' id='word_1_402' title='bbox 2605 2614 2910 2673; x_wconf 80' lang='lat' dir='ltr'>VESTRA</span> <span class='ocrx_word' id='word_1_403' title='bbox 2965 2606 3318 2699; x_wconf 80' lang='lat' dir='ltr'><strong>solemnem</strong></span> <span class='ocrx_word' id='word_1_404' title='bbox 3366 2615 3696 2699; x_wconf 83' lang='lat' dir='ltr'><strong>proferens</strong></span> 
     </span>
     <span class='ocr_line' id='line_1_69' title="bbox 2120 2706 3695 2797; baseline 0.001 -24"><span class='ocrx_word' id='word_1_405' title='bbox 2120 2706 2629 2773; x_wconf 74' lang='lat' dir='ltr'><strong>canonizationis</strong></span> <span class='ocrx_word' id='word_1_406' title='bbox 2672 2707 3046 2772; x_wconf 85' lang='lat' dir='ltr'><strong>sententiam</strong></span> <span class='ocrx_word' id='word_1_407' title='bbox 3105 2708 3285 2772; x_wconf 88' lang='lat' dir='ltr'><strong>illum</strong></span> <span class='ocrx_word' id='word_1_408' title='bbox 3333 2711 3396 2773; x_wconf 88' lang='lat' dir='ltr'><strong>in</strong></span> <span class='ocrx_word' id='word_1_409' title='bbox 3438 2712 3695 2797; x_wconf 79' lang='lat' dir='ltr'><strong>caelesti</strong></span> 
     </span>
     <span class='ocr_line' id='line_1_70' title="bbox 2124 2801 3692 2892; baseline 0.007 -28"><span class='ocrx_word' id='word_1_410' title='bbox 2124 2801 2321 2885; x_wconf 78' lang='lat' dir='ltr'><strong>gloria</strong></span> <span class='ocrx_word' id='word_1_411' title='bbox 2345 2810 2679 2868; x_wconf 76' lang='lat' dir='ltr'><strong>Pau-onum</strong></span> <span class='ocrx_word' id='word_1_412' title='bbox 2703 2812 2889 2886; x_wconf 84' lang='lat' dir='ltr'><strong>atque</strong></span> <span class='ocrx_word' id='word_1_413' title='bbox 2903 2806 2988 2889; x_wconf 64' lang='lat' dir='ltr'><strong>ju</strong></span> <span class='ocrx_word' id='word_1_414' title='bbox 3021 2806 3210 2870; x_wconf 90' lang='lat' dir='ltr'><strong>terris</strong></span> <span class='ocrx_word' id='word_1_415' title='bbox 3229 2807 3524 2872; x_wconf 82' lang='lat' dir='ltr'><strong>virtutum</strong></span> <span class='ocrx_word' id='word_1_416' title='bbox 3555 2830 3692 2892; x_wconf 90' lang='lat' dir='ltr'><strong>spe·</strong></span> 
     </span>
     <span class='ocr_line' id='line_1_71' title="bbox 2118 2898 3698 2985; baseline 0.006 -21"><span class='ocrx_word' id='word_1_417' title='bbox 2118 2898 2331 2964; x_wconf 87' lang='lat' dir='ltr'><strong>culum</strong></span> <span class='ocrx_word' id='word_1_418' title='bbox 2393 2909 2458 2964; x_wconf 88' lang='lat' dir='ltr'><strong>et</strong></span> <span class='ocrx_word' id='word_1_419' title='bbox 2502 2900 2829 2985; x_wconf 81' lang='lat' dir='ltr'><strong>exemplar</strong></span> <span class='ocrx_word' id='word_1_420' title='bbox 2872 2902 3248 2968; x_wconf 86' lang='lat' dir='ltr'><strong>mortalibus</strong></span> <span class='ocrx_word' id='word_1_421' title='bbox 3291 2905 3588 2971; x_wconf 79' lang='lat' dir='ltr'><strong>exhibeat</strong></span> <span class='ocrx_word' id='word_1_422' title='bbox 3628 2918 3698 2973; x_wconf 91' lang='lat' dir='ltr'><strong>et</strong></span> 
     </span>
     <span class='ocr_line' id='line_1_72' title="bbox 2126 2999 2457 3064; baseline 0 -1"><span class='ocrx_word' id='word_1_423' title='bbox 2126 2999 2457 3064; x_wconf 80' lang='lat' dir='ltr'><strong>concedat.</strong></span> 
     </span>
    </p>
   </div>
   <div class='ocr_carea' id='block_1_18' title="bbox 2131 3194 3668 3359">
    <p class='ocr_par' dir='ltr' id='par_1_18' title="bbox 2131 3194 3668 3359">
     <span class='ocr_line' id='line_1_73' title="bbox 2131 3194 3668 3284; baseline 0.005 -26"><span class='ocrx_word' id='word_1_424' title='bbox 2131 3199 2208 3258; x_wconf 83' lang='lat' dir='ltr'><strong>D.</strong></span> <span class='ocrx_word' id='word_1_425' title='bbox 2247 3194 2344 3258; x_wconf 82' lang='grc' dir='ltr'><strong>ΙΝ</strong></span> <span class='ocrx_word' id='word_1_426' title='bbox 2347 3197 2408 3258; x_wconf 86' lang='grc' dir='ltr'><em>Ν</em></span> <span class='ocrx_word' id='word_1_427' title='bbox 2416 3195 2644 3260; x_wconf 79' lang='grc' dir='ltr'><strong><em>ΟΟΕΝ</em></strong></span> <span class='ocrx_word' id='word_1_428' title='bbox 2650 3198 2733 3257; x_wconf 84' lang='lat' dir='ltr'><strong>TI</strong></span> <span class='ocrx_word' id='word_1_429' title='bbox 2741 3198 2834 3259; x_wconf 85' lang='lat' dir='ltr'><strong>US</strong></span> <span class='ocrx_word' id='word_1_430' title='bbox 2864 3196 3133 3284; x_wconf 63' lang='lat' dir='ltr'><strong>Gorgoni</strong></span> <span class='ocrx_word' id='word_1_431' title='bbox 3160 3201 3496 3278; x_wconf 67' lang='lat' dir='ltr'><strong>Episcopo·</strong></span> <span class='ocrx_word' id='word_1_432' title='bbox 3525 3204 3668 3265; x_wconf 71' lang='lat' dir='ltr'><strong>Pin·</strong></span> 
     </span>
     <span class='ocr_line' id='line_1_74' title="bbox 2503 3298 3226 3359; baseline 0.004 -5"><span class='ocrx_word' id='word_1_433' title='bbox 2503 3301 2713 3357; x_wconf 75' lang='lat' dir='ltr'><strong>nemis</strong></span> <span class='ocrx_word' id='word_1_434' title='bbox 2742 3305 2801 3359; x_wconf 75' lang='lat' dir='ltr'><strong>st</strong></span> <span class='ocrx_word' id='word_1_435' title='bbox 2833 3298 3226 3359; x_wconf 60' lang='lat' dir='ltr'><strong>Hadriano.</strong></span> 
     </span>
    </p>
   </div>
   <div class='ocr_carea' id='block_1_19' title="bbox 2112 3489 3695 5500">
    <p class='ocr_par' dir='ltr' id='par_1_19' title="bbox 2112 3489 3695 5500">
     <span class='ocr_line' id='line_1_75' title="bbox 2245 3489 3695 3571; baseline 0.005 -18"><span class='ocrx_word' id='word_1_436' title='bbox 2245 3495 2381 3564; x_wconf 89' lang='lat' dir='ltr'><strong>Quo</strong></span> <span class='ocrx_word' id='word_1_437' title='bbox 2412 3497 2705 3571; x_wconf 85' lang='lat' dir='ltr'><strong>tempore</strong></span> <span class='ocrx_word' id='word_1_438' title='bbox 2719 3489 3141 3554; x_wconf 83' lang='lat' dir='ltr'><strong>Bernardinus</strong></span> <span class='ocrx_word' id='word_1_439' title='bbox 3166 3492 3480 3565; x_wconf 82' lang='lat' dir='ltr'><strong>Senensis,</strong></span> <span class='ocrx_word' id='word_1_440' title='bbox 3508 3499 3695 3560; x_wconf 73' lang='lat' dir='ltr'><strong>Ioan-</strong></span> 
     </span>
     <span class='ocr_line' id='line_1_76' title="bbox 2116 3586 3690 3668; baseline 0.002 -18"><span class='ocrx_word' id='word_1_441' title='bbox 2116 3605 2231 3650; x_wconf 80' lang='lat' dir='ltr'><strong>nes</strong></span> <span class='ocrx_word' id='word_1_442' title='bbox 2259 3607 2293 3650; x_wconf 87' lang='lat' dir='ltr'><strong>a</strong></span> <span class='ocrx_word' id='word_1_443' title='bbox 2323 3586 2684 3668; x_wconf 85' lang='lat' dir='ltr'><strong>Capistrano</strong></span> <span class='ocrx_word' id='word_1_444' title='bbox 2703 3631 2729 3660; x_wconf 84' lang='lat'><strong>,</strong></span> <span class='ocrx_word' id='word_1_445' title='bbox 2757 3593 2822 3648; x_wconf 88' lang='lat' dir='ltr'><strong>et</strong></span> <span class='ocrx_word' id='word_1_446' title='bbox 2850 3588 3126 3652; x_wconf 82' lang='lat' dir='ltr'><strong>Jacobus</strong></span> <span class='ocrx_word' id='word_1_447' title='bbox 3145 3586 3412 3654; x_wconf 84' lang='lat' dir='ltr'><strong>Picenus</strong></span> <span class='ocrx_word' id='word_1_448' title='bbox 3439 3590 3690 3654; x_wconf 73' lang='lat' dir='ltr'><strong>Minori·</strong></span> 
     </span>
     <span class='ocr_line' id='line_1_77' title="bbox 2118 3671 3692 3765; baseline 0.003 -20"><span class='ocrx_word' id='word_1_449' title='bbox 2118 3689 2220 3746; x_wconf 83' lang='lat' dir='ltr'><strong>tae</strong></span> <span class='ocrx_word' id='word_1_450' title='bbox 2245 3683 2311 3745; x_wconf 88' lang='lat' dir='ltr'><strong>in</strong></span> <span class='ocrx_word' id='word_1_451' title='bbox 2327 3681 2517 3753; x_wconf 76' lang='lat' dir='ltr'><strong>-ltalia</strong></span> <span class='ocrx_word' id='word_1_452' title='bbox 2542 3671 2978 3748; x_wconf 84' lang='lat' dir='ltr'><strong>restaurandae</strong></span> <span class='ocrx_word' id='word_1_453' title='bbox 3002 3683 3425 3765; x_wconf 84' lang='lat' dir='ltr'><strong>pristinaeque</strong></span> <span class='ocrx_word' id='word_1_454' title='bbox 3458 3686 3692 3749; x_wconf 87' lang='lat' dir='ltr'><strong>severi·</strong></span> 
     </span>
     <span class='ocr_line' id='line_1_78' title="bbox 2115 3777 3693 3861; baseline 0.001 -19"><span class='ocrx_word' id='word_1_455' title='bbox 2115 3780 2228 3843; x_wconf 86' lang='lat' dir='ltr'><strong>tati</strong></span> <span class='ocrx_word' id='word_1_456' title='bbox 2263 3777 2692 3843; x_wconf 81' lang='lat' dir='ltr'><strong>restituendae</strong></span> <span class='ocrx_word' id='word_1_457' title='bbox 2722 3780 2884 3861; x_wconf 87' lang='lat' dir='ltr'><strong>apud</strong></span> <span class='ocrx_word' id='word_1_458' title='bbox 2918 3778 3178 3844; x_wconf 86' lang='lat' dir='ltr'><strong>Sodales</strong></span> <span class='ocrx_word' id='word_1_459' title='bbox 3207 3800 3360 3844; x_wconf 90' lang='lat' dir='ltr'><strong>suos</strong></span> <span class='ocrx_word' id='word_1_460' title='bbox 3398 3782 3693 3846; x_wconf 78' lang='lat' dir='ltr'><strong>Monasti-</strong></span> 
     </span>
     <span class='ocr_line' id='line_1_79' title="bbox 2116 3871 3694 3964; baseline 0.003 -24"><span class='ocrx_word' id='word_1_461' title='bbox 2116 3896 2230 3941; x_wconf 86' lang='lat' dir='ltr'><strong>cae</strong></span> <span class='ocrx_word' id='word_1_462' title='bbox 2251 3876 2632 3959; x_wconf 79' lang='lat' dir='ltr'><strong>disciplinae</strong></span> <span class='ocrx_word' id='word_1_463' title='bbox 2653 3871 2682 3950; x_wconf 55' lang='lat'><strong>‚&#39;</strong></span> <span class='ocrx_word' id='word_1_464' title='bbox 2703 3887 2891 3958; x_wconf 87' lang='lat' dir='ltr'><strong>atque</strong></span> <span class='ocrx_word' id='word_1_465' title='bbox 2922 3874 3524 3964; x_wconf 74' lang='lat' dir='ltr'><strong>fidelium-moribus</strong></span> <span class='ocrx_word' id='word_1_466' title='bbox 3560 3899 3694 3945; x_wconf 83' lang='lat' dir='ltr'><strong>ver·</strong></span> 
     </span>
     <span class='ocr_line' id='line_1_80' title="bbox 2118 3973 3691 4059; baseline 0.003 -22"><span class='ocrx_word' id='word_1_467' title='bbox 2118 3974 2204 4048; x_wconf 89' lang='lat' dir='ltr'><strong>bo</strong></span> <span class='ocrx_word' id='word_1_468' title='bbox 2224 3983 2291 4038; x_wconf 89' lang='lat' dir='ltr'><strong>et</strong></span> <span class='ocrx_word' id='word_1_469' title='bbox 2321 3973 2617 4057; x_wconf 82' lang='lat' dir='ltr'><strong>exemplo</strong></span> <span class='ocrx_word' id='word_1_470' title='bbox 2634 3973 3017 4059; x_wconf 73' lang='lat' dir='ltr'><strong>corrigendis</strong></span> <span class='ocrx_word' id='word_1_471' title='bbox 3043 3973 3581 4059; x_wconf 80' lang='lat' dir='ltr'><strong>informandisque</strong></span> <span class='ocrx_word' id='word_1_472' title='bbox 3612 3978 3691 4042; x_wconf 77' lang='lat' dir='ltr'><strong>ad</strong></span> 
     </span>
     <span class='ocr_line' id='line_1_81' title="bbox 2115 4071 3689 4156; baseline 0.005 -22"><span class='ocrx_word' id='word_1_473' title='bbox 2115 4071 2458 4153; x_wconf 85' lang='lat' dir='ltr'><strong>pietatem,</strong></span> <span class='ocrx_word' id='word_1_474' title='bbox 2488 4071 2805 4156; x_wconf 77' lang='lat' dir='ltr'><strong>egregiam</strong></span> <span class='ocrx_word' id='word_1_475' title='bbox 2850 4091 3107 4155; x_wconf 88' lang='lat' dir='ltr'><strong>operam</strong></span> <span class='ocrx_word' id='word_1_476' title='bbox 3155 4085 3499 4148; x_wconf 78' lang='lat' dir='ltr'><strong>nevarum,</strong></span> <span class='ocrx_word' id='word_1_477' title='bbox 3547 4077 3689 4142; x_wconf 82' lang='lat' dir='ltr'><strong>bea·</strong></span> 
     </span>
     <span class='ocr_line' id='line_1_82' title="bbox 2119 4167 3690 4257; baseline 0.005 -25"><span class='ocrx_word' id='word_1_478' title='bbox 2119 4177 2219 4232; x_wconf 93' lang='lat' dir='ltr'><strong>tus</strong></span> <span class='ocrx_word' id='word_1_479' title='bbox 2261 4175 2483 4252; x_wconf 85' lang='lat' dir='ltr'><strong>Petrus</strong></span> <span class='ocrx_word' id='word_1_480' title='bbox 2524 4167 2858 4253; x_wconf 79' lang='lat' dir='ltr'><strong>Regalatus</strong></span> <span class='ocrx_word' id='word_1_481' title='bbox 2901 4176 3240 4251; x_wconf 86' lang='lat' dir='ltr'><strong>utrumque</strong></span> <span class='ocrx_word' id='word_1_482' title='bbox 3285 4171 3348 4232; x_wconf 91' lang='lat' dir='ltr'><strong>in</strong></span> <span class='ocrx_word' id='word_1_483' title='bbox 3390 4171 3690 4257; x_wconf 82' lang='lat' dir='ltr'><strong>Hispania</strong></span> 
     </span>
     <span class='ocr_line' id='line_1_83' title="bbox 2114 4264 3689 4351; baseline 0.005 -23"><span class='ocrx_word' id='word_1_484' title='bbox 2114 4266 2430 4348; x_wconf 79' lang='lat' dir='ltr'><strong>praestitit</strong></span> <span class='ocrx_word' id='word_1_485' title='bbox 2448 4267 2731 4341; x_wconf 56' lang='lat' dir='ltr'><strong>,eodem</strong></span> <span class='ocrx_word' id='word_1_486' title='bbox 2759 4288 2832 4333; x_wconf 87' lang='lat' dir='ltr'><strong>ac</strong></span> <span class='ocrx_word' id='word_1_487' title='bbox 2864 4264 2958 4329; x_wconf 89' lang='lat' dir='ltr'><strong>illi</strong></span> <span class='ocrx_word' id='word_1_488' title='bbox 2992 4267 3202 4331; x_wconf 89' lang='lat' dir='ltr'><strong>studio</strong></span> <span class='ocrx_word' id='word_1_489' title='bbox 3226 4311 3248 4342; x_wconf 87' lang='lat'><strong>,</strong></span> <span class='ocrx_word' id='word_1_490' title='bbox 3278 4269 3413 4351; x_wconf 86' lang='lat' dir='ltr'><strong>pari</strong></span> <span class='ocrx_word' id='word_1_491' title='bbox 3447 4268 3689 4348; x_wconf 88' lang='lat' dir='ltr'><strong>labore,</strong></span> 
     </span>
     <span class='ocr_line' id='line_1_84' title="bbox 2115 4362 3693 4451; baseline 0.006 -26"><span class='ocrx_word' id='word_1_492' title='bbox 2115 4363 2365 4445; x_wconf 79' lang='lat' dir='ltr'><strong>aequali</strong></span> <span class='ocrx_word' id='word_1_493' title='bbox 2384 4362 2829 4427; x_wconf 84' lang='lat' dir='ltr'><strong>miraculorum</strong></span> <span class='ocrx_word' id='word_1_494' title='bbox 2855 4362 3058 4447; x_wconf 77' lang='lat' dir='ltr'><strong>gloria</strong></span> <span class='ocrx_word' id='word_1_495' title='bbox 3078 4370 3145 4426; x_wconf 86' lang='lat' dir='ltr'><strong>et</strong></span> <span class='ocrx_word' id='word_1_496' title='bbox 3162 4371 3481 4441; x_wconf 73' lang='lat' dir='ltr'><strong>successu,</strong></span> <span class='ocrx_word' id='word_1_497' title='bbox 3500 4375 3693 4451; x_wconf 87' lang='lat' dir='ltr'><strong>atque</strong></span> 
     </span>
     <span class='ocr_line' id='line_1_85' title="bbox 2118 4458 3690 4543; baseline 0.004 -21"><span class='ocrx_word' id='word_1_498' title='bbox 2118 4475 2197 4524; x_wconf 88' lang='lat' dir='ltr'><strong>eo</strong></span> <span class='ocrx_word' id='word_1_499' title='bbox 2239 4459 2473 4526; x_wconf 86' lang='lat' dir='ltr'><strong>amoris</strong></span> <span class='ocrx_word' id='word_1_500' title='bbox 2515 4478 2665 4543; x_wconf 79' lang='lat' dir='ltr'><strong>erga</strong></span> <span class='ocrx_word' id='word_1_501' title='bbox 2708 4466 2904 4523; x_wconf 82' lang='lat' dir='ltr'><strong>Deum</strong></span> <span class='ocrx_word' id='word_1_502' title='bbox 2929 4502 2951 4534; x_wconf 88' lang='lat'>‚</span> <span class='ocrx_word' id='word_1_503' title='bbox 2991 4458 3312 4524; x_wconf 86' lang='lat' dir='ltr'><strong>charitatis</strong></span> <span class='ocrx_word' id='word_1_504' title='bbox 3367 4460 3434 4524; x_wconf 86' lang='lat' dir='ltr'><strong>in</strong></span> <span class='ocrx_word' id='word_1_505' title='bbox 3479 4465 3690 4528; x_wconf 82' lang='lat' dir='ltr'><strong>Proxi-</strong></span> 
     </span>
     <span class='ocr_line' id='line_1_86' title="bbox 2121 4549 3691 4641; baseline 0.005 -24"><span class='ocrx_word' id='word_1_506' title='bbox 2121 4576 2290 4619; x_wconf 90' lang='lat' dir='ltr'><strong>mum</strong></span> <span class='ocrx_word' id='word_1_507' title='bbox 2313 4601 2334 4632; x_wconf 87' lang='lat'>‚</span> <span class='ocrx_word' id='word_1_508' title='bbox 2365 4557 2644 4639; x_wconf 89' lang='lat' dir='ltr'><strong>corporis</strong></span> <span class='ocrx_word' id='word_1_509' title='bbox 2659 4554 3109 4632; x_wconf 84' lang='lat' dir='ltr'><strong>afflictationis,</strong></span> <span class='ocrx_word' id='word_1_510' title='bbox 3138 4549 3534 4641; x_wconf 79' lang='lat' dir='ltr'><strong>aliarumque</strong></span> <span class='ocrx_word' id='word_1_511' title='bbox 3563 4561 3691 4625; x_wconf 80' lang='lat' dir='ltr'><strong>vir-</strong></span> 
     </span>
     <span class='ocr_line' id='line_1_87' title="bbox 2116 4653 3686 4737; baseline 0.005 -23"><span class='ocrx_word' id='word_1_512' title='bbox 2116 4659 2321 4718; x_wconf 90' lang='lat' dir='ltr'><strong>tutum</strong></span> <span class='ocrx_word' id='word_1_513' title='bbox 2353 4653 2686 4734; x_wconf 80' lang='lat' dir='ltr'><strong>exemplo,</strong></span> <span class='ocrx_word' id='word_1_514' title='bbox 2710 4663 2780 4718; x_wconf 89' lang='lat' dir='ltr'><strong>ut</strong></span> <span class='ocrx_word' id='word_1_515' title='bbox 2812 4654 3034 4736; x_wconf 82' lang='lat' dir='ltr'><strong>Populi</strong></span> <span class='ocrx_word' id='word_1_516' title='bbox 3068 4654 3129 4715; x_wconf 90' lang='lat' dir='ltr'><strong>in</strong></span> <span class='ocrx_word' id='word_1_517' title='bbox 3157 4655 3295 4737; x_wconf 88' lang='lat' dir='ltr'><strong>ipso</strong></span> <span class='ocrx_word' id='word_1_518' title='bbox 3322 4675 3533 4719; x_wconf 82' lang='lat' dir='ltr'><strong>veram</strong></span> <span class='ocrx_word' id='word_1_519' title='bbox 3576 4663 3686 4722; x_wconf 82' lang='lat' dir='ltr'><strong>Pa·</strong></span> 
     </span>
     <span class='ocr_line' id='line_1_88' title="bbox 2116 4749 3688 4833; baseline 0.003 -19"><span class='ocrx_word' id='word_1_520' title='bbox 2116 4750 2428 4815; x_wconf 86' lang='lat' dir='ltr'><strong>triarcbae</strong></span> <span class='ocrx_word' id='word_1_521' title='bbox 2451 4749 2549 4814; x_wconf 88' lang='lat' dir='ltr'><strong>sui</strong></span> <span class='ocrx_word' id='word_1_522' title='bbox 2577 4749 2884 4815; x_wconf 84' lang='lat' dir='ltr'><strong>Francisci</strong></span> <span class='ocrx_word' id='word_1_523' title='bbox 2914 4750 3254 4833; x_wconf 79' lang='lat' dir='ltr'><strong>imaginem</strong></span> <span class='ocrx_word' id='word_1_524' title='bbox 3283 4750 3502 4818; x_wconf 81' lang='lat' dir='ltr'><strong>videre</strong></span> <span class='ocrx_word' id='word_1_525' title='bbox 3522 4797 3544 4828; x_wconf 85' lang='lat'>‚</span> <span class='ocrx_word' id='word_1_526' title='bbox 3580 4754 3688 4818; x_wconf 75' lang='lat' dir='ltr'><strong>ad·</strong></span> 
     </span>
     <span class='ocr_line' id='line_1_89' title="bbox 2116 4846 3681 4921; baseline 0.004 -12"><span class='ocrx_word' id='word_1_527' title='bbox 2116 4846 2375 4920; x_wconf 85' lang='lat' dir='ltr'><strong>mirari,</strong></span> <span class='ocrx_word' id='word_1_528' title='bbox 2418 4854 2484 4911; x_wconf 91' lang='lat' dir='ltr'><strong>et</strong></span> <span class='ocrx_word' id='word_1_529' title='bbox 2527 4848 2816 4912; x_wconf 82' lang='lat' dir='ltr'><strong>venerari</strong></span> <span class='ocrx_word' id='word_1_530' title='bbox 2861 4848 3245 4911; x_wconf 82' lang='lat' dir='ltr'><strong>viderentur.</strong></span> <span class='ocrx_word' id='word_1_531' title='bbox 3292 4853 3498 4921; x_wconf 86' lang='lat' dir='ltr'><strong>Quare</strong></span> <span class='ocrx_word' id='word_1_532' title='bbox 3540 4871 3681 4915; x_wconf 83' lang='lat' dir='ltr'><strong>cum</strong></span> 
     </span>
     <span class='ocr_line' id='line_1_90' title="bbox 2115 4943 3683 5030; baseline 0.003 -23"><span class='ocrx_word' id='word_1_533' title='bbox 2115 4943 2476 5028; x_wconf 85' lang='lat' dir='ltr'><strong>Apostolica</strong></span> <span class='ocrx_word' id='word_1_534' title='bbox 2507 4945 2700 5009; x_wconf 85' lang='lat' dir='ltr'><strong>Sedes</strong></span> <span class='ocrx_word' id='word_1_535' title='bbox 2731 4944 3048 5009; x_wconf 87' lang='lat' dir='ltr'><strong>similibus</strong></span> <span class='ocrx_word' id='word_1_536' title='bbox 3076 4943 3420 5009; x_wconf 79' lang='lat' dir='ltr'><strong>virtutibus</strong></span> <span class='ocrx_word' id='word_1_537' title='bbox 3445 4966 3683 5030; x_wconf 88' lang='lat' dir='ltr'><strong>aequa·</strong></span> 
     </span>
     <span class='ocr_line' id='line_1_91' title="bbox 2116 5041 3689 5125; baseline 0.002 -21"><span class='ocrx_word' id='word_1_538' title='bbox 2116 5041 2412 5124; x_wconf 85' lang='lat' dir='ltr'><strong>libusque</strong></span> <span class='ocrx_word' id='word_1_539' title='bbox 2436 5041 2685 5106; x_wconf 90' lang='lat' dir='ltr'><strong>meritis</strong></span> <span class='ocrx_word' id='word_1_540' title='bbox 2707 5055 2889 5125; x_wconf 87' lang='lat' dir='ltr'><strong>pares</strong></span> <span class='ocrx_word' id='word_1_541' title='bbox 2910 5062 3164 5125; x_wconf 83' lang='lat' dir='ltr'><strong>semper</strong></span> <span class='ocrx_word' id='word_1_542' title='bbox 3181 5042 3524 5107; x_wconf 85' lang='lat' dir='ltr'><strong>decernere</strong></span> <span class='ocrx_word' id='word_1_543' title='bbox 3543 5064 3689 5109; x_wconf 83' lang='lat' dir='ltr'><strong>con·</strong></span> 
     </span>
     <span class='ocr_line' id='line_1_92' title="bbox 2114 5137 3679 5222; baseline 0.002 -19"><span class='ocrx_word' id='word_1_544' title='bbox 2114 5140 2389 5204; x_wconf 84' lang='lat' dir='ltr'><strong>sueverit</strong></span> <span class='ocrx_word' id='word_1_545' title='bbox 2419 5140 2692 5204; x_wconf 86' lang='lat' dir='ltr'><strong>bonores</strong></span> <span class='ocrx_word' id='word_1_546' title='bbox 2711 5181 2732 5212; x_wconf 89' lang='lat'>‚</span> <span class='ocrx_word' id='word_1_547' title='bbox 2762 5139 2891 5202; x_wconf 90' lang='lat' dir='ltr'><strong>illis</strong></span> <span class='ocrx_word' id='word_1_548' title='bbox 2912 5182 2934 5214; x_wconf 88' lang='lat'><strong>‚</strong></span> <span class='ocrx_word' id='word_1_549' title='bbox 2964 5138 3232 5202; x_wconf 81' lang='lat' dir='ltr'><strong>diversis</strong></span> <span class='ocrx_word' id='word_1_550' title='bbox 3261 5137 3412 5202; x_wconf 89' lang='lat' dir='ltr'><strong>licet</strong></span> <span class='ocrx_word' id='word_1_551' title='bbox 3440 5148 3679 5222; x_wconf 86' lang='lat' dir='ltr'><strong>tempo·</strong></span> 
     </span>
     <span class='ocr_line' id='line_1_93' title="bbox 2114 5235 3691 5310; baseline -0.001 -8"><span class='ocrx_word' id='word_1_552' title='bbox 2114 5238 2295 5302; x_wconf 89' lang='lat' dir='ltr'><strong>ribus</strong></span> <span class='ocrx_word' id='word_1_553' title='bbox 2327 5238 2389 5300; x_wconf 89' lang='lat' dir='ltr'><strong>in</strong></span> <span class='ocrx_word' id='word_1_554' title='bbox 2417 5245 2780 5302; x_wconf 86' lang='lat' dir='ltr'><strong>Sanctorum</strong></span> <span class='ocrx_word' id='word_1_555' title='bbox 2815 5255 3077 5301; x_wconf 90' lang='lat' dir='ltr'><strong>numero</strong></span> <span class='ocrx_word' id='word_1_556' title='bbox 3107 5235 3475 5310; x_wconf 86' lang='lat' dir='ltr'><strong>recensitis,</strong></span> <span class='ocrx_word' id='word_1_557' title='bbox 3507 5235 3691 5303; x_wconf 79' lang='lat' dir='ltr'><strong>infal-</strong></span> 
     </span>
     <span class='ocr_line' id='line_1_94' title="bbox 2112 5333 3689 5419; baseline 0.001 -21"><span class='ocrx_word' id='word_1_558' title='bbox 2112 5334 2279 5399; x_wconf 87' lang='lat' dir='ltr'><strong>libili</strong></span> <span class='ocrx_word' id='word_1_559' title='bbox 2312 5354 2470 5419; x_wconf 88' lang='lat' dir='ltr'><strong>quae</strong></span> <span class='ocrx_word' id='word_1_560' title='bbox 2496 5335 2558 5395; x_wconf 92' lang='lat' dir='ltr'><strong>in</strong></span> <span class='ocrx_word' id='word_1_561' title='bbox 2589 5341 2675 5397; x_wconf 84' lang='lat' dir='ltr'><strong>Te</strong></span> <span class='ocrx_word' id='word_1_562' title='bbox 2708 5343 2845 5408; x_wconf 86' lang='lat' dir='ltr'><strong>est,</strong></span> <span class='ocrx_word' id='word_1_563' title='bbox 2875 5333 3252 5398; x_wconf 85' lang='lat' dir='ltr'><strong>auctoritate</strong></span> <span class='ocrx_word' id='word_1_564' title='bbox 3283 5334 3534 5397; x_wconf 88' lang='lat' dir='ltr'><strong>beatum</strong></span> <span class='ocrx_word' id='word_1_565' title='bbox 3576 5342 3689 5402; x_wconf 87' lang='lat' dir='ltr'><strong>Pe·</strong></span> 
     </span>
     <span class='ocr_line' id='line_1_95' title="bbox 2118 5429 3686 5500; baseline 0.002 -2"><span class='ocrx_word' id='word_1_566' title='bbox 2118 5442 2282 5499; x_wconf 88' lang='lat' dir='ltr'><strong>trum</strong></span> <span class='ocrx_word' id='word_1_567' title='bbox 2312 5431 2680 5500; x_wconf 87' lang='lat' dir='ltr'><strong>eorumdem</strong></span> <span class='ocrx_word' id='word_1_568' title='bbox 2727 5452 2889 5497; x_wconf 84' lang='lat' dir='ltr'><strong>nunc</strong></span> <span class='ocrx_word' id='word_1_569' title='bbox 2934 5431 3096 5496; x_wconf 78' lang='lat' dir='ltr'><strong>Albo</strong></span> <span class='ocrx_word' id='word_1_570' title='bbox 3123 5429 3402 5500; x_wconf 83' lang='lat' dir='ltr'><strong>adscribi</strong></span> <span class='ocrx_word' id='word_1_571' title='bbox 3446 5430 3686 5500; x_wconf 86' lang='lat' dir='ltr'><strong>debere</strong></span> 
     </span>
    </p>
   </div>
  </div>
 </body>
</html>
