4442 6300
1468 543 1812 609 Quuwur.
1866 541 2330 595 samrrontfm
2376 545 2538 593 arraz.

3353 540 3464 594 295

414 687 667 753 Gratiae
703 685 1126 771 appellatum,
1159 688 1220 749 in
1251 708 1377 770 quo
1406 686 1669 751 totidem
1709 685 1970 749 t’raelati
2085 695 2387 760 ornatus,
2428 684 2559 750 sive
2603 704 3002 767 quocumque
3045 680 3172 748 alio
3200 682 3487 766 ejusdem
3523 691 3639 747 Ro·
3733 702 3739 707 ·

412 790 713 852 Votantes
753 787 1081 851 habentur.
1132 792 1198 849 ln
1224 785 1464 849 luorum
1520 805 1672 849 sane
1714 804 1973 848 ninmero
2086 801 2301 845 manae
2347 781 2570 847 curiae
2612 800 2906 853 munere,
2932 778 3033 847 vel
3063 778 3278 845 officio
3307 779 3639 845 decoratus
3691 834 3694 839 .

409 886 536 946 Nos
565 885 798 964 pariter
823 884 1002 955 olim,
1030 883 1181 947 dum
1214 885 1274 945 in
1298 883 1640 948 Minoribus
1664 902 1970 954 essemus,
2083 878 2470 961 reperiatur,
2518 879 2927 963 praecipimus
2965 876 3223 957 insuper
3275 885 3338 942 et
3394 879 3641 943 manda-

411 978 609 1051 l’uisse
664 981 1044 1065 gloriamur.
1098 988 1289 1046 Porro
1349 1001 1664 1063 nunquam
1720 981 1968 1062 utrique
2085 998 2266 1051 mus,
2309 977 2587 1041 utnulla
2632 976 2837 1039 habita
2894 976 3256 1059 signaturae
3311 976 3641 1048 Justitiae,

407 1082 706 1143 Votantes
737 1090 1028 1161 tanquam
1046 1079 1124 1140 in
1154 1080 1283 1141 sive
1314 1078 1649 1158 CorporiS,
1676 1078 1809 1142 sive
1835 1078 1964 1141 Tri·

412 1174 662 1241 bunalis
678 1178 950 1259 speciem
974 1178 1372 1251 conveniunt,
1402 1197 1475 1241 ea
1509 1185 1764 1257 propter
1794 1173 1967 1240 nulla

411 1272 665 1352 quidem
697 1273 809 1336 hac
840 1272 904 1335 in
938 1282 1115 1353 parte
1146 1272 1498 1339 necessaria
1529 1280 1629 1337 est
1663 1271 1970 1353 Apostoli-

406 1389 518 1433 cae
545 1379 797 1439 nostrae
828 1370 1250 1454 providentiae
1278 1370 1474 1446 ratio,
1506 1370 1616 1435 sed
1648 1369 1767 1437 hoc
1796 1390 1972 1452 prae·

413 1466 634 1532 sertim
670 1467 1083 1549 praecipimus
1128 1477 1195 1532 et
1246 1469 1650 1538 mandamns:
1703 1477 1769 1533 nt
1820 1489 1974 1547 quo·

413 1562 811 1647 tiescumque
856 1577 979 1630 tam
1040 1566 1156 1648 ipsi
1212 1568 1575 1649 signaturae
1631 1565 1918 1630 ,Iustitiae
1948 1611 1970 1641 ,

411 1680 597 1741 quam
628 1661 996 1745 signaturae
1042 1663 1286 1727 Gratiae
1330 1671 1633 1728 Votantes
1682 1683 1793 1745 pro
1841 1661 1972 1726 suis

404 1767 698 1839 respectu
733 1760 966 1842 proprii
998 1758 1355 1823 Tribunalis
1376 1761 1639 1825 seorsim
1662 1760 1970 1824 obeundis

406 1854 950 1938 adimplendisque
982 1857 1353 1951 muneribus
1374 1858 1645 1921 invicem
1678 1856 1970 1922 conveni·

404 1972 473 2017 re
515 1951 786 2022 debent.
818 1954 985 2018 idem
1017 1954 1181 2017 inter
1202 1954 1382 2033 ipsos
1413 1965 1541 2016 tum
1571 1954 1632 2016 in
1664 1952 1970 2029 sedendo,

405 2057 537 2112 tum
568 2049 632 2111 in
662 2058 903 2123 votum,
936 2051 1069 2115 sive
1102 2052 1464 2136 suffragium
1500 2051 1761 2117 ferendo
1791 2072 1971 2133 prae·

402 2146 729 2212 cedentiae
770 2149 941 2213 Ordo
970 2159 1294 2221 servetur,
1335 2150 1441 2231 qui
1473 2151 1549 2213 ad
1582 2150 1739 2213 hanc
1770 2170 1970 2231 usque

402 2244 569 2309 diem
614 2255 1336 2328 retentusservatusque
1379 2258 1497 2313 est.
1544 2249 1852 2323 Quoniam
1898 2255 1965 2312 ut

406 2340 743 2424 plurimum
771 2342 1055 2407 accidere
1088 2351 1328 2424 potest,
1358 2354 1423 2407 nt
1458 2346 1588 2409 sive
1622 2366 1803 2415 unus,
1838 2344 1970 2409 sire

400 2437 614 2518 plures
629 2458 709 2501 ει
731 2445 993 2520 utroque
1016 2440 1381 2519 signaturae
1403 2444 1694 2506 ,Iustitiae
1732 2450 1795 2503 et
1821 2448 1971 2507 Gra·

405 2534 528 2599 tiae
559 2533 878 2597 ‘tribunali
914 2539 1211 2619 volantes
1237 2558 1627 2620 quacumque
1660 2559 1738 2601 ex
1783 2558 1969 2601 causa

404 2629 532 2693 sive
570 2631 969 2702 Praelatitio,
1000 2632 1132 2696 sire
1160 2656 1551 2717 quocumque
1589 2634 1716 2699 alio
1746 2635 1965 2699 habitu

403 2718 601 2790 induti
643 2728 1122 2815 quomodolibet
1167 2742 1234 2797 et
1278 2733 1658 2815 ubicumque
1710 2731 1967 2797 insimul

402 2826 665 2908 reperiri
709 2824 948 2908 possint
972 2854 991 2890 ε
1028 2829 1195 2893 Hinc
1241 2839 1383 2903 est,
1415 2831 1584 2911 quod
1619 2836 1744 2895 Nos
1791 2842 1969 2895 motu

342 2980 349 2987 ,
405 2921 697 3004 proprio,
730 2934 814 2989 'ac
854 2945 933 2989 ex
965 2935 1138 2990 certa
1170 2928 1468 3000 scientia,
1496 2934 1561 2990 et
1592 2938 1833 2997 matura
1863 2929 1970 2993 de-

403 3018 776 3084 liberatione
820 3023 1089 3095 nostris,
1136 3023 1342 3107 (leque
1371 3024 1765 3107 Apostolicae
1794 3034 1967 3108 pote·

404 3116 585 3182 statis
624 3112 1009 3200 plenitudine
1041 3121 1330 3190 volumus
1359 3131 1422 3187 et
1457 3122 1819 3187 mandamus
1844 3165 1866 3194 ,
1897 3128 1966 3186 ut

405 3213 466 3276 in
506 3214 865 3300 hujusmodl
911 3230 1213 3285 conventu
1261 3220 1373 3286 ille
1422 3229 1699 3306 Votafls,
1741 3221 1846 3302 qui
1903 3220 1967 3282 in

406 3331 521 3376 suo
562 3313 884 3378 Tribunali
912 3317 1268 3400 antiquior,
1297 3328 1362 3382 et
1395 3319 1566 3401 prior
1589 3318 1970 3383 constitutus

405 3406 593 3474 fuerit
612 3453 634 3484 ,
687 3411 807 3474 hoc
857 3413 1044 3478 modo
1089 3417 1460 3498 praecedat,
1486 3415 1839 3481 ‘videlicetz
1894 3423 1968 3480 m

401 3515 639 3573 Votans
670 3508 837 3590 prior
858 3510 919 3573 in
942 3512 1305 3595 signaturae
1326 3513 1620 3577 Justitiae
1649 3512 2005 3578 ‘tribunali‘

405 3604 731 3678 adlectus,
773 3628 958 3689 quam
1024 3609 1388 3694 signatur-ae
1447 3603 1691 3676 Gratiae
1736 3618 1970 3677 votans

404 3700 469 3763 in
513 3724 629 3767 suo
670 3703 987 3769 admissus
1030 3705 1257 3780 suerit,
1301 3707 1444 3772 huic
1488 3707 1766 3772 secundo
1796 3708 1970 3774 dicto

406 3799 770 3883 Signaturae
816 3802 1059 3866 Gratiae
1086 3804 1335 3867 Votanti
1365 3806 1701 3885 praecedat
1733 3804 1844 3870 ille
1876 3806 1965 3870 Si·

403 3905 701 3981 gnaturae
745 3900 1041 3964 Iustitiae
1088 3905 1356 3976 votano,
1410 3901 1498 3966 ita
1544 3903 1783 3984 pariter
1823 3902 1967 3968 huic

405 3996 774 4079 Signatnrae
819 3996 1118 4061 Iustitiae
1160 3999 1408 4063 Votanti
1440 4002 1816 4081 praecedere
1860 4000 1966 4064 de·

401 4091 549 4155 beat
579 4091 691 4154 ille
721 4093 1085 4175 signaturae
1133 4097 1385 4160 Gratiae
1409 4105 1674 4162 vetans.
1706 4098 1815 4178 qni
1861 4117 1966 4162 an·

402 4197 657 4269 tequam
689 4188 1051 4271 signaturae
1082 4192 1373 4255 Iustitiae
1403 4192 1467 4255 in
1511 4214 1694 4256 snum
1746 4193 1964 4256 Tribu-

402 4282 510 4347 nal
561 4273 1037 4361 admitteretur,
1072 4288 1201 4370 jam
1252 4290 1315 4349 in
1366 4289 1685 4371 proprium
1744 4288 1965 4354 itidem

398 4380 697 4444 Tribunal
740 4391 1039 4466 receptus
1075 4382 1308 4448 fuerat:
1341 4385 1518 4458 Quod
1551 4385 1600 4447 si
1632 4385 1967 4469 contigerit

400 4478 586 4540 ambo
614 4476 873 4544 alterius
907 4481 1267 4565 signaturae
1295 4489 1592 4545 Votuntes
1615 4483 1838 4547 eodem
1861 4483 1967 4547 die

401 4594 722 4656 quemque
768 4577 1092 4641 'tribunali
1122 4578 1493 4642 constitutos
1534 4577 1770 4650 fuisse,
1816 4589 1965 4642 tunc

402 4672 842 4754 praecedentia
898 4674 991 4736 illi
1051 4675 1276 4748 detur,
1331 4675 1436 4757 qui
1489 4675 1550 4737 in
1611 4676 1965 4742 praelatura

401 4788 796 4852 quacumque
828 4772 1148 4853 antiquior
1173 4783 1239 4838 et
1266 4774 1442 4855 prior
1463 4773 1791 4854 reperitur.
1816 4780 1963 4837 Tra-

399 4865 593 4929 ditam
635 4867 844 4949 itaque
875 4881 1301 4953 statutamque
1346 4871 1623 4953 reguiam
1680 4859 1742 4933 in
1792 4891 1966 4953 prae·

403 4963 642 5034 missis,
674 4963 1019 5030 dummodo
1049 4967 1262 5031 nullus
1290 4967 1452 5031 alius
1481 4968 1961 5049 praecedentiae

399 5056 625 5124 titulus
655 5060 1040 5135 intercedat,
1069 5065 1323 5133 omnino
1352 5064 1719 5127 servandam
1752 5073 1962 5129 custo·

401 5154 823 5240 diendamque
857 5143 998 5223 esse
1029 5160 1316 5225 volumus
1343 5170 1409 5223 et
1431 5161 1819 5226 mandamus.
1844 5170 1960 5227 Ve-

402 5271 545 5315 rum
590 5274 731 5318 cum
778 5254 1008 5337 aliquis
1036 5264 1270 5322 volans
1313 5258 1966 5323 alteriuslTribunalis

398 5346 759 5430 hujusmodi
807 5353 937 5417 sive
1000 5354 1349 5438 Episcopali
1402 5354 1759 5419 charactere
1817 5356 1965 5421 insi-

402 5445 646 5527 gnitus,
679 5447 811 5512 sive
844 5450 1249 5514 t’rutonutarii
1288 5451 1624 5533 apostolici
1660 5451 1961 5536 dignitate

2079 1081 2183 1138 aut
2231 1075 2476 1141 Gratiae
2505 1075 2789 1139 votantis
2832 1073 3100 1143 ratione,
3145 1073 3257 1136 sed
3289 1092 3361 1137 ea
3396 1074 3642 1138 dumta-

2079 1179 2181 1233 xat
2224 1172 2661 1253 praecedentia
2689 1169 2909 1235 illaesa
2945 1179 3301 1243 remaneat,
3332 1193 3492 1251 quae
3527 1178 3645 1234 vo·

2081 1268 2234 1333 tanti
2280 1279 2570 1352 respectu
2615 1268 2747 1333 sive
2791 1267 3163 1332 characteris
3208 1267 3640 1350 Episcopalis,

2082 1367 2213 1430 sive
2261 1367 2583 1451 Dignitatis
2628 1364 3043 1430 protonotarii
3079 1365 3454 1446 Apostolici,
3512 1368 3644 1432 sive

2079 1464 2358 1547 cujusvis
2382 1462 2646 1529 alterius
2673 1462 2952 1527 muneris
2995 1461 3492 1543 praecedentiam
3526 1464 3641 1530 hac

2079 1559 2143 1623 in
2175 1581 2246 1624 re
2288 1561 2663 1643 requirentis
2693 1560 2994 1641 competit
3037 1565 3101 1620 et
3145 1560 3434 1623 debetur.
3465 1562 3646 1625 Deni-
3769 1548 3778 1565 ⁸

2082 1677 2204 1741 que
2235 1659 2565 1725 statuimus
2585 1666 2650 1723 et
2670 1658 3066 1723 decernimus
3093 1657 3449 1742 hujusmodi
3474 1679 3647 1743 prae·

2080 1758 2432 1823 cedentiam
2456 1802 2477 1829 ,
2510 1777 2654 1821 cum
2690 1754 2889 1837 quivis
2910 1763 3141 1819 Votans
3168 1754 3230 1817 in
3263 1764 3529 1838 utroque
3554 1758 3645 1820 Si·

2080 1862 2376 1939 gnaturae
2405 1855 2697 1920 Iustitiae
2719 1859 2785 1917 et
2804 1853 3045 1919 Gratiae
3067 1853 3384 1918 ‘tribunali
3420 1855 3649 1920 adscri-

2081 1961 2223 2034 ptus
2253 1952 2440 2017 suerit
2464 1995 2485 2026 ,
2517 1973 2551 2015 a
2579 1951 2894 2032 primaeva
2922 1950 3121 2034 ipsius
3150 1953 3438 2016 Votantis
3467 1953 3528 2014 in
3560 1951 3646 2014 al·

2081 2058 2217 2116 tero
2246 2051 2571 2132 utriusque
2602 2048 2959 2131 signaturae
2990 2045 3312 2113 'tribunali
3348 2049 3650 2132 receptio·

2082 2167 2165 2213 ne
2193 2156 2253 2212 et
2285 2147 2666 2212 admissione
2692 2190 2714 2218 ‚
2740 2155 2804 2213 et
2834 2165 2955 2210 non
2981 2146 3163 2211 aliter
3189 2166 3331 2211 esse
3363 2156 3648 2228 repeten-

2082 2245 2223 2310 dam
2258 2255 2322 2310 et
2351 2245 2786 2312 deliniendam.
2826 2251 3240 2308 neceruentes
3271 2244 3439 2327 ipsas
3465 2266 3647 2328 prae·

2081 2352 2295 2407 sentes
2320 2342 2555 2407 Literas
2595 2327 2854 2423 semper
2895 2337 3106 2405 firmas
3133 2339 3372 2405 validas
3414 2350 3478 2406 et
3520 2343 3650 2407 effi·

2082 2459 2260 2503 caces
2291 2439 2559 2504 existere
2604 2436 2832 2503 oerore
2856 2480 2878 2509 ,
2920 2456 3199 2519 suosque
3234 2437 3554 2522 plenarios
3582 2446 3648 2507 et

2080 2538 2356 2620 integros
2385 2536 2648 2601 effectus
2678 2534 2890 2603 sortiri
2922 2542 2985 2598 et
3014 2535 3344 2608 obtinere,
3376 2557 3450 2602 ac
3479 2537 3651 2614 illis,

2081 2636 2161 2700 ad
2191 2655 2350 2718 quos
2379 2642 2643 2716 spectat,
2675 2645 2736 2697 et
2770 2652 2881 2714 pro
2911 2641 3199 2714 tempore
3223 2636 3651 2715 quandocum-

2083 2753 2204 2815 que
2251 2733 2602 2815 spectabit,
2647 2729 3008 2812 plenissime
3049 2730 3417 2814 suffragari,
3459 2739 3525 2797 et
3566 2735 3647 2798 ab

2080 2830 2174 2897 eis
2205 2830 2553 2911 respective
2572 2825 3025 2892 inviolabiliter
3047 2828 3397 2903 observari,
3428 2829 3645 2913 sicque

2078 2928 2139 2990 in
2167 2927 2527 3010 praemissis
2555 2944 2670 3007 per
2708 2943 3138 3008 quoscumque
3168 2926 3421 2991 ludices
3466 2928 3644 2992 Ordi-

2078 3025 2287 3088 narios
2308 3068 2329 3098 ,
2372 3032 2437 3088 e't
2472 3021 2800 3105 Delegatos
2829 3023 3019 3087 etiam
3055 3027 3393 3101 causarum
3425 3025 3641 3090 Palatii

2077 3120 2420 3210 Apostolici
2448 3119 2777 3186 Auditores
2792 3119 3062 3204 judicari
3096 3127 3161 3184 et
3181 3119 3428 3186 definiri
3451 3122 3642 3187 debe-

2082 3241 2150 3282 re
2174 3263 2195 3290 ,
2240 3242 2312 3284 ac
2344 3219 2585 3284 irritum
2629 3228 2695 3283 et
2727 3217 2950 3288 inane,
2991 3216 3042 3280 si
3087 3236 3271 3281 secus
3317 3239 3508 3301 super
3548 3219 3645 3284 his

2079 3338 2113 3381 a
2171 3336 2489 3399 quoquam
2540 3315 2762 3398 quavis
2817 3314 3191 3378 auctoritate
3239 3315 3510 3380 scienter
3538 3318 3638 3381 rel

2077 3414 2437 3498 ignoranter
2481 3411 2817 3495 contigerit
2856 3412 3172 3477 attentari.
3211 3417 3347 3476 Non
3395 3415 3646 3478 obstan·

2080 3513 2248 3576 tibus
2274 3510 2841 3575 constitutionibus
2857 3518 2922 3573 et
2952 3508 3457 3574 ordinationibus
3487 3519 3647 3592 Apo·

2080 3608 2324 3674 stolicis
2353 3652 2374 3679 ,
2433 3608 2783 3689 ceterisque
2850 3606 3178 3672 contrariis
3246 3607 3645 3688 quibuscum·

2082 3728 2226 3790 que.
2279 3713 2500 3770 Datum
2565 3713 2789 3769 Romae
2841 3705 3001 3786 apud
3049 3710 3332 3768 Sanctam
3384 3706 3638 3770 uariam

2077 3804 2380 3888 Majorem
2412 3804 2530 3867 sub
2562 3801 2803 3865 Annulo
2821 3801 3154 3866 Piscatoris
3180 3801 3285 3866 die
3311 3810 3442 3866 vn.
3473 3805 3640 3867 ,lunii
3725 3853 3734 3858 .

2077 3903 2484 3967 unccxtvl.
2514 3898 2918 3964 Pontificatus
2949 3900 3152 3964 nostri
3184 3906 3357 3964 Anno
3387 3907 3596 3968 Sexto.

2713 4097 2784 4154 D.
2813 4092 2992 4156 card.
3037 4091 3428 4156 Passioneus.

2203 4296 2361 4353 Toto
2392 4294 2599 4352 antem
2641 4307 2721 4351 eo
2769 4285 3024 4351 octiduo
3073 4285 3268 4350 voluit
3311 4288 3639 4362 Pontifex,

2076 4393 2146 4452 ut
2186 4394 2462 4467 Vespere
2502 4385 2751 4465 aliquae
2789 4384 3112 4448 Laicorum
3154 4384 3640 4452 Confraternita·

2078 4492 2175 4546 tes
2195 4482 2277 4545 ab
2308 4481 2823 4544 Eminentissimo
2841 4479 3144 4543 cardinali
3177 4482 3360 4546 Urbis
3395 4483 3640 4548 vicario

2074 4581 2403 4663 eligendae
2421 4576 2681 4660 supplici
2701 4578 2820 4640 ritu
2843 4578 3084 4641 adirent
3105 4597 3243 4642 eam
3270 4579 3637 4654 Ecclesiam,

2075 4679 2183 4742 ubi
2209 4696 2426 4760 preces
2451 4675 2702 4741 habitae
2731 4693 2910 4740 mane
2942 4674 3225 4751 ruerant,
3257 4677 3475 4742 ultimo
3503 4686 3638 4742 tan·

2074 4775 2217 4839 dem
2250 4775 2663 4839 solemnitatis
2704 4773 2805 4837 die
2827 4774 2912 4836 ad
2941 4782 3416 4839 Lateranensem
3465 4777 3635 4840 Basi-

2075 4872 2302 4942 licam,
2352 4891 2475 4935 non
2517 4869 2720 4935 solum
2764 4871 3110 4952 composita
3153 4873 3632 4954 supplicantium

2072 4971 2317 5055 agmina
2357 4969 2801 5050 procederent,
2846 4969 2956 5033 sed
2991 4969 3480 5033 Eminentissimi
3526 4978 3635 5035 Pa-

2072 5075 2204 5131 tres
2227 5113 2248 5142 ,
2291 5067 2399 5149 qui
2427 5065 2707 5140 vellent,
2738 5065 2966 5129 iterum
2999 5067 3282 5130 vestibus
3303 5110 3322 5137 ,
3367 5076 3431 5129 et
3460 5068 3628 5150 quod

2076 5149 2390 5249 peculiare
2439 5171 2587 5236 est,
2637 5165 2828 5226 etiam
2881 5164 3102 5245 cappis
3157 5164 3397 5236 rubris,
3450 5186 3632 5232 mane

2071 5263 2367 5326 adessent
2387 5260 2727 5326 Pontificali
2743 5262 2990 5325 Missae.
3021 5268 3165 5324 Post
3186 5262 3508 5326 meridiem
3529 5271 3634 5329 Se-

2074 5368 2294 5432 nator,
2340 5358 2732 5440 conscripti,
2778 5366 2842 5421 et
2884 5357 3223 5421 Centuriati
3271 5379 3308 5421 e
3358 5367 3634 5425 Romano

2072 5455 2310 5540 Populo
2347 5456 2633 5521 homines
2655 5497 2676 5528 ‚
2719 5453 3130 5538 frequentiori
3162 5478 3292 5539 quo
3334 5465 3632 5539 possent,
