4442 6300
989 513 1089 562 iot
2013 510 2210 562 ACTA
2252 509 2909 562 CANONIzATtoms

806 658 1121 740 pagaudae
1154 655 1363 728 Fidei,
1408 653 1507 720 vel
1542 656 1618 719 ad
1657 649 2007 718 infidelium
2060 657 2364 738 Regiones
2472 664 2574 718 cet
2602 654 2663 715 in
2690 655 2930 727 -terris,
2972 663 3041 717 ut
3083 654 3190 716 ubi
3216 673 3401 718 verus
3434 653 3663 718 Christi
3714 656 3899 721 miles
3929 659 4039 722 bo·

805 754 1122 837 Evangelii
1171 752 1562 834 praedicandi
1589 776 1786 818 causa
1835 754 2167 814 mittuntur
2197 797 2217 823 ,
2265 751 2362 815 vel

801 850 1168 915 revocandis
1199 852 1278 914 ad
1308 852 1690 915 Catholicam'
1721 852 2105 936 Religionem
2137 856 2366 912 Haere-

799 950 941 1015 ticis
985 936 1429 1019 destinantur,
1472 948 1570 1013 vel
1618 949 1718 1012 bic
1768 957 2002 1011 Romae
2059 945 2361 1030 singulari

800 1044 1158 1110 Pontificiae
1193 1044 1591 1110 liberalitatis
1634 1045 1969 1126 exemplo,
2016 1045 2084 1105 in'
2107 1044 2363 1125 optimis

803 1143 1303 1226 quibuscumque
1332 1138 1677 1224 disciplinis
1707 1143 2149 1205 instituunturx

935 1240 1177 1303 Vrimus
1208 1241 1484 1304 omnium
1533 1242 1757 1304 beatus
1785 1238 2016 1304 Fidelis
2052 1259 2088 1302 a
2115 1238 2367 1321 sigma·

805 1338 976 1419 tinga
1005 1357 1382 1418 purpureum
1413 1337 1564 1400 illud
1598 1337 2029 1419 triumphantis
2059 1337 2231 1400 Fidei
2261 1348 2363 1399 ve·

796 1434 1018 1498 xillum
1051 1434 1277 1517 erigit,
1313 1436 1431 1500 sub
1461 1432 1634 1518 uuo,
1661 1437 1803 1498 dum
1838 1435 1899 1496 in
1931 1434 2239 1499 Rhaeticis
2271 1435 2362 1495 Fi-

798 1534 976 1598 deles
1008 1532 1252 1615 aliquos
1287 1535 1367 1595 ad
1408 1542 1766 1598 constanter
1792 1535 1858 1594 in
1895 1532 2043 1594 ride
2073 1550 2356 1612 perseve-

800 1631 1103 1703 randum,
1163 1630 1461 1712 exemplo
1519 1640 1581 1694 et
1644 1632 1898 1693 monitis
1956 1631 2354 1700 hortaretur,

789 1728 1282 1810 Haereticosque
1317 1728 1648 1792 nonnullos
1679 1730 1753 1790 ad
1787 1748 2004 1791 eorum
2039 1727 2353 1791 baeresim

793 1826 1072 1911 ejurand
1063 1847 1155 1889 im
1189 1825 1507 1898 inducere,
1535 1826 1672 1909 jugi
1704 1826 1986 1889 oratione
2016 1833 2081 1887 et
2111 1824 2357 1904 praedi·

793 1922 1036 1989 catione
1082 1920 1820 2011 satageret31mpiorum
1865 1922 2192 1983 bominum
2227 1921 2357 2004 gla-

793 2022 958 2095 diis,
1008 2042 1118 2101 μη·
1145 2040 1457 2083 summum
1504 2020 1711 2091 scelus
1752 2014 2116 2093 occubuit,
2130 2018 2383 2102 suique-

791 2118 1105 2204 sanguinis
1135 2119 1536 2199 aspersione,
1568 2106 1793 2181 nedum
1827 2126 2240 2181 memoratam
2274 2117 2353 2183 dc

786 2215 1186 2298 propaganda
1215 2214 1790 2296 congregationem,
1822 2214 1901 2278 de
1929 2213 2044 2279 hac
2073 2214 2281 2277 adeo·
2263 2233 2356 2274 m·

788 2313 949 2397 signi
980 2312 1151 2374 illius
1181 2311 1476 2391 triumphi
1516 2309 1717 2394 gloria
1748 2311 2203 2375 benemeritam
2227 2354 2248 2383 ,
2286 2310 2350 2372 in

785 2407 1057 2473 futuram
1105 2407 1289 2472 etiam
1320 2406 1689 2471 caelestium
1734 2398 2217 2472 retributionum
2256 2427 2354 2470 so·

787 2509 952 2572 ciam
995 2504 1416 2577 consecravit,
1475 2503 1587 2568 sed
1634 2503 1729 2565 illi
1780 2514 2033 2587 quoque
2092 2504 2347 2566 interim

785 2602 1246 2686 gloriosissimo
1289 2599 1520 2664 matris
1528 2606 1870 2686 Martyrum
1920 2599 2102 2665 titulo
2140 2599 2355 2684 appel-

783 2701 903 2763 lari
935 2720 1117 2782 posse
1147 2698 1514 2811 promeruit

911 2797 1083 2862 Unde
1115 2796 1166 2859 si
1197 2795 1386 2858 modo
1415 2799 1835 2860 SANCTITAS
1864 2754 2164 2859 ὙΕΒΤΒᾸ
2204 2799 2349 2859 bea·

781 2906 912 2959 tum
945 2896 1109 2957 bime
1138 2886 1397 2964 Viriim,
1431 2902 1517 2958 tot
1555 2913 1676 2956 non
1721 2894 1927 2955 minus
1957 2891 2346 2968 virtutibus,

781 3014 970 3075 quam
1008 2990 1367 3072 triumphali
1411 2991 1523 3055 bac
1555 2990 1757 3074 palma
1801 2990 2157 3072 insignitum
2205 2998 2352 3054 San-

782 3085 1028 3153 ctorum
1084 3087 1288 3162 Albo,
1333 3087 1575 3171 dignari
1629 3085 1785 3152 velit
1831 3087 2218 3153 inscriberet
2273 3094 2348 3154 Et
2452 3082 2459 3091 ⁴
2550 3146 2563 3154 ,
2626 3120 2639 3127 -

781 3185 1187 3254 missionariis
1214 3184 1506 3257 illustre,
1534 3185 1701 3265 quod
1733 3184 2097 3255 imitentur,
2131 3204 2345 3248 exem·

781 3283 920 3366 plar
944 3281 1211 3347 maxima
1254 3282 1368 3345 hac
1402 3279 1820 3345 retributione
1866 3280 2237 3346 exhibebit.
2284 3292 2348 3346 et

781 3377 1134 3461 Collegium
1176 3378 1290 3466 boc
1319 3379 1629 3442 Urbanum
1659 3375 1858 3476 gloria
1889 3377 2077 3460 primi
2113 3383 2353 3472 Marty-

785 3475 871 3539 ris
896 3473 1259 3538 illustrabit

909 3670 1406 3732 ALEXANDER
1437 3669 1497 3728 S.
1534 3668 1777 3729 uariae
1799 3622 1894 3727 bd
1923 3659 2220 3747 Martyres

1141 3769 1450 3826 Diaconus
1479 3769 1658 3826 (ἰατά.
1702 3765 1992 3826 Albanus.

915 3961 1411 4021 Fonrlssmvs
1449 3957 1674 4021 Christi
1717 3957 1965 4025 athleta
2009 3961 2234 4025 beatus
2259 3959 2352 4023 Bi-

788 4055 948 4119 delis
977 4077 1010 4118 a
1045 4056 1430 4139 Sigmaringa
1475 4056 1536 4117 in
1580 4056 1944 4122 Reformato
1985 4058 2350 4140 Serapbicae

785 4153 1081 4216 Familiae
1113 4153 1347 4216 Ordine
1383 4153 1926 4237 (capuccinorum
1963 4156 2175 4219 dicunt
2198 4156 2229 4240 )
2256 4163 2352 4218 tn·

785 4251 1071 4316 stitutum
1109 4250 1473 4315 austerioris
1499 4252 1659 4316 vitae
1689 4253 2011 4334 professus
2054 4273 2177 4318 non
2209 4273 2344 4316 mo·

786 4352 868 4414 do
897 4350 1192 4415 virtutum
1239 4348 1574 4432 splendore
1599 4350 1879 4422 'enituit,
1928 4351 2037 4414 sed
2071 4350 2344 4431 praecla-

785 4446 1146 4518 rissimum,
1190 4457 1256 4512 et
1281 4468 1405 4529 quo
1435 4446 1635 4529 majus
1678 4447 1893 4511 baberi
1931 4469 2050 4511 non
2095 4457 2345 4530 potest,

779 4543 1285 4628 perfectissimae
1331 4543 1394 4603 in
1423 4549 1618 4622 Derim
1664 4555 1744 4624 et¹
1774 4545 2057 4607 homines
2087 4545 2345 4608 charita-

783 4634 865 4706 εἷς
888 4686 908 4715 ,
935 4641 1335 4704 firmissimae
1365 4640 1515 4702 fidei
1541 4683 1562 4713 ,
1592 4649 1655 4704 et
1684 4631 1950 4705 invictae
1981 4643 2116 4725 spei
2149 4642 2346 4705 edidit

773 4739 1205 4804 testimonium
1233 4782 1254 4811 ‚
1311 4739 1461 4801 dum
1506 4758 1615 4819 pro
1674 4739 1976 4804 catholica
2021 4739 2343 4823 Religione

776 4835 1210 4916 amplificanda
1247 4837 1720 4901 naereticorum
1745 4837 1971 4921 gladiis
1999 4838 2061 4900 in
2085 4838 2340 4902 Rbaefia

778 4933 1110 5000 confossus
1142 4935 1301 4997 mira
1340 4934 1532 4998 animi
1573 4936 1994 5020 magnitudine
2034 4936 2113 4999 de
2145 4946 2342 4998 morte

775 5034 912 5115 ipsa
945 5032 1260 5115 gloriosus
1294 5029 1716 5116 triumphavit:
1750 5032 2097 5099 Caelestem
2132 5033 2344 5115 itaque

775 5131 992 5192 Virum
1039 5130 1268 5193 merito
1310 5128 1631 5192 infallibili
1678 5135 2174 5195 SANcTn'ATls
2213 5137 2344 5214 ΥΕ-

781 5234 989 5293 STRAE
1020 5226 1286 5300 Oraeulo
1316 5229 1678 5292 Sanctorum
1708 5226 1880 5294 cultu
1912 5227 2195 5294 decorari
2241 5229 2346 5292 de·

797 5417 814 5423 “
879 5399 966 5493 (a)
997 5422 1321 5478 Ecclesiast.
1353 5443 1472 5497 cap.
1506 5426 1595 5480 kd.
1625 5444 1770 5481 vers.
1803 5427 1891 5480 18.

2453 3290 2763 3346 invocavit
2786 3289 3103 3346 Dominum
3122 3291 3625 3359 omnipotentem.
3653 3324 3673 3346 .
3698 3329 3713 3345 .

2474 770 2620 812 num
2666 760 2978 819 certamen
3028 752 3330 822 certavit,
3376 764 3811 818 consummato
3853 775 4037 820 cursu

2474 860 2613 930 post
2643 858 2958 929 acceptam
2988 850 3049 910 iu
3081 849 3502 962 triumphante
3546 851 3832 916 Ecclesia
3861 873 4041 917 coro-

2478 966 2616 1010 nam
2663 947 2977 1029 justitiae,
3012 946 3211 1009 etiam
3262 947 3329 1007 in
3381 945 3693 1053 militante
3739 968 4035 1014 coronam

2473 1045 2707 1139 gloriae
2734 1053 3121 1126 assequatur.
3942 1068 3947 1077 ·

2518 1245 2585 1303 N
2584 1243 2728 1301 ΕΜ
2734 1242 2830 1303 US
2859 1242 2919 1302 S.
2956 1243 3274 1302 Euenum&
3304 1228 3609 1304 Diaconum
3642 1245 3998 1307 cardinum

3098 1342 3410 1405 Carcinus.
3458 1352 3467 1357 ·
3812 1378 3817 1383 -

2586 1537 2807 1606 Qum!
2850 1539 2914 1596 et
2962 1533 3269 1596 varietate·
3311 1532 3662 1616 linguarum
3710 1541 3775 1596 et
3824 1554 4037 1599 rernm

2471 1631 2731 1695 scientia
2751 1674 2771 1703 ‚
2803 1651 2925 1715 qna
2953 1632 3271 1712 praeditus
3314 1631 3808 1696 erat-Bthdelis
3837 1653 3871 1695 a
3905 1633 4036 1718 Sig-

2468 1729 2747 1811 maringa
2770 1746 2797 1800 ,·
2818 1750 2971 1793 usus
3004 1750 3256 1811 semper
3284 1727 3474 1792 fuerit
3505 1729 3581 1792 ad
3610 1730 4030 1812 ingenuorum

2465 1825 3189 1891 adolescentiummores
3211 1846 3323 1907 per
3342 1833 3433 1889 tet
3454 1826 3678 1891 itinera
3700 1826 4037 1892 informan-

2467 1924 2620 1998 dos3
2665 1945 2737 1987 ac
2778 1920 3007 1989 deinde
3051 1923 3246 1988 miros
3277 1922 3340 1985 in
3370 1925 3713 1988 virtutibus
3752 1924 4027 1990 heroicis

2462 2016 2782 2102 profectus
2811 2020 3074 2093 fecerit,
3121 2027 3205 2081 et·
3233 2021 3603 2085 catholicam
3641 2020 4031 2104 Religionem

2461 2119 2785 2182 adversus.
2817 2119 3181 2182 Haereticos
3224 2119 3612 2193 asseruerit,
3648 2140 3721 2184 ac
3772 2115 4031 2189 tandem

2459 2235 2574 2298 pro
2602 2237 2679 2280 ea
2702 2216 3077 2298 ,sanguinem
3108 2227 3173 2279 et
3202 2216 3393 2279 vitam
3430 2217 3625 2281 alacri
3654 2228 3842 2300 atque
3872 2218 4032 2279 invi-

2463 2322 2566 2379 cto
2595 2315 2801 2377 ani-vno
2833 2313 3090 2384 fuderit,
3113 2323 3332 2391 auctor
3357 2313 3646 2395 profecto
3671 2334 3831 2389 snm,
3856 2321 4032 2379 Bt-'A-

2460 2419 2764 2477 TISStME
2817 2417 3067 2477 PATER
3091 2455 3112 2485 ,
3176 2423 3249 2475 ut
3278 2412 3572 2493 quoniam
3618 2414 3770 2479 baec
3794 2415 4030 2481 -omnia

2464 2510 2582 2574 rite
2610 2519 2673 2574 et
2706 2510 3034 2574 evidenter
3073 2511 3332 2592 probata
3361 2518 3507 2573 sunt
3528 2510 3713 2593 „ipse
3751 2517 3823 2574 B.
3854 2512 4037 2576 Fide·

2446 2607 2634 2679 Jisin
2662 2608 3031 2672 sanctorum·
3050 2606 3273 2670 Album
3306 2617 3663 2692 cooptetur.
3698 2644 3725 2652 υ

2500 2847 2895 2909 AGAPITUS
2930 2848 2991 2908 S.
3018 2849 3287 2923 Agathan
3323 2846 3657 2948 Gothoruuj
3675 2852 3978 2913 Diaconus

2926 2948 3268 3015 cardinali:
3330 2949 3561 3009 Mosco.
3594 2996 3607 3005 .
3908 2992 3911 2995 -

2583 3191 3068 3251 coumwsaest
3088 3193 3157 3247 in
3176 3191 3377 3260 uerbis
3398 3191 3523 3249 mie
3552 3190 3776 3250 Fracta
3809 3233 3824 3249 .
3847 3232 3862 3249 .
3883 3233 3897 3248 .
3918 3231 3932 3247 .
3967 3198 4028 3251 et

3735 3331 3752 3346 .
3770 3290 3841 3347 in
3861 3292 4029 3349 obla-

2457 3385 2801 3458 tr‘one‘Aqm'
2824 3387 3111 3444 inviolati
3134 3382 3271 3466 (a);
3304 3389 3372 3445 ut
3403 3390 3554 3446 Rem
3601 3387 3736 3446 Deo
3780 3384 4023 3447 sacram

2459 3478 2520 3540 in
2550 3479 2759 3542 Servis
2775 3479 2935 3559 apud
2962 3478 3271 3541 Rhaetiam
3303 3479 3683 3563 peragendo,
3710 3499 3780 3543 se
3810 3499 3879 3543 se
3912 3497 4025 3561 pro

2457 3571 2758 3639 catholica
2795 3576 2940 3639 Fide
2970 3576 3445 3640 naereticorum
3486 3575 3700 3640 furore
3725 3576 3856 3658 jam
3897 3576 4024 3659 jam
4126 3653 4135 3662 .

2456 3672 2934 3744 immolandum,
2960 3679 3325 3735 Deo·secum
3340 3673 3507 3737 intus
3527 3672 3827 3755 loquente
3846 3692 4022 3753 prae·

2460 3771 2763 3843 sentiens,
2811 3768 3257 3851 acceptabilem
3290 3770 3385 3834 sui
3427 3769 3714 3851 corporis
3752 3769 4022 3834 bostiam

2459 3866 2795 3932 immortali
2826 3867 3181 3931 seculorum
3204 3867 3339 3950 regi
3371 3866 3670 3932 adoleret.
3701 3874 3893 3932 Tanta
3908 3867 4025 3950 igi·

2459 3973 2562 4028 tur
2589 3984 2707 4045 ope
2735 3961 2933 4027 fretus
2966 3962 3197 4027 Fidelis
3220 4007 3251 4036 γ
3287 3983 3408 4027 non
3456 3965 3641 4027 modo
3672 3983 3785 4047 pro
3815 3962 4023 4028 catho-

2460 4059 2575 4125 liea
2612 4061 2894 4130 Ecclesia
2936 4060 3194 4125 fortiter
3220 4062 3512 4126 obeundo
3556 4070 3864 4134 mortem,
3910 4061 4020 4124 sed

2456 4158 2589 4239 ipsa
2618 4175 2778 4238 pene
2800 4157 3013 4222 -morte
3045 4158 3288 4221 devicta
3314 4198 3335 4227 ,
3369 4156 3828 4228 Catholieorum
3858 4156 4025 4219 mili-

2456 4261 2589 4318 tum
2621 4255 2847 4317 ducem
2875 4297 2894 4326 ,
2928 4274 3198 4335 superno
3228 4254 3573 4336 ful-gentem
3610 4253 3848 4318 lumine
3886 4274 4028 4334 spe*-

2459 4351 2755 4413 ctandum·
2794 4372 2864 4415 se
2908 4353 3218 4433 praebens
3246 4394 3267 4424 ,
3313 4352 3772 4415 baereticorum
3825 4350 4024 4432 copiis

2459 4449 2692 4531 injecto
2724 4457 2892 4510 metu
2922 4445 3181 4529 fugatis,
3219 4452 3625 4509 testimonium
3647 4451 3925 4524 praebuit
3954 4453 4024 4508 in

2456 4556 2783 4622 conspectu
2815 4549 3097 4618 Domini,
3128 4557 3183 4605 ce
3224 4548 3450 4607 Christi
3475 4590 3491 4605 .
3525 4590 3541 4604 .
3578 4590 3596 4605 .
3627 4586 3644 4604 .
3672 4556 3731 4605 ot
3763 4550 4021 4605 otendit

2453 4665 2513 4707 oe
2544 4650 2691 4709 vello
2716 4648 2909 4706 dolero
2940 4649 3310 4717 impietatem
3330 4641 3455 4726 (b).
3486 4648 3746 4730 Tantum
3766 4649 4022 4721 propte·

2453 4762 2559 4806 rea
2590 4762 2701 4823 pro
2729 4739 3220 4813 Fide'studium‚
3253 4740 3418 4821 quod
3451 4737 3550 4799 vel
3583 4738 3900 4819 ipsa-post
3926 4735 4024 4799 t‘u-

2454 4859 2644 4910 nera,
2689 4837 2789 4901 bic
2816 4835 3002 4900 tortis
3048 4834 3296 4899 Athleta
3338 4833 3566 4898 Christi
3610 4832 4019 4915 praesetulit;

2453 4938 2894 5019 signorumque
2929 4932 3262 5016 splendor,
3294 4952 3417 5014 quo
3445 4931 3509 4992 in
3538 4931 3676 4994 dies
3705 4938 4020 5002 coruscat,

2456 5037 2841 5098 Sanctorum
2874 5031 3083 5094 coetui
3134 5030 3409 5094 eundem
3459 5026 3941 5092 adscribendum
3984 5047 4023 5091 a

2454 5139 2542 5195 're
2598 5130 2787 5214 foro,
2838 5133 3303 5193 nssATlSSmss
3370 5131 3666 5198 aaran,
3730 5132 4017 5209 praesto

2459 5229 2709 5293 lautur-

2567 5426 2657 5497 (b)
2687 5423 2893 5479 medem
2922 5440 3063 5477 vm.
3090 5420 3274 5495 sagae
3298 5393 3387 5474 aa.
