4442 6300
1536 510 1883 582 Quinum
1922 500 2389 571 sannionum
2434 514 2598 568 erc.

466 656 611 729 cta,
641 656 936 741 etprlmo
954 656 1207 740 quidem
1237 674 1350 742 pro
1370 656 1601 731 validis
1631 658 1856 744 agnita,
1875 679 2022 723 mox

461 754 540 818 ad
575 755 881 835 eruendas
905 754 1190 841 martyrii
1216 764 1277 819 et
1306 757 1748 821 Uiraculorum
1776 757 2020 838 praedi·

464 860 710 915 ctorum
744 853 1187 934 probationes,
1250 854 1443 923 totius
1502 854 2020 937 congregationis

459 955 789 1019 Sacrorum
822 950 1071 1013 Rituum
1107 951 1350 1033 judic-io
1401 952 1685 1035 subjecta
1742 952 2017 1015 fuerunt.

461 1049 752 1128 Cumque
784 1053 920 1112 Nos'
941 1048 1065 1130 ipsi
1100 1059 1248 1112 tunc
1277 1049 1339 1112 in
1371 1049 1608 1114 minori
1657 1058 1820 1114 statu
1877 1056 2024 1113 Pro-

464 1143 730 1207 motoris
759 1142 936 1208 Fidei
960 1166 1186 1210 munus
1218 1157 1534 1231 gerentes,
1565 1167 1677 1230 pro
1702 1146 1894 1212 officii
1919 1167 2025 1211 no·

445 1234 578 1304 stri
609 1240 865 1315 debito,
896 1262 1336 1327 quaecumque
1387 1264 1573 1326 super
1628 1243 1862 1327 duplici
1918 1244 2027 1307 hu·

457 1335 735 1425 jusmodi
742 1323 981 1423 judicii
1013 1339 1219 1421 capite
1248 1340 1667 1405 animadverti
1693 1350 1814 1405 aut
1828 1340 2022 1424 objici
2067 1348 2072 1351 “

453 1444 790 1518 poterant,
822 1434 1320 1518 diligentissime
1374 1437 1718 1512 adnotare,
1777 1447 1843 1501 et
1897 1446 2024 1501 tam

462 1551 882 1614 voce,·quam
913 1533 1151 1615 scripto
1177 1533 1500 1616 deducere·
1555 1554 1677 1599 non
1737 1524 2027 1599 omiseri-

466 1631 648 1705 m'n83
679 1628 906 1712 triplici
936 1629 1132 1712 ipsius
1160 1635 1704 1697 causaexexamine
1728 1676 1749 1707 ,
1779 1641 1854 1709 ut,
1896 1652 2030 1697 mo-

463 1727 550 1792 ris
579 1739 702 1802 est,
733 1728 798 1791 in
828 1729 1144 1812 praedicta
1174 1730 1666 1814 congregatione
1697 1737 2029 1819 Sacrorum

466 1823 720 1889 Rituum
754 1824 1101 1909 praemisso
1118 1869 1139 1898 ,
1166 1826 1339 1899 idem
1372 1827 1748 1891 Benedictus
1767 1829 2030 1894 Praedo*-

467 1941 725 1995 cessor,
756 1923 972 1986 audito
1013 1923 1298 2007 ejusdem
1341 1926 1862 2009 congregationis
1887 1944 2032 1993 con-

465 2019 654 2094 silio,
681 2041 991 2103 causaque
1022 2022 1314 2105 cognita,
1347 2017 1693 2087 diesxxlv·
1719 2024 2029 2087 Februarii

466 2117 610 2181 anni
639 2122 1060 2182 unccxxtx.
1094 2119 1562 2203 pronunciarit,
1614 2130 1899 2185 constare
1950 2122 2029 2185 de

457 2212 818 2301 llertyrio
800 2233 864 2274 ιιι
894 2214 1112 2279 odium
1148 2216 1316 2279 Fidei
1347 2214 1697 2286 catholicae
1738 2239 1771 2281 a
1831 2209 2032 2280 1?le-

464 2312 542 2374 Ll
570 2330 873 2393 perpesso
893 2352 914 2384 ,
945 2333 1018 2376 ac
1047 2313 1125 2376 de
1154 2312 1415 2378 veritate
1447 2319 1748 2401 quatuor
1777 2306 2029 2429 potis-si·

473 2424 643 2470 mum
685 2406 1126 2473 miraculorum
1185 2410 1262 2473 ad
1319 2394 1775 2477 invocationem
1835 2412 2029 2496 ipsius

470 2503 637 2581 beati
666 2506 797 2569 Viri
825 2526 859 2569 a
887 2504 1023 2581 Deo
1053 2506 1405 2583 editorum3
1436 2528 1701 2590 quornm
1760 2509 2026 2601 primum

472 2600 596 2666 fun
614 2640 635 2677 ,
666 2604 842 2685 quud
868 2611 1089 2668 exorto
1114 2604 1178 2666 in
1211 2610 1368 2669 Arce
1395 2605 1882 2722 Maient'eldensi·
1906 2628 2034 2671 ma·

464 2700 638 2764 ximo
667 2699 1005 2775 incendio,
1031 2720 1235 2785 eoque
1265 2702 1432 2767 inter
1484 2704 1807 2786 aptissima
1864 2705 2032 2789 ignis

469 2795 794 2871 alimenta,
824 2797 992 2882 ligna
1023 2799 1320 2863 nimirum
1349 2805 1416 2862 et
1447 2801 1608 2885 pyrii
1632 2801 1909 2884 pulveris
1929 2822 2032 2865 cu·

470 2895 675 2959 mulos
705 2890 1219 2967 increbrescente
1241 2941 1261 2970 ‚
1290 2897 1587 2963 invocata
1615 2899 1776 2980 apud
1830 2906 2030 2963 Deum

470 2990 705 3056 Fidelis
732 3012 852 3074 epe
885 3037 905 3067 ,
934 2995 1150 3058 statim
1193 2996 1562 3060 restinctum
1593 2994 1748 3061 suita
1806 3002 2033 3063 Secun-

470 3088 620 3152 dum
639 3133 659 3162 ,
683 3091 858 3174 qnod
887 3091 1175 3157 Honialis
1203 3086 1504 3176 quaedam
1530 3136 1550 3168 ‚
1584 3091 1836 3166 nomine
1881 3097 2032 3159 Cae-

450 3187 612 3270 cilia
658 3190 1088 3274 Munsingerin
1115 3234 1137 3265 ‚
1197 3179 1491 3256 horribili
1550 3191 2034 3257 inflammatione

473 3286 794 3350 mamillae
826 3298 972 3354 cum
1009 3288 1362 3372 suspicione
1392 3279 1600 3354 cancri
1619 3289 1845 3371 plures
1896 3289 2028 3378 jam

472 3380 612 3448 dies
638 3386 991 3468 excruciata
1013 3430 1035 3459 ,
1093 3387 1367 3450 'admotis
1424 3386 1686 3471 gloriosi
1737 3388 2033 3473 Martyris

473 3480 772 3564 Reliquiis
793 3527 812 3556 ,
850 3482 1197 3565 perlectam
1227 3486 1552 3568 sanitatem
1578 3485 1750 3549 illice
1775 3491 2054 3567 κουροι

471 3579 650 3642 ravit.
683 3581 1011 3655 Tertium,
1044 3575 1212 3662 quod
1270 3581 1492 3646 oculus
1547 3582 1807 3647 Infantis
1861 3583 2035 3647 Pauli

422 3673 442 3688 '
475 3677 788 3743 Francisci
822 3678 1120 3761 Papussin
1152 3699 1187 3743 a
1217 3679 1436 3761 primis
1467 3678 1667 3760 ipsius
1695 3681 1856 3743 vitae
1904 3680 2035 3744 die-

473 3771 593 3838 bus
619 3774 889 3840 humore
919 3775 1260 3853 diffluens,
1291 3785 1634 3858 apertoque
1675 3775 2033 3850 foramine,

476 3867 548 3935 οἱ
571 3872 864 3956 pellicula
891 3861 1388 3956 superinducta,
1447 3873 1850 3956 excipiendae
1908 3873 2032 3939 luci

467 3967 727 4060 jamjam
759 3970 1050 4053 ineptus,
1097 3992 1287 4054 quum
1348 3993 1383 4036 a
1440 3971 1684 4036 medica
1740 3961 2056 4037 facultate

478 4065 777 4136 auxilium
805 4065 1035 4132 frustra
1065 4076 1500 4150 quaereretur,
1524 4077 1824 4150 concepto
1853 4089 1888 4133 a
1913 4075 2035 4134 hta·

473 4169 571 4229 tre
599 4172 746 4229 voto
777 4165 844 4227 in
865 4165 1165 4230 bonorem
1196 4165 1394 4248 ipsius
1418 4165 1690 4240 Fidelis,
1758 4165 2030 4231 naturali

477 4260 821 4345 inte'gritati
850 4263 1177 4328 restitutus
1209 4263 1349 4328 tuit.
1377 4269 1675 4338 Quartum
1715 4263 2033 4346 denique,

473 4359 646 4440 quod
681 4367 919 4444 Gas'par
946 4359 1193 4444 Stigber
1226 4361 1838 4445 obquinquennales
1868 4363 2035 4428 dorsi

476 4455 730 4521 dolores
760 4457 838 4521 ad
871 4475 1124 4522 omnem
1157 4457 1294 4524 fere
1323 4459 1606 4541 corporis
1636 4467 1882 4551 motum
1920 4460 2036 4532 im-

476 4561 701 4637 potens
728 4553 932 4636 factus
953 4598 975 4629 ‚
1025 4574 1218 4637 quum
1280 4576 1348 4619 se
1410 4555 1638 4620 Fidelis
1694 4558 2037 4639 patrocinio

476 4651 1017 4724 commendasset,
1039 4657 1042 4664 '
1066 4651 1144 4714 ad
1201 4659 1429 4715 tactum
1490 4652 1804 4716 mucronis
1826 4695 1846 4726 ‚
1906 4675 2036 4736 quo

484 4749 601 4822 Dei
630 4755 864 4813 Servus
889 4749 1219 4827 confossus
1244 4749 1450 4826 fuerat
1468 4793 1488 4822 ,
1516 4759 1829 4814 momento
1887 4760 2040 4815 tema

480 4847 655 4929 poris
683 4845 1165 4921 convalescens,
1199 4857 1325 4912 no'n
1352 4846 1562 4912 itineri
1623 4848 1815 4911 modo
1839 4879 1859 4920 ,
1921 4849 2037 4912 sed

3402 518 3503 570 3³1

2131 659 2275 724 'silio
2307 678 2496 742 super
2546 666 2682 723 tuto
2726 678 3078 743 progressu
3114 662 3205 725 -ad
3262 658 3590 723 formatem
3646 657 3698 720 i-

2129 759 2303 839 psius
2336 758 2510 820 Servi
2540 751 2664 819 ⁴Dei
2698 757 3228 821 Beatificationem
3254 801 3274 827 ,
3303 758 3469 819 idem
3503 762 3697 820 none-
3737 761 3783 841 C

2131 856 2345 918 dictus
2372 855 2825 919 Praedt=cessor
2856 876 2966 935 per
2994 874 3140 919 suas
3166 856 3401 918 Lit‹·ras
3454 854 3514 915 in
3568 852 3689 925 for·

2131 970 2229 1014 ma
2265 952 2483 1014 Brevis
2513 951 2688 1013 datas
2719 951 2823 1013 die
2852 958 3011 1015 xxi.
3043 952 3251 1017 Martii
3273 951 3554 1033 ejusdem
3589 970 3694 1013 an-

2130 1048 2194 1109 ni
2223 1049 2432 1132 ipsum
2466 1048 2738 1112 Fidelem
2760 1049 2823 1110 in
2853 1055 3185 1113 Beatorum
3215 1056 3557 1133 Martyrum
3586 1066 3697 1110 nu·

2134 1164 2313 1208 mero
2345 1147 2655 1208 recenseri
2683 1190 2703 1220 ,
2737 1146 3001 1229 ejusque
3065 1146 3438 1208 memoriam
3465 1188 3483 1213 ,
3540 1144 3697 1209 ima·

2138 1241 2318 1323 gines
2340 1284 2361 1315 ,
2389 1250 2581 1323 atque
2613 1243 2916 1325 reliquias
2946 1241 3251 1325 religiose
3279 1242 3405 1307 coli
3435 1286 3453 1314 ‚
3485 1241 3699 1306 Divina

2135 1358 2395 1420 quoque
2425 1337 2646 1403 Officia
2666 1384 2687 1414 ‚
2719 1350 2787 1405 et
2812 1341 3031 1405 Missas
3062 1341 3126 1402 in
3154 1341 3359 1421 ipsius
3398 1340 3695 1403 bonorem

2137 1437 2526 1509 a.Fratribus
2551 1437 2899 1502 Minoribus
2928 1439 3234 1520 praedicti
3288 1438 3533 1502 Ordinis
3589 1442 3698 1500 Ca·

2138 1533 2569 1616 puccinorum,
2594 1534 3008 1618 universoque
3040 1533 3223 1598 Clero
3256 1528 3721 1599 nommllarnm‘

2138 1631 2468 1695 Civitatum
2499 1639 2566 1695 et
2597 1632 2984 1715 oppidorum
3014 1634 3320 1698 celebrari
3353 1630 3659 1714 permisit.

2260 1733 2417 1795 Cum
2449 1734 2659 1794 autem
2688 1732 2860 1796 Beati
2891 1730 3090 1815 gloria
3137 1751 3437 1795 novorum
3502 1728 3704 1810 prodi·
3745 1736 3797 1794 1)

2144 1825 2382 1908 giorum
2412 1826 2604 1902 fama,
2636 1838 2701 1893 et
2731 1830 3099 1910 impensiori
3132 1827 3419 1892 fidelium
3449 1826 3654 1891 cultu
3639 1846 3702 1889 ιιι

2142 1925 2281 1990 dies
2301 1925 2815 2008 amplificaretur,
2835 1938 2898 1991 et
2904 1926 3195 2008 praefati
3225 1924 3515 2008 supremi
3532 1926 3701 2001 Prin·

2145 2022 2358 2105 cipes,
2390 2035 2455 2086 et
2488 2030 2547 2085 S·
2599 2031 2670 2085 R.
2703 2030 2772 2086 E.
2833 2024 3239 2095 Cardinales,
3301 2023 3543 2105 aliique
3593 2038 3704 2103 per

2141 2118 2374 2182 Orbem
2407 2119 2731 2183 Antistites
2762 2128 2824 2183 et
2856 2127 3157 2184 Proceres
3179 2160 3200 2193 ,
3228 2119 3542 2201 idemque
3595 2124 3706 2183 Ca-

2140 2214 2538 2298 put-cinerum
2570 2217 2737 2281 Ordo
2762 2217 2894 2298 pias
2917 2237 3109 2297 super
3134 2237 3212 2281 eo
3241 2218 3567 2290 instantias
3588 2217 3705 2280 ite·

2143 2323 2353 2376 rarent
2376 2356 2396 2385 ,
2425 2313 2658 2396 placuit
2688 2312 2798 2376 fel.
2830 2314 3071 2379 record.
3110 2315 3431 2379 Decessori
3486 2323 3702 2378 nostro

2145 2408 2451 2473 Clementi
2478 2416 2677 2491 Papae
2736 2416 2893 2481 ΧΠ,
2943 2429 3067 2473 non
3104 2409 3303 2474 solum
3368 2410 3700 2475 Lectiones

2142 2505 2431 2586 proprias
2456 2490 2547 2569 de'
2568 2506 2964 2588 ipsius'beati
2996 2507 3222 2577 Fidelis
3251 2507 3381 2583 rita
3422 2515 3487 2572 et
3543 2527 3704 2570 mar·

2140 2601 2308 2688 tyrio
2333 2624 2368 2666 a
2396 2602 2715 2686 praedicta
2746 2608 3074 2668 Sacrorum
3126 2605 3370 2667 Rittium
3433 2603 3707 2687 Congre-

2141 2699 2394 2782 gatione
2424 2701 2775 2783 recognitas
2804 2700 2865 2761 in
2897 2701 3183 2783 ejusdem
3218 2700 3444 2766 Officio
3488 2703 3708 2765 recita·

2142 2795 2238 2868 ri,
2271 2793 2541 2879 ejusque
2570 2814 2797 2859 nomen
2825 2796 2889 2857 in
2921 2797 3383 2883 Martyrologio
3433 2806 3706 2895 Romano

2144 2892 2478 2968 describi,
2507 2894 2618 2958 sed
2649 2893 2834 2958 etiam
2866 2903 3254 2977 reassumpta
3298 2914 3537 2967 causa,
3600 2917 3708 2959 no·

2144 3007 2257 3054 vos
2282 2991 2652 3056 auctoritate
2683 2990 3043 3073 Apostolica
3080 3001 3424 3069 processus
3481 2992 3708 3056 instrui
3806 3012 3819 3025 ·

2145 3088 2458 3154 concessit
2487 3108 2673 3171 suuper
2698 3089 3023 3154 miraculis
3043 3135 3060 3162 ,
3092 3110 3257 3172 quae
3298 3099 3445 3171 post·
3500 3089 3706 3155 indul·

2144 3193 2271 3251 tam
2302 3187 2421 3267 ipsi
2451 3187 2911 3252 venerationem
2940 3188 3239 3266 accidisse
3293 3189 3702 3256 dicebantur*

2142 3290 2422 3368 Cumque
2450 3284 2813 3369 hujusmodi
2841 3292 3179 3364 Processus
3211 3295 3351 3366 ante
3393 3288 3599 3351 omnia
3626 3289 3708 3350 ri·-

2145 3392 2207 3446 te
2237 3390 2302 3447 et
2328 3382 2541 3447 valide
2581 3383 2907 3448 confectos
2967 3404 3109 3456 esse
3168 3385 3569 3460 constitet-in
3630 3403 3711 3451 cx

2144 3489 2411 3561 quatuor
2435 3478 2747 3566 Miraeulis
2776 3479 3311 3554 inibirecensitis,
3341 3491 3407 3546 et
3437 3483 3497 3543 in
3529 3469 3706 3563 prae·

2147 3578 2309 3651 dicta
2335 3578 2831 3662 congregatione
2854 3585 3181 3643 Sacrorum
3206 3569 3457 3656 Rituum
3484 3580 3706 3656 semel,

2147 3675 2247 3740 bis
2268 3672 2301 3749 ,'
2320 3674 2512 3740 tertio
2532 3717 2551 3748 ‚
2598 3675 2813 3738 audito
2873 3695 3120 3758 semper
3168 3685 3465 3742 oretenus
3520 3687 3585 3741 et
3642 3680 3708 3741 iu

2151 3773 2403 3855 seriptis
2431 3772 2659 3837 dilecto
2690 3771 2843 3836 Filio
2870 3779 3232 3838 Promotou-e
3288 3774 3505 3847 Fidei,
3562 3795 3704 3839 exa-

2148 3871 2402 3941 minatis
2422 3914 2443 3943 ,
2475 3871 2601 3934 duo
2628 3871 2971 3953 praecipue
3002 3877 3251 3954 reperta
3288 3880 3431 3936 sunt
3483 3873 3712 3964 plenis:-

2097 3961 2098 3966 ’
2151 3969 2328 4033 simis
2355 3968 2831 4053 probationibus
2863 3963 3133 4040 testata,
3195 3975 3260 4031 et
3322 3990 3571 4036 omnem
3606 3989 3713 4033 na·

2145 4073 2323 4131 turae
2351 4065 2479 4130 vim
2535 4066 2943 4140 excedentia,
3004 4086 3164 4148 quae
3225 4087 3417 4149 quum
3472 4068 3709 4133 deinde

2146 4168 2278 4228 Nos
2310 4164 2430 4245 ipsi
2457 4163 2712 4246 privatis
2730 4153 2951 4227 studiis
2982 4164 3451 4228 accuratissime
3472 4166 3712 4230 discus·

2154 4260 2472 4331 serimus,
2500 4279 2575 4324 ea
2603 4260 2898 4332 tandem,
2926 4260 3212 4325 invocato
3257 4281 3449 4345 saepe
3505 4251 3710 4324 niv-ini

2147 4357 2425 4422 Luminis
2459 4356 2730 4432 auxilie,
2799 4358 3067 4423 solemni
3123 4363 3395 4423 Decreto
3457 4368 3710 4434 nostro,

2151 4455 2257 4520 die
2291 4461 2504 4519 xvtll.
2537 4456 2812 4526 januarii
2845 4456 2984 4519 anni
3011 4461 3426 4520 MDCCXLIV.
3486 4457 3547 4518 ιιι
3605 4464 3711 4519 Fe-

2154 4552 2429 4619 stivitate
2461 4552 2804 4617 cathedrae
2835 4552 3003 4616 beati
3035 4552 3201 4616 Petri
3236 4554 3528 4636 Apostoli
3582 4553 3712 4616 edi-

2151 4662 2221 4717 to
2251 4652 2734 4733 approbavimus
2759 4658 2828 4714 et
2852 4649 3567 4732 publicavimus..Unum
3609 4661 3717 4715 eo·'

2155 4767 2297 4812 rum
2327 4747 2556 4812 accidit
2589 4746 2819 4812 dilecto
2846 4747 3010 4810 Filio
3040 4751 3132 4809 Fr.
3165 4747 3445 4812 Candido
3497 4769 3530 4811 a
3587 4754 3716 4813 Me·
3753 4779 3804 4837 Ε

2143 4844 2410 4912 ¹diolano
2437 4846 2756 4909 Sacerdoti
2807 4843 3090 4927 professo
3142 4843 3405 4925 praefati
3457 4845 3713 4911 Ordinis

480 4951 548 5007 et
577 4942 825 5008 rusticis
855 4944 1205 5026 quibusque
1231 4943 1560 5010 laboribus
1616 4946 1754 5027 ipsa
1811 4944 1915 5008 die
1972 4965 2041 5008 se
2156 4941 2464 5007 uiuorum
2488 4937 3027 5020 capuccinorum,
3057 4940 3163 5023 qui
3190 4940 3531 5022 epileptico
3551 4963 3713 5006 mor·

441 5107 448 5114 ,
481 5039 659 5130 dedit
685 5083 706 5113 ‚
734 5040 1001 5122 integris
1025 5040 1271 5105 viribus
1299 5040 1526 5105 exinde
1571 5044 1772 5105 utens.
1833 5046 2038 5115 Quare

480 5136 695 5201 audito
724 5137 950 5201 iterum
982 5131 1295 5222 praefatae
1324 5138 1838 5223 congregationis
1892 5158 2039 5203 con-

2159 5040 2244 5103 bo
2272 5057 2386 5120 per
2410 5037 2787 5102 decennium
2816 5037 3113 5103 laborans
3135 5081 3155 5109 ‚
3185 5046 3510 5119 postremo
3541 5038 3713 5102 infir-

2159 5134 2566 5212 mitatissuae
2596 5153 2766 5197 anno
2796 5132 3197 5198 nullam-lere
3227 5135 3394 5199 diem
3420 5179 3442 5210 ‚
3476 5135 3711 5200 nullam

546 5333 600 5386 A
637 5305 933 5388 Decretum
963 5334 1031 5388 de
1057 5333 1330 5405 martyrio
1354 5373 1369 5400 ,
1397 5347 1452 5388 ee
1476 5337 1646 5389 causa
1673 5329 1953 5405 :nei-tyrii.
1993 5336 2036 5386 B
2078 5334 2365 5390 Kirac'nla
2384 5351 2491 5412 pro
2518 5332 2954 5404 BeehJficatio'rre
2979 5333 3305 5405 approbata.
3334 5337 3378 5389 C
3409 5335 3684 5392 Solemnis

492 5422 878 5496 Beneficaeio.
905 5426 955 5478 1)
990 5425 1170 5480 Cema
1195 5423 1556 5480 reassumieur
1571 5441 1678 5495 pro
1711 5424 2249 5479 Cononizaeione.²ss
2276 5425 2435 5480 Nova
2458 5417 2870 5496 Kiraculapro
2905 5422 3344 5477 canonizatione
3362 5424 3697 5494 approbata.
