4442 6300
748 643 827 704 n.
857 640 1294 724 Hispaniarum
1337 640 1526 727 Regls
1548 684 1570 717 ‚
1614 641 2211 727 quampluriumque
2241 650 2317 707 E-

745 736 1147 822 piscoporum
1177 740 1255 803 ad
1290 739 1728 806 venerabilem
1749 742 2184 806 Innocentium
2206 748 2312 807 xl.

748 854 865 916 pro
910 836 1089 901 cultu*
1130 838 1331 918 ipsius
1376 836 1816 921 amplificando
1857 837 2209 922 legationes
2254 847 2316 904 et

747 942 893 998 vota
918 980 934 997 .
970 941 1111 1018 lpse
1138 937 1396 1000 demum
1428 936 1754 1002 caelorum
1787 938 2090 1002 Dominus
2135 938 2320 1018 pluri·

748 1046 996 1094 morum
1031 1031 1371 1114 splendore
1390 1032 1708 1116 signorum
1733 1033 1897 1097 Petri
1921 1032 2196 1118 Regalati
2228 1034 2317 1097 in·

747 1127 1099 1192 nocentiam
1134 1128 1512 1194 illustravit.
1544 1136 1744 1195 Tuum
1772 1130 1963 1194 modo
1992 1137 2318 1212 superest,

748 1229 1211 1291 naussum
1243 1233 1518 1301 PATER,
1550 1234 1751 1309 atque-
1768 1232 2142 1309 exoptamus
2180 1248 2321 1293 ora-

742 1322 951 1387 culum
970 1367 991 1396 ,
1020 1344 1150 1406 que
1178 1330 1545 1389 Sanctorum
1577 1324 2098 1410 glorificationem
2133 1332 2319 1391 Petro

744 1418 1047 1505 Regalato
1075 1421 1379 1488 decernas
1402 1468 1420 1486 .

755 1560 1024 1653 omno
1053 1562 1635 1669 orutzmpc'eeopm
1666 1591 1969 1656 cantuae
1990 1591 2314 1655 aaaron.

742 1840 749 1847 ·
870 1759 1097 1819 Petrus
1153 1751 1496 1839 Regalatus
1545 1749 1675 1838 jam
1726 1758 1863 1819 tum
1918 1750 2000 1817 ab
2053 1744 2318 1818 infantia

748 1856 947 1915 Deum
982 1851 1210 1918 timere
1239 1873 1314 1919 ac
1339 1852 1617 1917 revereri
1658 1849 1820 1917 adeo
1862 1856 1960 1916 est
2001 1848 2175 1915 visus
2196 1893 2217 1923 ‚
2249 1858 2319 1915 ut

742 1948 938 2014 nullis
967 1948 1348 2014 blandientis
1377 1948 1669 2014 fortunae
1697 1947 2022 2014 illecebris
2043 1948 2314 2013 detineri

739 2046 1067 2128 potuerit,
1111 2045 1450 2129 quominus
1493 2045 1747 2131 generis
1795 2044 2129 2110 nobilitate
2165 2065 2314 2110 con·

741 2145 977 2226 'tempta
1013 2142 1075 2206 in
1108 2145 1312 2211 Patrio
1341 2150 1625 2208 Fratrum
1654 2142 1963 2209 uiuorum
1993 2142 2311 2209 coenobio

744 2241 1124 2328 Religiosam
1152 2263 1263 2308 seu
1287 2243 1502 2324 potius
1519 2240 1859 2307 caelestem
1880 2242 2068 2305 vitam
2095 2242 2309 2305 iniret.

742 2340 863 2404 Sed
900 2357 1042 2403 cum
1076 2338 1421 2423 plurimum
1468 2337 1547 2403 de
1590 2338 1858 2423 pristino
1902 2337 2015 2404 illo
2059 2337 2311 2427 pietatis

739 2435 1035 2501 fervore
1015 2456 1078 2499 m
1112 2457 1185 2501 ea
1217 2435 1451 2501 familia
1493 2436 1825 2501 remissum
1857 2458 1999 2501 esse
2028 2436 2306 2501 animad-

737 2541 1056 2606 verteret,
1089 2534 1516 2615 maximopere
1543 2535 1784 2600 curavit
1825 2544 1895 2599 ut
1924 2541 2185 2599 Fratres
2228 2535 2304 2599 ad

736 2631 1077 2696 severioris
1107 2631 1275 2697 vitae
1305 2633 1617 2697 rationem
1647 2638 2115 2698 revocarentur.
2129 2633 2308 2707 Quod

732 2727 1019 2793 feliciter.
1045 2740 1379 2794 assecutus
1408 2729 1470 2791 in
1504 2728 1913 2812 asperrimum
1958 2726 2168 2793 locum
2213 2749 2309 2793 se-

733 2827 1002 2898 cedens,
1033 2826 1518 2911 quamplurimis
1546 2826 1688 2911 ejus
1718 2826 2071 2892 sanctitatis
2100 2836 2166 2890 et
2197 2826 2310 2889 mi-

733 2923 1089 2989 raculorum
1139 2922 1305 2988 fama
1355 2924 1662 3006 permotis
1705 2923 1875 2987 viris
1924 2923 2068 2988 novi
2127 2922 2309 3005 quasi

734 3019 947 3106 gregis
989 3019 1193 3086 forma
1237 3018 1481 3095 factus,
1526 3018 1652 3085 dici
1695 3038 1820 3084 non
1864 3029 2075 3102 potest
2116 3040 2306 3102 quam

737 3118 937 3184 multa
969 3139 1287 3202 quamque
1317 3117 1634 3204 praeclara
1672 3119 1975 3184 virtutum
2008 3120 2309 3196 omnium,

738 3217 874 3281 aive
905 3238 1064 3299 quae
1101 3224 1293 3282 Deum
1319 3260 1340 3292 ‚
1386 3219 1520 3282 sive
1565 3237 1725 3300 quae
1769 3219 2123 3281 Proximum
2169 3240 2311 3300 spe·

735 3320 909 3378 etant
936 3313 1227 3397 exempla
1256 3314 1650 3398 praebueritz
1682 3321 1892 3380 Donec
1920 3315 2150 3396 plenus
2178 3336 2309 3379 me·

736 3410 877 3475 ritis
905 3411 1324 3493 maximisque
1353 3431 1390 3477 a
1422 3416 1552 3475 Deo
1584 3410 1765 3475 donis
1795 3410 2189 3483 cumulatus,
2220 3412 2311 3474 in·

741 3518 844 3573 ter
865 3510 1097 3575 uberes
1142 3513 1424 3573 Fratrum
1471 3529 1544 3573 ac
1586 3507 1963 3591 Populorum
1988 3551 2009 3581 ‚
2040 3530 2198 3590 quos
2224 3509 2302 3574 ad

736 3611 984 3672 om'nem
1047 3608 1449 3673 sanctitatem
1510 3605 1891 3670 instituisset
1912 3649 1933 3675 ‚
1988 3603 2305 3691 lacrymas

740 3716 834 3772 est
867 3716 1156 3771 mortuus
1181 3752 1196 3767 .
1228 3704 1613 3790 Pauperibus
1653 3711 1864 3768 tamen
1912 3711 2098 3786 atque
2145 3704 2305 3769 iudi-

737 3805 1030 3894 gentibus
1051 3844 1073 3877 ‚
1106 3823 1266 3885 quos
1295 3802 1360 3864 in
1390 3801 1560 3865 omui
1601 3802 1724 3866 vita
1768 3800 2036 3866 filiorum
2070 3803 2306 3868 cbaris-

739 3901 1044 3968 simorum
1075 3899 1217 3964 loco
1246 3898 1554 3964 habuerat
1574 3943 1595 3973 ‚
1619 3899 1926 3982 uniceque
1959 3899 2306 3974 dilexerat,

736 3998 946 4062 vivere
977 4003 1196 4062 Petrus
1226 4017 1346 4060 non
1379 3996 1662 4070 destitit,
1695 3997 2011 4079 siquidem
2041 3999 2123 4062 iis
2151 3999 2306 4062 li'cet

742 4097 868 4162 vita
900 4094 1150 4160 functus
1173 4140 1193 4166 ,
1225 4115 1474 4158 manum
1523 4116 1559 4160 e
1606 4095 1938 4178 sepulchro
1979 4097 2307 4182 porrigens

738 4192 804 4256 in
838 4213 1081 4259 summa
1117 4213 1326 4257 rerum
1352 4191 1791 4274 desperatione
1812 4213 1996 4274 opem
2014 4214 2309 4278 praesen-

738 4279 1048 4356 tissimam
1082 4290 1245 4354 tutu.
1280 4288 1454 4354 traxit
1482 4297 1672 4368 neus,
1700 4296 2155 4355 sanissime
2185 4297 2312 4355 ra-

743 4395 924 4461 TER,
947 4396 1013 4452 ut
1036 4388 1567 4471 quemadmodum
1588 4389 1897 4453 Sanctitas
1916 4395 2143 4452 Vestra
2162 4390 2313 4453 bea·

744 4472 810 4554 to
827 4495 1012 4554 Petro
1032 4506 1360 4571 supremos
1379 4484 1756 4552 caelestium
1779 4484 2052 4550 bonores
2078 4488 2306 4552 merito

742 4587 1003 4654 deferre
1058 4584 1384 4651 constituit
1409 4628 1430 4658 ,
1485 4584 1570 4647 ita
1621 4583 2001 4649 christianus
2050 4585 2224 4649 orbis
2271 4604 2309 4650 a

743 4687 1038 4751 diuturno
1067 4681 1562 4769 gravissimoque
1593 4681 1768 4747 bello
1802 4680 1997 4763 ipsius
2031 4702 2149 4764 ope
2178 4682 2308 4746 vin-

742 4783 990 4849 dicatus
1009 4824 1030 4856 ‚
1056 4778 1519 4863 pulcherrimae
1550 4779 1802 4843 tandem
1845 4779 2020 4861 pacis
2047 4787 2111 4842 et
2143 4790 2307 4844 tran-

741 4879 1071 4965 quillitatis
1101 4876 1231 4943 otio
1263 4873 1626 4961 perfruatur
1647 4921 1664 4938 .

749 5046 1286 5111 anonvmus
1311 5047 1380 5106 de
1406 5044 1716 5106 silvestres
1736 5045 2082 5121 Episcopus
2105 5045 2164 5105 N
2168 5059 2305 5120 eps-

1055 5145 1230 5205 sims
1258 5151 1318 5204 et
1350 5143 1632 5204 Sutrium
1657 5141 1951 5205 Auitum
1971 5184 1988 5202 .

866 5330 1097 5389 Beatus
1137 5327 1357 5385 Petrus
1390 5318 1728 5405 Regalatus
1749 5361 1770 5390 ‚
1799 5340 2176 5403 quamquam
2224 5340 2303 5383 ex
2329 5340 2348 5358 ’-

1873 496 2077 553 ACTA
2118 497 2775 558 cattomza'rtoms

2425 665 2570 711 ease
2598 646 2664 710 in
2694 646 2884 712 domo
2928 643 3040 711 Dei
3063 688 3083 721 ‚
3123 644 3328 731 magia
3369 645 3892 730 quamtum
3931 646 3996 709 in

2427 743 2856 809 tabernaculis
2883 751 3304 825 peccatorum.
3327 744 3635 810 Arctioris
3657 738 3994 810 observan-

2432 840 2554 906 tiae
2588 842 2753 905 inter
2785 841 3227 907 Franciseanos
3253 842 3562 907 Alumnos
3603 851 3820 908 auctor
3857 842 3993 904 exi·

2431 940 2596 1003 mins
2626 950 2692 1003 et
2720 939 3065 1005 acerrimus
3091 948 3533 1024 propugnator,
3554 940 3778 1002 mirum
3802 959 3993 1021 quan·

2428 1041 2560 1098 tum
2609 1035 2675 1097 in
2722 1036 2909 1101 vinea
2957 1034 3200 1100 Domini
3231 1034 3650 1107 adlabores-it,
3695 1042 3761 1099 et
3805 1054 3991 1117 quam

2431 1130 2675 1216 magnis
2704 1131 3146 1198 charismatum
3176 1134 3361 1199 donia
3390 1133 3745 1199 cumulatus
3785 1133 3996 1198 Proxi-

2431 1248 2599 1290 mum
2652 1248 2833 1293 suum
2879 1229 3111 1313 juverit
3135 1275 3151 1291 .
3194 1228 3377 1293 Illum
3422 1229 3684 1314 proinde
3708 1230 3995 1312 apprime

2426 1325 2765 1390 virtutibus
2791 1335 2861 1391 et
2889 1325 3232 1391 miraculis·
3257 1327 3490 1391 clarum
3514 1371 3536 1401 ‚
3562 1328 3625 1392 id
3655 1327 3996 1411 praecipue

2427 1430 2561 1489 tota
2605 1423 2742 1489 fere
2782 1423 3145 1506 postulante
3186 1425 3480 1507 Hispania
3510 1445 3744 1491 censeo
3767 1468 3789 1499 ‚
3812 1431 3998 1491 ΒΕΑ·

2428 1524 2734 1584 Tlssmss
2767 1521 3228 1593 PATER‚inter
3244 1526 3517 1604 superes
3538 1522 3661 1587 rite
3690 1524 3998 1587 ease'cent·

2425 1617 2885 1682 numerandum
2916 1639 3094 1684 more
3125 1619 3542 1703 institutoque
3572 1620 3919 1705 majorum.

2508 1813 2680 1878 LEO
2710 1816 2957 1880 Lucas
2991 1816 3133 1881 vica
3165 1819 3501 1893 Episcopus
3535 1817 3910 1934 oppidanis

3044 1917 3381 1978 desistens.
3961 1950 3970 1955 -

2545 2106 2922 2174 Beatissimo
2940 2114 3138 2173 Pater.
3161 2113 3290 2174 Bae
3313 2115 3454 2174 aunt
3483 2108 3752 2175 virtutes
3780 2119 3845 2175 et
3875 2111 3993 2175 mi·

2419 2205 2653 2281 recula,
2672 2207 2900 2288 quibus
2928 2208 3095 2273 beati
3126 2208 3290 2273 Petri
3321 2207 3600 2292 Regalati
3632 2207 3760 2274 vita
3789 2198 3990 2274 mors·

2422 2324 2545 2385 que
2590 2304 2981 2379 illustratur,
3009 2316 3080 2370 ut
3103 2306 3250 2389 jure
3277 2305 3510 2372 merito
3540 2306 3706 2370 inter
3730 2313 3991 2371 sanctos

2419 2399 2643 2467 referri
2686 2424 2875 2486 posse
2918 2425 3205 2470 censeam
3233 2450 3249 2468 .
3281 2403 3545 2468 Eluxit
3526 2424 3590 2467 ιιι
3624 2425 3708 2470 eo
3736 2402 3992 2488 profun-

2420 2497 2495 2561 da
2525 2499 2854 2565 humilitas
2885 2501 3108 2584 suique
3133 2507 3531 2583 contemptus
3554 2546 3575 2574 ‚
3603 2508 3676 2565 ut
3701 2501 3991 2584 proprias

2419 2595 2639 2661 laudes
2668 2598 2926 2661 omnino
2955 2599 3481 2682 perhorresceret,
3505 2607 3567 2664 et
3588 2599 3850 2683 injurias
3883 2618 3991 2662 ne-

2419 2693 2571 2761 dum
2600 2695 3055 2778 aequanimiter
3081 2695 3408 2770 toleraret,
3436 2697 3550 2762 sed
3582 2717 3824 2761 summa
3844 2716 3988 2761 cum

2416 2792 2743 2877 veluptate
2776 2795 3135 2878 exciperet.
3166 2794 3439 2860 Refulsit
3465 2794 3746 2878 perfecta
3787 2793 3990 2859 cbari-

2418 2901 2516 2956 tas
2544 2912 2693 2977 erga
2724 2899 3033 2976 Pauperes
3054 2937 3074 2964 ‚
3103 2914 3225 2974 qua
3258 2894 3465 2976 potuit
3494 2892 3706 2956 divino
3731 2885 3989 2956 afflatus

2420 2989 2644 3072 spiritu
2667 2991 2843 3070 panis
2864 2998 2928 3055 et
2947 2989 3152 3055 carnis
3168 2989 3366 3055 frusta
3390 3010 3467 3054 ex
3489 2989 3800 3055 communi
3820 3009 3991 3052 men·
4062 2992 4067 2996 ’

2421 3107 2488 3152 sa
2521 3086 2788 3153 collecta
2810 3131 2831 3162 ‚
2862 3096 2931 3152 ut
2958 3087 3395 3175 eleemosynas
3436 3085 3719 3161 celaret,
3747 3085 3811 3149 in
3842 3102 3986 3154 can-

2419 3186 2597 3251 didas
2622 3205 3096 3270 purpureasque
3129 3207 3306 3251 rosas
3331 3193 3724 3256 convertere,
3745 3205 3825 3248 eo
3856 3184 3989 3268 quio

2419 3283 2563 3348 dem
2590 3290 2881 3366 tempore
2924 3303 3050 3366 qno
3090 3282 3285 3348 florea
3313 3284 3574 3348 omnino
3598 3283 3824 3347 adesse
3853 3295 3977 3344 n'on

2414 3389 2751 3464 poterant3
2794 3382 2862 3444 in
2900 3380 3023 3446 boc
3064 3400 3187 3446 non
3231 3380 3550 3447 absimilis
3576 3377 3830 3445 sanctae
3862 3378 3989 3442 Eli·

2418 3480 2638 3546 s'abetb
2694 3480 2972 3564 Reginae
3026 3479 3384 3544 Lusitaniae
3403 3521 3425 3551 ‚
3487 3497 3649 3560 quae
3679 3477 3991 3560 pecunias

2416 3579 2806 3661 Pauperibus
2825 3576 3318 3649 distribuendas,
3337 3586 3408 3642 ut
3428 3581 3659 3661 Regem
3690 3574 3989 3648 laterent,

2415 3678 2680 3741 hiberno
2709 3686 2998 3759 tempore
3026 3676 3266 3757 pariter
3290 3675 3355 3738 in
3384 3695 3562 3740 rosas
3595 3674 3984 3738 immutavin

2414 3774 2716 3858 Bajorem
2759 3784 2970 3837 antem
3010 3779 3234 3838 Petrus
3263 3772 3544 3837 exercuit
3570 3767 3939 3835 charitatem
3962 3813 3984 3843 ‚

2418 3873 2564 3936 dnm
2621 3878 2765 3956 post
2821 3880 3092 3935 mortem
3151 3870 3410 3950 Pauperi
3457 3870 3537 3933 ad
3582 3868 3723 3954 ejus
3777 3868 3989 3950 sepul·

2418 3972 2632 4036 chrum
2694 3969 3025 4055 genuflexo
3071 3975 3135 4033 et
3185 3968 3624 4032 necessitatem
3682 3966 3988 4048 aperienti

2423 4089 2641 4153 panem
2674 4068 2910 4132 oratori
2940 4066 3190 4150 propria
3221 4085 3403 4129 manu
3437 4065 3760 4147 porrexit}
3805 4072 3989 4130 Prae·

2418 4169 2600 4251 cipue
2643 4188 2797 4231 vere
2839 4165 3067 4230 enituit
3096 4162 3427 4248 Regularis
3458 4163 3826 4245 disciplinae
3855 4173 3987 4228 stu·

2420 4267 2594 4331 dium
2620 4265 2752 4348 jam
2781 4266 2846 4326 in
2879 4284 2994 4328 suo
3023 4263 3260 4327 Ordine
3288 4261 3605 4343 collapsae
3648 4269 3712 4323 et
3758 4277 3984 4343 magna

2421 4384 2500 4429 ex
2532 4371 2705 4446 parte
2733 4360 3059 4425 absoletae
3082 4404 3101 4432 ,
3143 4368 3213 4423 ut
3256 4380 3393 4424 eam
3425 4359 3849 4442 in-pristinum
3883 4377 3984 4420 re-

2417 4468 2673 4527 vocaret
2694 4505 2709 4521 .
2742 4459 2985 4534 Quibus
3014 4457 3285 4540 aliisque
3307 4457 3648 4528 virtutibus
3692 4464 3755 4520 et
3801 4456 3985 4519 mira-

2418 4559 2580 4626 culis
2605 4557 2847 4623 clarum
2873 4599 2894 4628 ‚
2925 4559 3383 4619 BEATISSIME
3412 4560 3664 4619 PATER
3685 4598 3706 4628 ,
3736 4560 3986 4619 Sancto·

2419 4676 2560 4720 rum
2592 4653 2758 4718 Albo
2785 4673 2867 4718 ne
2894 4652 3258 4738 dedigneris
3278 4651 3640 4724 adscribere
3658 4696 3674 4714 .
3945 4673 3952 4682 ·

2490 4946 2867 5012 AEomms
2901 4945 3157 5009 labelli
3188 4946 3524 5021 Episcopus
3549 4942 3911 5019 Amphanai

3034 5042 3356 5105 Assistm.

2548 5279 3013 5385 enarlssmss
3040 5321 3317 5381 PATER.
3350 5320 3573 5380 Petrus
3600 5314 3678 5382 de
3722 5314 3980 5400 Regale·

735 5420 970 5490 illustri
1011 5427 1189 5486 ortus
1230 5418 1489 5484 Familia
1529 5417 1727 5503 elegit
1771 5430 1976 5485 tamen
2009 5416 2303 5501 abjectus
2427 5417 2512 5484 tis
2535 5421 2774 5482 aelam
2805 5421 2995 5495 leuem
3023 5413 3270 5479 Ordinis
3296 5413 3420 5486 ani,
3450 5409 3736 5496 atquead
3765 5411 3979 5478 Socios
