4442 6300
1555 532 1904 604 QUthu}
1946 533 2416 595 SANCTORUR
2455 538 2623 592 nTc.

465 683 543 748 ad
576 680 915 754 Altare',.ex
947 701 1071 763 qno
1100 678 1241 743 data
1262 683 1419 745 Pace
1445 656 1670 745 iterum
1693 680 2059 745 discedens·

469 781 706 846 Solium
756 779 1094 860 repetivit,
1135 777 1197 839 in
1238 797 1318 843 eo
1350 777 1862 841 communionem
1908 778 2028 843 sub

469 886 733 959 utraque
763 875 970 955 specie
993 875 1112 937 ritu
1140 874 1419 956 supremi
1440 872 1759 939 Ecclesiae
1787 874 2029 937 Hierar-

468 976 622 1044 chae
654 980 884 1039 statuto
930 980 1335 1054 sumpturus3
1368 992 1552 1054 quam
1598 971 1853 1054 quidem
1883 990 2028 1035 con-

466 1074 858 1139 suetudinem
904 1089 1025 1133 non
1067 1091 1208 1135 esse
1258 1071 1559 1151 mysterio
1604 1090 1901 1142 vacuam,
1947 1090 2024 1132 ex

460 1164 672 1234 allatis
699 1191 733 1234 a
763 1169 1103 1251 praecitato
1125 1167 1478 1232 Justiniano
1508 1167 1839 1250 chiapponi
1869 1173 2027 1250 Apo-

461 1267 811 1333 stolicarum
858 1264 1403 1329 caeremoniarum
1436 1264 1735 1348 Magistro
1781 1265 2029 1329 rationi-

463 1364 584 1428 bus
611 1361 1078 1427 evidentissime
1108 1367 1368 1426 constat.

588 1459 893 1524 Absoluta
923 1459 1150 1524 deinde
1181 1458 1367 1523 Missa
1392 1458 1454 1521 in
1482 1457 1702 1533 Alteri,
1727 1464 1792 1522 et
1818 1458 2026 1524 Ponti-

458 1554 626 1620 ficali
661 1556 1102 1620 Benedictione
1129 1554 1367 1638 Populo
1395 1555 1707 1638 impertita
1728 1598 1747 1624 ,
1778 1556 2025 1636 deposi-

460 1644 529 1718 to
578 1660 898 1741 praeterea
947 1674 1133 1735 supra
1192 1652 1539 1735 principem
1589 1659 1777 1718 Aram
1826 1653 2025 1720 Pallio

462 1750 788 1816 deseendit
809 1757 972 1832 Papa
1004 1752 1082 1815 ad
1112 1751 1333 1815 sellam
1369 1752 1769 1834 gestatoriam
1796 1796 1817 1825 ,
1861 1773 2021 1833 quae

463 1857 607 1915 ante
638 1848 874 1920 Altare,
906 1869 1023 1913 nec
1053 1848 1243 1933 longe
1265 1849 1347 1913 ab
1375 1850 1599 1913 eodem
1631 1857 1842 1933 parata
1872 1855 2023 1916 tunc

458 1944 684 2013 iuerat.
716 1952 785 2009 ln
815 1964 890 2010 ea
924 1946 1311 2027 compositus
1332 1987 1353 2018 ,
1384 1945 1541 2009 tiara
1573 1951 1779 2011 tectus
1807 1946 2025 2031 cbyro-

461 2043 786 2124 tbecisque
818 2054 884 2104 et
905 2041 1135 2105 annulo
1162 2040 1507 2106 Pontificali
1528 2042 1736 2106 denuo
1754 2044 2022 2126 sumptis

459 2146 824 2205 consuetum
851 2138 1320 2222 Presbyterium
1348 2139 1587 2219 aer-epit
1615 2141 1695 2203 ab
1727 2139 2021 2204 Eminen-

458 2240 703 2304 tissimo
752 2236 1304 2321 Archipresbytero
1358 2234 1664 2300 Bas'ilicae
1716 2237 2018 2302 Annibale

456 2335 767 2399 Cardinali
811 2334 1055 2399 Albano
1087 2354 1205 2399 una
1236 2334 1375 2399 eu'm
1410 2336 1658 2399 dnobus
1699 2336 2020 2401 canonicis

460 2432 743 2497 Sacrario
784 2431 1162 2505 Praefectis,
1205 2452 1430 2517 nempe
1463 2440 1582 2497 BR.
1626 2439 1736 2496 ΡΙ).
1781 2436 2021 2498 Jacobo

453 2528 673 2591 Vittori
699 2571 720 2601 ‚
776 2537 840 2590 et
883 2535 1121 2592 Joanne
1173 2529 1495 2593 Francisco
1539 2529 1619 2594 de
1669 2530 2020 2595 Abbatibus

455 2625 771 2700 oliverio3
815 2625 907 2690 eis
949 2647 1098 2690 vero
1127 2626 1261 2709 ipse
1304 2627 1576 2691 suismet
1604 2627 2021 2693 sanctissimis

454 2724 738 2788 manibus
760 2724 1020 2788 tradidit
1040 2743 1297 2788 aureum
1319 2725 1592 2813 Calicem
1611 2733 1676 2789 et
1697 2732 2019 2799 Patenam,

454 2838 577 2885 non
621 2820 822 2885 solum
854 2821 1151 2904 materia,
1180 2823 1309 2885 sed
1340 2843 1532 2904 opere
1574 2823 1972 2905 conspicuam
1996 2868 2018 2899 ‚

453 2917 684 2999 quibus
717 2939 794 2983 eo
823 2918 926 2982 die
956 2924 1086 2981 Deo
1116 2916 1538 2992 libaverauut
1565 2929 1775 2985 essent
1800 2941 2023 3004 peren-

458 3031 538 3078 ne
567 3024 693 3080 tam
726 3014 995 3079 eximiae
1027 3013 1446 3080 solemnitatis
1468 3059 1489 3090 ,
1519 3037 1794 3099 suaeque
1826 3017 2018 3099 pieta-

454 3111 536 3178 tis
563 3132 711 3196 erga
755 3113 962 3177 divum
1006 3115 1255 3178 Petrum
1301 3112 1742 3195 Apostolorum
1785 3115 2017 3182 Princi-

452 3230 596 3294 pem
641 3217 1100 3293 argumentum.
1146 3217 1234 3275 Ac
1273 3211 1674 3297 Presbyterio
1718 3213 2020 3296 quidem,

458 3307 623 3406 quod
657 3320 1011 3389 acceperat,
1055 3310 1116 3371 in
1147 3308 1425 3374 clericos
1467 3320 1767 3394 erogato,
1814 3331 2019 3395 eoque

457 3388 653 3469 multo
682 3405 1075 3489 splendidius
1104 3425 1397 3487 repenso,
1424 3407 1515 3472 rei
1546 3417 1750 3472 tantae
1783 3429 2020 3473 memo·

453 3501 612 3566 riam
635 3501 761 3565 alio
783 3522 1035 3584 quoque
1061 3505 1442 3566 monumenti
1471 3524 1700 3587 genere
1725 3511 2018 3570 testatam

453 3598 683 3671 voluit,
713 3597 1043 3683 largitione
1060 3599 1369 3661 nimirum
1398 3601 1539 3664 novi
1567 3603 1973 3667 Numismatis
1994 3647 2015 3676 ,

452 3696 621 3776 quod
646 3715 942 3759 novorum
964 3696 1241 3778 quinque
1270 3702 1636 3761 Sanctorum
1663 3707 2019 3779 repraesen-

451 3792 686 3857 tabat
668 3792 964 3876 imagines
995 3813 1132 3857 cum
1177 3792 1567 3879 Epigrapbe·
1613 3799 2020 3876 Univit,pa1·
2056 3875 2061 3880 ⁷

457 3908 749 3968 mamque
771 3895 957 3953 dedit.

578 3986 877 4052 Posthaec
896 3992 1015 4050 EE.
1035 3988 1460 4053 cardinalium
1478 3996 1706 4055 Senatu
1728 3989 2015 4068 dimisso,

456 4082 711 4147 divertit
738 4084 1041 4149 Sanctitas
1064 4086 1261 4148 Suam
1285 4087 1641 4155 Tentorium
1666 4099 1844 4152 extra
1859 4089 2015 4156 Tbe-

461 4180 581 4245 atri
606 4183 907 4246 ambitum
939 4181 1017 4246 de
1060 4182 1371 4248 industria
1400 4192 1826 4268 comparatum
1853 4227 1875 4261 ,
1878 4181 2017 4251 ubi

452 4297 655 4343 sacras
682 4287 890 4342 vestes
918 4278 1131 4344 exuit.
1269 4341 1281 4351 ,

584 4380 876 4460 Superest
905 4374 1043 4460 (a),
1087 4386 1157 4443 ut
1187 4397 1446 4463 agamus
1474 4379 1709 4462 gratias
1749 4385 1882 4446 Deo
1910 4400 2020 4445 no·

455 4481 586 4536 stro
613 4493 809 4556 super
823 4473 1115 4537 omnibus
1137 4475 1652 4560 dispositionibus
1675 4478 1827 4553 suis,
1851 4480 2016 4562 quod

450 4566 731 4632 infirmos
752 4589 865 4634 nos
894 4570 1073 4634 novis
1101 4569 1275 4636 bisce
1296 4572 1619 4637 Ecclesiae
1650 4593 1799 4638 suae
1823 4574 2020 4640 voluit

451 4664 670 4729 fulcire
699 4666 1052 4743 columni33
1096 4661 1605 4752 congratulemur
1632 4681 1699 4735 et
1729 4673 2015 4748 Sanctis,

452 4762 683 4843 quibus
713 4782 929 4846 magna
958 4761 1115 4846 fecit
1129 4765 1433 4830 Dominus
1465 4765 1876 4844 introducens
1907 4790 2018 4834 eos

451 4856 515 4919 in
559 4858 821 4941 gloriam
855 4880 1028 4924 suam
1052 4903 1072 4931 ,
1114 4869 1186 4924 ut
1217 4862 1547 4927 Festivitas
1577 4883 1740 4946 quae
1786 4867 2018 4933 merito

452 4955 670 5020 e'orum
727 4956 1027 5024 virtutum
1084 4958 1271 5023 bodie
1322 4959 1525 5025 votiva
1586 4962 1973 5045 impenditur
1993 5009 2015 5040 ,

458 5052 740 5136 ipsorum
769 5055 955 5120 nobis
984 5054 1285 5121 efficiatur
1309 5058 1557 5124 meritis
1582 5103 1603 5137 ,
1631 5070 1695 5126 et
1726 5063 2019 5143 precibus

451 5148 760 5226 salutaris.

559 5460 648 5535 (a)
686 5464 743 5517 S.
785 5460 1108 5516 Bernartius
1145 5463 1319 5517 Serm.
1355 5463 1422 5518 de
1462 5467 1514 5521 S.
1556 5471 1806 5528 lulach.

3405 537 3513 591 828

2183 682 2362 759 Quod
2390 698 2684 766 sponsum
2701 686 2814 746 ‘est
2841 697 3061 764 supra,
3089 652 3657 746 Drotonotariorum

2449 786 2932 847 Instrumentum
2962 778 3064 841 bic
3105 779 3395 863 accipito.
3419 824 3438 841 ‚,

2433 981 2514 1041 IN
2539 981 2845 1043 NOMINE
2883 979 3163 1040 DOMINI
3189 979 3408 1039 AMEN

2263 1170 2708 1235 Sanctissimus
2760 1170 3067 1234 Dominus
3113 1174 3341 1232 Noster
3386 1170 3701 1232 BENEm-

2135 1267 2323 1330 cTUS
2356 1266 2564 1332 Divina
2601 1265 2987 1331 Providentia
3015 1271 3180 1350 Papa
3223 1272 3377 1329 XlV.
3408 1262 3702 1333 omnibus

2128 1361 2218 1429 ‚iis
2239 1406 2259 1435 ‚
2290 1385 2450 1446 quae
2481 1383 2671 1447 super
2698 1363 3082 1429 solemnibus
3114 1368 3477 1437 Sanctorum
3506 1364 3700 1423 cano-

2137 1461 2555 1526 nizationibus
2597 1461 2953 1544 peragenda
2996 1481 3030 1524 a
3077 1459 3348 1525 Summis
3389 1455 3704 1523 Pontifici-

2138 1557 2257 1621 bus
2276 1558 2870 1623 Praedecessoribus
2898 1558 3025 1622 suis
3054 1558 3118 1619 in
3146 1576 3362 1620 eorum
3392 1555 3701 1619 constitu·

2139 1656 2413 1720 tionibus
2447 1656 2681 1723 sancita
2711 1663 2892 1730 sunt,
2938 1657 3057 1721 rite
3086 1653 3398 1739 peractis;
3446 1652 3699 1729 tandem

2135 1773 2298 1818 anno
2342 1756 2423 1819 ab
2459 1761 2784 1820 lucarnato
2829 1755 3035 1819 Verbo
3078 1752 3420 1821 millesimo
3469 1753 3702 1831 septin-

2128 1852 2485 1936 gentesimo
2540 1851 3018 1936 quadragesimo
3067 1861 3246 1915 sexto
3276 1893 3297 1921 ,
3355 1849 3700 1912 indictione

2131 1964 2318 2023 nona,
2346 1949 2750 2015 Pontificatus
2777 1948 3059 2033 ejusdem
3084 1947 3470 2025 sanctissimi
3493 1946 3700 2010 Domi·

2132 2046 2194 2108 ni
2223 2046 2433 2113 Nostri
2464 2054 2664 2128 Papae
2691 2051 2871 2111 Anno
2893 2050 3074 2109 sexto
3097 2069 3116 2107 z
3149 2044 3264 2108 Die
3294 2063 3442 2107 vero
3470 2046 3571 2109 29.
3598 2048 3706 2105 Ju-

2131 2142 2220 2205 nii
2255 2144 2426 2209 Feria
2459 2152 2716 2225 quarta,
2764 2149 2950 2209 Festo
2980 2148 3081 2206 SS.
3114 2139 3556 2222 Apostolorum
3587 2145 3702 2202 Pe-

2132 2238 2211 2302 tri
2255 2248 2321 2305 et
2359 2239 2536 2304 Pauli
2577 2236 2763 2323 hujus
2804 2240 3025 2304 Almae
3065 2238 3248 2303 Urbis
3292 2243 3701 2301 Patronorum

2130 2336 2615 2420 Principalium,
2655 2338 2719 2400 in
2755 2338 3018 2402 Basilica
3047 2335 3387 2409 Vaticana,
3432 2332 3707 2418 splendi-

2130 2434 2208 2499 da
2252 2435 2615 2520 ingentique
2655 2454 2881 2518 pompa
2927 2443 3224 2500 exornata
3254 2476 3277 2508 ,
3325 2432 3578 2497 devenit
3620 2430 3702 2497 ad

2134 2531 2481 2598 solemnem
2523 2528 3073 2598 canonizationem
3103 2533 3427 2597 beatorum
3473 2530 3704 2596 Fidelis

2131 2652 2169 2694 a
2197 2630 2576 2715 Sigmaringa
2608 2630 2863 2694 Ordinis
2879 2629 3024 2694 Min.
3057 2635 3115 2692 S.
3144 2628 3452 2692 Francisci
3474 2632 3703 2709 capuc-

2130 2727 2409 2791 cinorum
2433 2769 2453 2801 ,
2483 2726 2725 2790 camilli
2755 2727 2832 2791 de
2862 2726 3051 2791 Lellis
3082 2725 3465 2789 clericorum
3492 2710 3702 2805 Regu·

2127 2822 2354 2890 larium
2386 2823 2862 2888 ministrantium
2882 2822 3148 2888 Infit-mis
3180 2820 3567 2895 Fundatoris,
3591 2829 3701 2884 Pe-

2131 2923 2208 2984 tri
2242 2921 2524 3005 Regalati
2556 2922 2703 2985 Min.
2735 2923 3076 2987 Observan.
3109 2926 3166 2984 S.
3201 2919 3506 2985 Francisci
3529 2962 3549 2991 ,
3594 2924 3700 2982 Jo-

2130 3018 2306 3102 sepbi
2332 3039 2366 3081 a
2384 3019 2681 3084 Leonissa
2706 3018 2953 3083 Ordinis
2972 3016 3280 3082 Minorum'
3297 3017 3493 3081 sancti
3520 3023 3701 3080 Fran-

2131 3116 2281 3182 cisci
2314 3115 2831 3199 capuccinorum,
2873 3122 2938 3180 et
2967 3113 3331 3180 catharinae
3362 3113 3700 3179 donicens

2130 3213 2632 3280 sanctimonialis
2649 3213 2980 3278 Professae
2999 3214 3252 3278 Ordinis
3279 3219 3339 3276 S.
3358 3211 3693 3275 Dominiei.

2259 3311 2350 3376 Ad
2384 3309 2836 3392 implorandum
2872 3329 2905 3372 a
2930 3309 3449 3386 Pati-aluminum
3482 3307 3700 3371 lumen

2130 3414 2197 3471 et
2222 3406 2553 3470 consilium
2570 3450 2592 3481 ,
2618 3426 2857 3471 necnon
2886 3407 3290 3472 beatissimae
3322 3424 3696 3487 semperque

2125 3502 2660 3585 Virginis-Mariae
2689 3503 3138 3586 patrocinium,
3169 3511 3234 3568 et
3261 3503 3523 3573 aliorum
3556 3508 3702 3566 San-

2128 3608 2373 3664 ctorum
2419 3608 2483 3666 et
2527 3605 2887 3674 Sanctarum
2937 3620 3124 3683 opem
3175 3607 3240 3664 et
3287 3593 3587 3663 auxilium
3634 3600 3699 3662 in

2129 3697 2385 3763 re‘tanti
2412 3698 2712 3779 ponderis
2734 3740 2754 3770 ,
2789 3718 2950 3779 quae
2980 3685 3267 3780 profecto
3289 3696 3698 3781 graviondi·

2128 3795 2309 3879 gnior
2337 3802 2401 3859 et
2429 3795 2629 3877 major
2655 3803 2773 3868 est,
2799 3814 2959 3877 quae
2990 3795 3205 3879 peragi
3230 3795 3431 3876 possit
3459 3814 3495 3857 a
3519 3801 3697 3858 sum·

2129 3892 2253 3957 mis
2294 3889 2697 3956 Pontificibus
2721 3934 2743 3965 ,
2783 3912 2925 3956 cnm
2956 3892 3018 3953 in
3048 3913 3120 3956 ea
3166 3892 3566 3974 potissimum
3595 3891 3696 3954 vi-

2127 3988 2295 4055 caria
2338 3988 2566 4054 christi
2596 3997 2915 4071 potestas,
2959 4008 3145 4070 quam
3192 3997 3420 4073 gerunt
3460 3987 3526 4050 in
3552 3995 3702 4052 Ter·

2088 4087 2105 4102 ‘
2126 4087 2255 4159 ris,
2284 4087 2635 4159 elucescat,
2658 4085 2839 4168 juxta
2869 4094 3239 4152 consuetum
3267 4085 3570 4150 Ordinem
3601 4105 3700 4149 so-

2126 4184 2526 4266 lemnemque
2569 4183 2775 4248 Ritum
2818 4183 3181 4267 praehabita
3226 4172 3370 4250 fuit
3392 4181 3700 4252 solemnis

2129 4281 2530 4365 snpplicatio.
3129 4327 3136 4334 ,

2256 4377 2703 4442 sanctissimus
2729 4376 3016 4442 Pontifex
3061 4359 3255 4444 sacris
3283 4377 3627 4443 Vestibus
3607 4395 3701 4440 ln·

2129 4476 2315 4540 dutus
2359 4496 2439 4540 ex
2464 4473 2623 4541 Aula
2666 4479 3171 4540 Paramentorum
3199 4474 3366 4540 inter
3405 4476 3702 4539 Eminen-

2131 4573 2415 4638 tissimos
2443 4578 2563 4635 DD.
2588 4570 2955 4636 cardinales
2980 4571 3273 4666 carulum
3302 4571 3384 4635 de
3413 4571 3697 4644 Marinis,

2129 4679 2192 4735 et
2222 4669 2643 4736 Alexandrum
2688 4669 2995 4733 Albanum
3045 4677 3103 4734 S.
3125 4655 3222 4734 ‘'R.
3268 4675 3339 4731 E.
3385 4671 3696 4734 Diaconos

2126 4767 2552 4851 antiquiores;
2596 4766 2674 4830 ad
2703 4765 3069 4850 Cappellam
3113 4765 3410 4830 sixtinam
3442 4785 3698 4849 proces·

2133 4866 2257 4940 sit,
2302 4873 2370 4929 et
2410 4865 2689 4928 intonato
2729 4869 3016 4948 Hymno=
3063 4866 3186 4927 Avo
3233 4868 3429 4928 Haris
3469 4866 3696 4926 Stella:

2127 4964 2475 5045 Pri-isque
2503 4959 2792 5043 ejusdem
2818 4960 3044 5045 Hymni
3075 4961 3371 5025 versibus
3403 4978 3515 5041 per
3543 4964 3696 5022 can·

2129 5070 2307 5126 tores
2344 5057 2706 5124 Pontificios
2749 5058 3097 5133 absolutis,
3143 5058 3372 5124 Sedent
3418 5061 3697 5128 Gestato-

2132 5157 2288 5226 riam
2323 5154 2701 5223 conscendit.
