4442 6300
1496 514 1845 586 eumont
1906 515 2378 574 sanes-olma
2418 517 2585 573 uc.
3395 518 3507 575 m

445 659 608 724 vitae
639 677 835 743 genus
853 701 875 730 ,
904 657 1071 741 quod
1105 657 1302 726 sacris
1325 656 1693 741 virginibus
1718 668 1817 727 est
1846 682 2012 727 com·

2137 669 2444 747 perpetua
2474 660 2838 744 virginitate
2860 700 2882 733 ‚-
2912 661 3214 727 Mundum
3246 660 3553 747 profunda
3581 660 3695 725 bu·

446 775 639 822 mulne
661 800 682 830 ‚
714 756 1224 838 contemplationi
1250 800 1271 830 ‚
1308 758 1575 822 orationi
1600 802 1621 832 ‚
1661 760 2013 842 ceterisque
2128 760 2422 832 militate,
2454 760 3117 844 Daemonemsseximiis
3148 761 3483 824 virtutibus
3510 779 3693 838 sure·

454 855 578 936 piis
609 854 1166 919 exercitationibus
1194 855 1467 929 deditis3
1497 864 1788 939 tanquam
1820 877 2007 920 unum

452 951 876 1016 necessatium
910 962 991 1014 e’x
1022 952 1345 1016 Dominiro
1375 953 1630 1017 oraculo
1654 997 1675 1027 ‚
1706 973 1829 1018 non
1878 975 2013 1018 mo·

451 1050 536 1113 do
564 1058 630 1111 ut
659 1050 959 1129 optimam
995 1056 1237 1131 partem
1266 1048 1463 1133 elegit
1489 1075 1509 1123 ς
1539 1049 1651 1113 sed
1682 1051 1832 1114 nihil
1863 1050 2014 1114 alie·

449 1162 568 1211 nae
598 1147 821 1210 salutis
838 1146 1159 1217 omittens,
1176 1146 1378 1209 divina
1408 1147 1703 1211 charitate
1734 1148 1797 1210 in
1818 1154 2013 1212 Deum

452 1251 513 1307 et
549 1244 906 1307 Proximum
970 1243 1274 1326 flagrans,
1331 1263 1456 1305 non
1514 1247 1722 1309 minus
1778 1245 2014 1309 Mariae

448 1362 639 1424 qnam
673 1342 952 1406 Marthae
983 1348 1192 1423 partes
1221 1340 1309 1404 ita
1340 1342 1657 1423 explevit,
1697 1348 1762 1404 ut
1794 1342 2014 1423 Sponsi

450 1443 549 1505 sni
585 1438 797 1503 dilecti
829 1457 1004 1502 sacra
1035 1439 1361 1521 Stigmata,
1389 1458 1516 1504 non
1546 1441 1608 1501 in
1638 1439 1875 1503 tabulis
1905 1440 2014 1504 de-

451 1538 621 1619 picta
644 1582 665 1608 ‚
690 1536 805 1603 sed
835 1535 897 1596 in
928 1535 1181 1618 proprio
1212 1557 1329 1600 suo
1358 1536 1758 1602 immaculato
1797 1556 2016 1618 corpo-

449 1654 524 1699 re
552 1632 796 1697 deferre
831 1643 1197 1697 mereretur.
1227 1639 1394 1698 Haec
1423 1655 1565 1699 cum
1624 1634 1854 1699 ceteris
1882 1652 2010 1696 am-

446 1732 803 1815 plissimum
835 1739 1265 1813 argumentum
1299 1730 1451 1794 mihi
1507 1734 1816 1814 praebent
1873 1750 2013 1797 san·

446 1838 689 1911 ctarnm
720 1827 1044 1909 virginum
1076 1827 1291 1890 Coetui
1321 1829 1799 1892 adscribendam
1832 1847 2011 1904 esse3

451 1912 796 1991 ‹tumm‘odo
827 1930 913 1986 sA
923 1929 1323 1988 sununs
1344 1930 1512 1988 'maz
1534 1945 1895 2009 supremum
1911 1925 2014 2009 ju-

444 2021 680 2086 dicium
711 2019 1066 2086 accesserit.

540 2219 656 2280 ut
668 2216 983 2280 TONIUS
1019 2168 1285 2276 Foasscu
1318 2190 1657 2294 Episcopus
1687 2219 1934 2281 Βήθης

1077 2315 1402 2375 Anserem.

577 2517 714 2577 Noti
744 2513 986 2572 tantum
1013 2550 1033 2578 ‚
1063 2509 1524 2571 BEATtssmE
1553 2513 1807 2573 PATER
1829 2553 1849 2582 ‚
1893 2512 2015 2571 He·

458 2609 698 2673 truriae
724 2608 959 2679 Urbes,
993 2604 1228 2688 inclyta
1259 2605 1762 2686 praedicatorum
1818 2605 2014 2669 Fami·

446 2707 581 2780 lia,
611 2714 675 2769 et
707 2705 1035 2768 universus
1077 2702 1445 2767 christianus
1506 2702 1737 2776 Orbis.
1795 2723 2012 2767 verum
2110 2730 2115 2735 ·

446 2805 638 2869 etiam
669 2813 1020 2867 sanctarum
1054 2798 1378 2883 virginum
1426 2804 1693 2870 Coetus,
1755 2800 2005 2882 superni

446 2898 828 2984 Angelorum
861 2895 1041 2959 Chori
1061 2938 1083 2968 ,
1115 2914 1356 2959 necnon
1415 2894 1653 2977 gloriae
1716 2897 2013 2961 Dominus

454 3004 521 3062 Β.
552 2992 918 3060 catharinae
947 2991 1025 3056 de
1052 2992 1283 3055 Ricciis
1310 2992 1708 3056 sublimiores
1741 2992 2011 3056 honores

448 3095 752 3180 flagitant.
784 3098 1042 3157 Sanctae
1067 3089 1237 3154 enim
1282 3089 1570 3174 Virgines
1622 3089 2010 3154 catharinam

452 3196 658 3260 adhuc
684 3193 746 3255 in
778 3191 966 3254 terris
993 3190 1328 3272 degentem
1352 3231 1373 3260 ‚
1404 3189 1488 3250 ob
1516 3187 1831 3250 illibatum
1865 3208 2005 3252 can-

452 3294 673 3358 dorem
695 3334 715 3362 ‚
743 3290 826 3353 ob
861 3287 1237 3370 singularem
1272 3285 1662 3369 prudentiam
1684 3327 1706 3357 ‚
1764 3286 1846 3347 ob
1905 3285 2014 3348 ssa·

439 3388 907 3474 guntissimam
942 3380 1309 3447 charitatem
1355 3381 1593 3444 duxere
1657 3400 1868 3454 secum
1933 3381 2011 3443 ad

456 3486 615 3571 Agni
645 3482 931 3564 nuptias;
962 3479 1180 3562 Angeli
1212 3478 1608 3544 tradiderunt
1634 3475 1731 3539 illi
1764 3496 2014 3560 precau-

457 3584 522 3646 di
550 3581 852 3648 formam,
894 3583 1229 3664 prae-cepta
1281 3576 1622 3647 virtutum,
1684 3572 2010 3659 mysterio·
2050 3598 2055 3602 ·

447 3700 584 3745 rum
620 3673 1101 3756 intelligentiam
1124 3715 1144 3743 ‚
1176 3693 1247 3736 ac
1278 3672 1581 3735 Dominus
1608 3691 1825 3735 amore
1884 3671 2012 3734 lan·

451 3779 753 3863 guentem
783 3769 1164 3835 dulcissimis
1211 3769 1516 3833 recreavit
1569 3768 2009 3852 amplexibus,

450 3873 649 3939 sacris
708 3867 1117 3949 Stigmatibus
1168 3864 1517 3948 insignivit,
1576 3872 1640 3929 et
1721 3874 2012 3947 tanquam

453 3977 757 4051 Sponsam
789 3962 1021 4026 annulo
1051 3960 1601 4025 suo'subarrhavit.
1628 3967 1894 4043 AEquum
1917 3968 2014 4025 est

449 4067 638 4152 igitur
662 4071 731 4126 ut
754 4059 1106 4127 communia
1136 4066 1423 4122 terrenae
1454 4067 1520 4120 et
1562 4057 1855 4125 caelestis
1910 4064 2016 4121 Je-

450 4162 723 4228 rusalem
753 4166 939 4228 vota,
986 4156 1354 4221 mortalibus
1411 4175 1486 4221 ac
1547 4157 1789 4239 superis
1841 4154 2014 4239 plau·

446 4260 751 4330 dentibus
776 4254 1172 4339 impleantur.

495 4456 554 4519 N
560 4454 592 4515 Ι
599 4453 797 4518 com
815 4454 866 4513 U
872 4450 913 4513 S
950 4450 1004 4511 1
1009 4450 1052 4510 A
1066 4448 1364 4518 matus
1392 4448 1792 4511 saturamur-ta
1832 4449 1975 4525 Epi·

745 4565 969 4624 scopus
999 4547 1359 4623 Cyrenensis
1404 4546 1716 4658 desistens.

575 4740 919 4808 ineffabilis
948 4736 1063 4803 Dei
1093 4735 1393 4821 sapientia
1415 4781 1432 4805 .
1466 4755 1628 4820 quae
1661 4737 1819 4802 miro
1868 4757 2012 4802 con-

451 4843 595 4910 silio
625 4841 758 4906 suis
785 4846 1133 4921 opportune
1166 4836 1556 4916 temporibus
1605 4843 1827 4900 cuncta
1883 4835 2012 4901 dis·

455 4942 671 5026 ponit,
703 4959 830 5021 quo
859 4944 1143 5017 tempore
1173 4932 1479 4996 Lutberus
1520 4931 1786 5015 ejusque
1842 4932 2011 4998 dete·

458 5038 723 5105 stabiles
757 5031 1049 5098 Asseclae
1080 5029 1349 5107 castitati
1408 5031 1683 5092 maxime
1720 5028 2020 5096 ,detrabe-

450 5138 649 5208 bant,
679 5133 843 5195 inter
869 5136 1113 5193 ceteras
1149 5124 1440 5209 Virgines
1498 5126 1825 5190 mulierem
1863 5147 2016 5196 vere

454 5213 685 5300 fortem
718 5226 1045 5295 suscitavit
1073 5223 1137 5285 in
1171 5221 1446 5288 Ecclesia
1475 5243 1585 5287 sna
1647 5229 1714 5286 B.
1747 5223 2011 5289 cathari·

455 5352 599 5398 nam
632 5331 712 5392 de
749 5324 1019 5395 tiit-ciis,
1050 5340 1209 5404 quiae
1242 5320 1515 5384 accincta
1547 5321 1778 5385 robore
1835 5330 1902 5387 et
1955 5320 2020 5382 in

464 5426 693 5515 spiritu
748 5420 1073 5489 ambulans
1131 5413 1397 5506 mirabili
1452 5416 1711 5496 victoria
1766 5437 2016 5484 carnem

2125 860 2301 922 ravit.
2337 858 2528 942 Digna
2545 858 2827 941 profecto
2847 860 3037 943 Virgo
3057 880 3243 941 quam
3260 860 3540 923 Christus
3569 865 3691 920 Do·

2100 954 2334 1029 ‚minus
2364 954 2654 1036 supernis
2681 955 2863 1018 donis
2887 998 2908 1029 ‚
2941 955 3485 1037 splendidioribus
3542 955 3687 1019 cha-

2127 1052 2493 1115 rismatibus
2520 1059 2798 1115 ornatam
2820 1095 2840 1123 ‚
2870 1052 3130 1135 neipara
3159 1053 3490 1137 pronuba,
3548 1071 3687 1116 cae-

2126 1148 2274 1214 lesti
2302 1149 2531 1212 annulo
2557 1149 3010 1231 desponsaret,
3037 1170 3310 1232 eamque
3351 1150 3431 1212 de
3488 1153 3688 1214 cruce

2126 1243 2541 1327 amplexando
2600 1250 2875 1326 Sponsae
2929 1246 3183 1310 nomine
3252 1243 3686 1327 compellaret.

2126 1341 2433 1424 lnsignem
2467 1342 2606 1426 ejus
2635 1340 3031 1405 sanctitatem
3085 1362 3273 1424 quiam
3317 1343 3398 1403 *in
3460 1340 3687 1406 mentis

2126 1457 2391 1501 excessu
2428 1436 2877 1501 intellexerunt
2898 1482 2917 1508 ‚
2949 1444 3014 1502 et
3043 1438 3445 1519 vulgaverunt
3467 1445 3527 1501 S.
3549 1437 3691 1501 Phi-

2129 1534 2333 1617 lippus
2352 1534 2578 1597 Nerius
2600 1576 2620 1604 ‚
2651 1542 2715 1597 et
2744 1539 2799 1595 S.
2835 1535 3024 1597 Maria
3050 1534 3409 1618 magdalena
3432 1534 3512 1599 de
3543 1542 3682 1598 Paz-

2126 1631 2214 1695 zis
2238 1673 2260 1703 ‚
2290 1638 2579 1695 testatam
2613 1630 2794 1695 nobis
2823 1631 3072 1696 abunde
3102 1624 3334 1695 faciunt
3391 1628 3691 1696 miracula

2128 1738 2413 1794 accurate
2440 1727 2720 1792 discussa
2751 1735 2816 1790 et
2849 1728 3036 1811 plene
3097 1729 3380 1811 probata.
3441 1728 3691 1794 Rationi

2126 1834 2454 1908 propterea
2485 1832 2967 1891 consentaneum
2996 1825 3284 1900 videtur,
3314 1833 3382 1890 ut
3417 1826 3693 1909 praeela-

2126 1942 2258 1985 ram
2288 1922 2448 1987 banc
2475 1922 2790 2006 Virginem
2821 1923 2888 1985 in
2918 1922 3201 1989 Ecclesia
3225 1922 3558 1988 colendam
3607 1932 3688 1986 A·

2127 2020 2434 2105 postolica
2463 2020 2838 2086 auctoritate
2867 2023 3198 2096 decernas,
3232 2042 3503 2104 eamque
3520 2022 3696 2086 Chri·

2131 2116 2508 2183 stifidelibus
2531 2117 2979 2184 Protectricem
3012 2119 3180 2200 apud
3210 2125 3404 2183 Deum
3450 2125 3515 2184 et
3569 2119 3694 2182 Ad-

2126 2224 2409 2280 vocatam
2442 2215 2787 2288 concedas,
2815 2215 2998 2299 cujus
3054 2235 3277 2298 preces
3334 2216 3455 2280 sibi
3513 2235 3691 2281 acee-

2127 2311 2450 2395 piissimas
2482 2329 2625 2376 esse
2656 2317 2821 2376 Deus
2843 2312 2982 2395 ipse
3010 2310 3366 2378 affirmavit.

2134 2509 2627 2571 BERNARDUS
2653 2509 3087 2572 ANTONIUS
3120 2511 3398 2573 Pizzslta
3439 2512 3694 2588 Episco-

2459 2624 2580 2684 pus
2611 2610 3006 2672 Constantius
3034 2610 3352 2672 Assistsns.
3407 2638 3414 2641 ss

2259 2798 2574 2865 Habemus
2604 2807 2952 2864 sanctarum
2982 2801 3304 2885 virginum
3365 2818 3695 2865 ornamen-

2130 2901 2305 2970 lum3
2336 2895 2642 2960 habemus
2669 2895 2984 2979 Virginem
3014 2897 3239 2960 divinis
3296 2897 3691 2961 charismati-

2126 2993 2247 3056 bus
2277 2992 2655 3057 illustratam
2679 3036 2699 3064 ,
2734 2994 2985 3056 beatam
3017 2994 3260 3058 scilicet
3300 2995 3689 3059 catharinam

2130 3089 2466 3154 de‘Ricciis
2495 3089 2744 3153 Ordinis
2783 3090 3286 3155 Praedicatorum
3347 3091 3689 3156 sanctimo-

2125 3187 2353 3250 uialern
2378 3230 2399 3260 ‚
2430 3208 2592 3269 quae
2621 3188 2933 3269 praecipui
2977 3189 3213 3252 amoris
3274 3189 3596 3272 privilegio
3650 3209 3688 3255 a

2128 3290 2258 3350 Deo
2286 3284 2596 3346 cumulata
2619 3327 2644 3356 ‚
2673 3284 2972 3367 singulari
3002 3287 3234 3368 pietate
3261 3307 3337 3352 ac
3397 3286 3684 3368 solicitu-

2126 3383 2271 3447 dine
2301 3389 2498 3445 Deum
2528 3383 2732 3463 ipsum
2765 3382 3036 3465 diligere
3066 3404 3319 3467 semper
3345 3384 3405 3445 in
3436 3384 3687 3450 deliciis

2129 3481 2369 3544 habuit.
2398 3480 2587 3543 Sicuti
2620 3501 2768 3544 vcro
2797 3480 2994 3564 elegit
3023 3488 3189 3546 netis
3217 3502 3290 3545 ac
3320 3483 3440 3546 sibi
3468 3503 3686 3565 praee-

2129 3578 2294 3660 legit
2312 3578 2377 3640 in
2407 3576 2729 3640 catharina
2757 3583 3059 3658 Sponsam
3084 3621 3105 3651 ‚
3135 3578 3497 3642 columbam
3519 3620 3542 3652 ‚
3584 3580 3688 3641 Di-

2128 3674 2385 3749 lectam‚
2417 3675 2508 3739 sic
2537 3673 2926 3738 catharinam
2954 3674 3229 3739 vicissim
3292 3682 3567 3760 Sponsae
3611 3675 3684 3740 fi-

2127 3773 2320 3845 dem,
2351 3771 2691 3836 Columbae
2719 3770 3145 3836 innocentiam
3165 3815 3186 3846 ‚
3219 3770 3497 3837 Dilectae
3545 3774 3683 3857 pios

2125 3870 2388 3934 affectus
2415 3869 2479 3929 in
2507 3889 2655 3932 eum
2686 3867 2855 3930 omni
2885 3868 3095 3931 studio
3124 3878 3314 3951 atque
3342 3889 3490 3935 cura
3553 3889 3686 3934 ser-

2122 3985 2342 4038 vassa,
2375 3975 2776 4030 monumenta
2800 3972 3128 4030 testantur.
3180 3965 3499 4030 Habemus
3549 3967 3688 4029 Vir-

2121 4062 2327 4144 ginem
2361 4061 2609 4128 Christo
2643 4062 2905 4126 Domino
2950 4062 3230 4127 accensis
3284 4061 3683 4146 lampadibus

2122 4166 2555 4222 occurrentem
2576 4198 2598 4230 ‚
2641 4173 2958 4222 sacrorum
3016 4159 3383 4241 stigmatum
3443 4160 3685 4226 bonore

2129 4254 2556 4332 nobilitatam:
2589 4259 2888 4334 Sponsam
2914 4254 3158 4324 Christo
3186 4256 3482 4321 sociatam
3510 4283 3526 4320 ε
3558 4263 3686 4323 Ma-

2126 4350 2205 4414 tri
2257 4345 2491 4434 Virgini
2549 4349 2936 4432 alloquntam
2960 4377 2978 4414 a
3039 4354 3361 4418 Habemus
3415 4355 3691 4438 deniqne

2125 4447 2443 4531 virginem
2479 4448 2800 4513 miraculis
2828 4448 3234 4516 clarificatam
3255 4493 3277 4525 ‚
3311 4473 3474 4534 quae
3502 4454 3690 4519 decet

2125 4544 2378 4608 demum
2398 4586 2419 4617 ‚
2450 4553 2517 4608 ut
2548 4555 2902 4612 sanctarum
2933 4545 3249 4631 virginum
3281 4537 3538 4635 Syll'abo
3587 4571 3687 4614 so·

2126 4640 2317 4707 lemni
2343 4641 2466 4705 ritu
2496 4641 2907 4708 adscribatur.

2133 4798 2612 4901 Lonorio-vs
2638 4838 3055 4901 ANTONIUS
3087 4843 3348 4905 vatam
3377 4845 3519 4905 oum
3550 4847 3688 4912 cro·

2151 4952 2348 4998 mons.
2364 4937 2709 5012 Episcopus
2743 4939 3283 5015 Hermopolitaaus
3333 4942 3656 5003 Assistcas.

2253 5124 2577 5192 Ecclesiae
2606 5127 2935 5194 militantis
2965 5131 3362 5196 veneratione
3400 5132 3692 5216 dignissi-

2131 5244 2299 5288 mam
2323 5267 2348 5296 ‚
2374 5233 2440 5289 et
2491 5226 2748 5300 Senensi
2803 5225 3170 5291 catharinae
3227 5230 3690 5314 adjungendam

2129 5340 2277 5385 esse
2310 5321 2372 5382 in
2403 5326 2763 5390 sanctorum
2796 5319 3542 5406 catalogo,l²'lorentinam
3586 5332 3696 5391 Ga·

2131 5417 2437 5500 tharinam
2468 5419 2548 5483 de
2581 5418 2844 5493 Ricciis,
2873 5418 3053 5486 nullo
3084 5421 3273 5512 medo
3320 5423 3566 5488 dubito.
3627 5428 3692 5491 ld
