4442 6300
697 4271 753 4333 A

1022 489 1131 544 880

841 631 1118 715 quicum
1149 630 1485 715 epileptico
1532 646 1911 719 paroxysmo
1957 635 2283 717 correptus
2330 629 2396 697 iu

2051 488 2259 543 ACTA
2296 486 2950 553 canonum-noma

2506 650 2593 699 ex
2617 634 2920 699 restibus
2948 631 3257 717 dat-taut
3272 630 3353 698 ds
3374 631 3618 713 audita
3640 632 3775 699 sive
3792 651 3881 702 ex
3893 647 4071 699 coae-

835 726 1262 792 domesticum
1290 727 1500 793 focum
1532 729 1754 813 prunis
1779 728 2148 797 ardentibus
2195 722 2398 792 refer·
2470 726 2724 801 ,vofum
2753 731 3136 813 Scriptorum
3168 729 3555 796 testimoniis
3580 728 3886 812 probatae
3911 729 4069 797 fuis·

834 828 967 886 tum
996 825 1364 898 corruisset,
1398 844 1608 908 eoque
1635 845 1786 891 casu
1813 825 2062 909 plenam
2095 823 2397 893 ferventis
2480 835 2684 901 sent,
2713 848 2905 910 quum
2930 836 3077 910 post
3104 827 3617 911 approbationem
3676 828 3895 897 cultus
3952 829 4066 892 im-

821 938 1033 1002 equae
1056 919 1250 985 ollam
1282 921 1724 994 subvertisset,
1751 921 2022 988 ustulata
2052 918 2241 994 facie,
2258 940 2395 985 cre·

829 1015 1021 1081 matis
1047 1015 1372 1099 palpebris
1391 1058 1413 1088 ,
1444 1023 1509 1079 “et
1534 1016 1857 1084 oculorum
1877 1010 2021 1081 'acie
2050 1013 2396 1080 labefacta-

833 1120 1217 1186 ta,'omnem
1244 1113 1502 1177 videndi
1554 1112 1911 1179 facultatem
1941 1112 2196 1196 penitus
2246 1111 2396 1176 ami-

830 1208 949 1282 sit,
979 1228 1096 1274 nec
1123 1229 1266 1274 eam
1298 1219 1565 1291 quatuor
1591 1212 1839 1276 circiter
1886 1209 2193 1277 mensium
2255 1230 2394 1292 spa·

821 1304 918 1369 tio
942 1347 964 1378 ,
993 1304 1284 1387 pluribus
1315 1306 1504 1371 etiam
1535 1308 1835 1372 remediis
1863 1306 2161 1372 adhibitis
2183 1346 2210 1383 .
2256 1305 2387 1371 ulla

825 1399 894 1463 in
916 1411 1095 1485 parte
1124 1404 1529 1486 recuperavit.
1573 1414 1806 1471 Verum
1864 1404 2035 1487 quod
2067 1422 2317 1486 *neque*
2351 1424 2392 1469 a

822 1507 1043 1561 natura
1066 1542 1087 1570 ,
1120 1519 1327 1582 neque
1356 1516 1392 1563 a
1452 1501 1838 1566 Medicorum
1900 1508 2035 1564 arte
2093 1500 2384 1564 obtinere

819 1594 949 1677 jam
980 1596 1250 1677 amplius
1278 1598 1573 1679 sperabat
1594 1641 1616 1672 ,
1648 1598 1711 1662 id
1743 1599 1804 1661 ei
1834 1599 1916 1661 all
1969 1598 2383 1679 omnipotenti

824 1699 957 1759 Deo
983 1693 1355 1758 mirabiliter
1382 1712 1752 1759 concessum
1812 1693 1939 1758 fuit
1977 1686 2106 1777 'per
2158 1695 2386 1759 merita

821 1795 894 1854 B.
922 1792 1087 1855 Petri
1111 1789 1388 1875 Regalsti
1417 1834 1438 1865 ,
1461 1792 1648 1875 euius
1673 1789 2002 1857 Cucullum
2029 1788 2227 1855 oeulis
2252 1790 2386 1855 suis

820 1885 1140 1951 admoveri
1167 1887 1456 1961 curavit3
1488 1886 1636 1950 dum
1692 1887 1772 1951 ad
1811 1886 2004 1951 illius
2061 1884 2386 1967 Reliquiae

821 1991 1217 2057 contactum,
1251 1982 1427 2049 illico
1476 1984 2008 2067 perfectissimum
2058 1982 2384 2048 oculorum

817 2094 1000 2145 usum
1027 2081 1266 2164 recepit
1286 2127 1308 2155 ,
1338 2101 1525 2163 quem
1553 2081 1635 2145 nd
1666 2088 1936 2147 mortem
1966 2099 2167 2163 usque
2215 2079 2386 2146 haud

819 2177 1224 2243 imminutum
1256 2177 1538 2243 retinuit.
2139 2178 2160 2195 '

946 2273 1229 2339 Alterum
1284 2276 1601 2340 recentius
1669 2272 2042 2340 miraculum
2117 2281 2385 2356 experta

817 2368 937 2435 fuit
963 2370 1220 2455 Birgitta
1249 2377 1475 2455 ortega
1503 2370 1570 2431 in
1599 2370 1917 2445 sanatione
1950 2370 2248 2439 horrendi
2286 2368 2381 2434 ul-

817 2468 1024 2541 ceris,
1054 2467 1222 2549 quod
1248 2466 1366 2549 ipsi
1396 2486 1476 2530 ex
1506 2466 1761 2548 praevio
1796 2474 2045 2529 tumore
2075 2474 2142 2529 et
2185 2466 2384 2531 inter-

818 2563 992 2628 clusa
1017 2564 1194 2631 sanie
1221 2564 1285 2626 in
1313 2563 1563 2626 sinistra
1601 2561 1964 2627 lumborum
2028 2562 2285 2645 regione
2316 2582 2383 2627 o-

819 2662 1072 2725 bortum
1096 2704 1119 2737 ,
1149 2679 1293 2725 cum
1348 2661 1808 2743 integumenta„
1838 2659 2047 2724 omnia
2067 2704 2093 2732 ,
2148 2656 2383 2741 quibus

817 2777 1008 2823 renes
1034 2759 1513 2822 continebantur
1537 2765 1656 2829 „et
1683 2756 1842 2819 duas
1872 2776 2124 2847 quoque
2173 2765 2384 2868 eosus

822 2855 1093 2939 maligna
1121 2853 1530 2937 corruptione
1558 2852 2378 2934 depascendo-obsumpsis·

821 2958 916 3016 set
939 2996 960 3024 ,
987 2960 1307 3017 contracto
1335 2951 1592 3014 demum
1624 2948 1824 3022 callo,
1856 2961 1925 3014 et
1952 2951 2384 3017 acerbissimis

819 3046 1150 3111 doloribus
1176 3064 1319 3111 cum
1346 3045 1510 3110 febri
1540 3045 1988 3111 accedentibus
2009 3091 2028 3121 ,
2047 3046 2183 3130 jam
2242 3066 2386 3129 pro·

817 3165 902 3230 pe
926 3151 1063 3208 erat
1085 3187 1106 3217 ,
1131 3153 1204 3206 ut
1233 3144 1429 3226 ipsam
1462 3141 1747 3208 Mulieris
1803 3142 1998 3207 vitam
2060 3142 2385 3225 praecide-

819 3252 934 3305 ret.
967 3246 1121 3306 cum
1152 3248 1364 3306 tamen
1395 3238 1502 3304 illa
1532 3239 1610 3303 ad
1635 3238 1817 3303 Beati
1847 3239 2247 3322 sepulchrum
2280 3238 2387 3304 ad·

818 3337 960 3403 duci
995 3358 1064 3402 se
1094 3337 1502 3420 postulasset,
1531 3335 1750 3417 ibique
1780 3336 1979 3419 ipsius
2007 3355 2194 3419 opem
2216 3336 2383 3424 apud

822 3441 1022 3502 Deum
1051 3455 1194 3501 cum
1223 3433 1520 3518 lacrymis
1544 3430 1969 3514 implorasset,
1996 3434 2118 3497 iter
2146 3432 2385 3517 ingres-

822 3550 892 3597 sa
919 3542 991 3597 ut
1018 3533 1271 3597 domum
1307 3531 1541 3594 rediret
1565 3572 1587 3603 ,
1618 3531 1816 3595 sensit
1846 3547 1915 3594 se
1968 3537 2230 3613 repente
2289 3548 2386 3598 sa,-

821 3637 1067 3703 natam,
1097 3635 1287 3711 atque
1314 3626 1553 3692 ulceris
1582 3625 1793 3692 locutu
1824 3625 2160 3707 inspiciens
2216 3624 2388 3690 inve·

811 3727 915 3792 nit
943 3725 1392 3809 amplissimam
1423 3720 1696 3785 fistulam
1729 3720 2043 3785 coaluisse
2064 3763 2086 3793 ,
2116 3730 2186 3785 et
2226 3720 2385 3788 oica·

819 3822 981 3886 trice
1005 3821 1255 3884 inducta
1278 3862 1300 3892 ‚
1337 3816 1546 3882 nullas
1602 3817 1757 3881 alias
1816 3813 2024 3881 morbi
2080 3815 2387 3908 reliquias

815 3917 956 4006 jam
979 3933 1311 3997 superesse
1333 3936 1358 3987 ς
1377 3911 1537 3993 quin
1571 3913 1766 3976 etiam
1795 3912 1993 3978 auctis
2015 3912 2137 3978 sibi
2167 3933 2387 3994 corpo-

820 4013 910 4077 ris
937 4010 1180 4076 viribus
1203 4051 1224 4083 ,
1251 4008 1490 4091 optima
1522 4007 1819 4091 deinceps
1848 4029 1961 4078 usa
1989 4015 2090 4078 est
2146 4007 2388 4075 valetu-

823 4109 971 4174 dine
991 4103 1028 4182 ,'
1045 4107 1196 4170 dum
1223 4105 1345 4171 rita
1368 4103 1513 4169 fuit.

947 4203 1057 4267 His
1086 4203 1302 4285 itaque
1328 4201 1576 4268 duobus
1622 4196 1942 4267 miraculis
1998 4200 2264 4285 cognitis
2318 4205 2386 4268 et

821 4297 1186 4386 approbatis
1205 4342 1227 4373 ,
1260 4297 1418 4364 illud
1449 4297 1872 4363 definiendum
1901 4307 2232 4382 supererat
2252 4342 2273 4372 ,
2302 4318 2383 4363 an

823 4417 929 4465 res
956 4419 1034 4464 eo
1064 4397 1328 4463 adducta
1355 4395 1719 4468 videretur,
1753 4401 1850 4458 ·ut
1895 4394 1972 4458 ad
2025 4394 2380 4490 solemnem

741 4503 757 4514 ‘
818 4496 994 4562 Beati
1021 4491 1562 4560 canonizationem
1617 4497 1754 4555 tuto
1809 4491 2065 4574 procedi
2126 4497 2382 4573 possets

819 4600 949 4670 Qua
976 4593 1041 4658 in
1072 4609 1140 4655 re
1167 4609 1359 4672 quum
1386 4586 1757 4671 jampridem
1809 4588 2172 4653 dubitatum
2232 4586 2385 4652 fuig-

820 4698 958 4765 set,
986 4709 1066 4753 an
1093 4688 1377 4751 obstaret
1391 4691 1742 4750 Decretum
1802 4705 1841 4749 a
1889 4686 2086 4751 Nobis
2142 4681 2380 4750 editu'm

819 4785 926 4850 die
952 4791 1169 4850 xxm.
1198 4780 1427 4864 Aprilis
1453 4781 1612 4843 Anni
1636 4781 1996 4846 Moccxu:
2017 4793 2192 4868 {quo
2214 4781 2385 4845 scili*

821 4891 922 4949 cet
952 4884 1117 4947 inter
1143 4879 1267 4944 alia
1298 4878 1666 4950 statuimus,
1697 4876 1765 4940 in
1794 4880 2016 4944 Causis
2043 4884 2377 4956 Servorum

825 4981 934 5047 Dei
969 4977 1274 5064 perviam
1333 4972 1550 5040 Cultus
1605 4963 2184 5048 immemorabilis,
2249 4974 2383 5040 sive

825 5076 1051 5143 indulti
1079 5072 1569 5158 procedentibus
1588 5114 1610 5145 ,
1640 5081 1706 5136 et
1737 5072 1800 5133 in
1830 5072 2062 5153 quibus
2121 5073 2383 5138 virtutes

930 5270 981 5324 A
1019 5272 1104 5323 De
1130 5279 1249 5322 tuto
1270 5284 1561 5338 progressu
1588 5266 1667 5318 ad
1696 5266 2211 5323 canonizationem.

929 5361 974 5410 B
1020 5356 1421 5411 consistorium
1441 5366 1729 5411 secutum.

2508 920 2943 989 memorabilis
2976 925 3057 988 ad
3110 923 3459 991 solemnem
3518 924 4067 997 Canonizationem

2503 1021 2799 1099 transitus
2823 1020 2963 1085 fieri
2978 1019 3184 1097 ,vellet
3200 1062 3227 1094 ,
3248 1040 3379 1084 non
3409 1020 3537 1086 duo
3559 1020 3790 1098 solum,
3818 1029 3890 1088 ut
3908 1021 4066 1095 olim

2506 1117 2906 1191 obtinuerat,
2935 1118 3047 1201 sed
3074 1125 3352 1200 quatuor
3380 1114 3446 1179 in
3497 1126 3821 1200 posterum
3878 1118 4070 1186 mira·

2504 1213 2643 1279 cula
2673 1210 2791 1277 rite
2818 1214 3072 1295 proban
3101 1214 3382 1278 debere:
3412 1213 3801 1297 Hujusmodi-
3818 1213 4066 1302 dubita·

2507 1309 2598 1375 tio
2624 1331 2662 1379 a
2688 1310 3157 1379 Nobissublata
3187 1309 3391 1385 fuerat
3436 1331 3552 1393 per
3605 1311 3778 1376 aliud
3836 1318 4064 1378 Decre-

2501 1411 2632 1468 tum
2664 1396 2768 1471 die
2798 1402 3075 1471 secunda
3094 1406 3353 1489 Augusti
3378 1406 3672 1489 eiusdem
3719 1407 3864 1470 anni
3919 1427 4061 1489 pro-

2498 1501 2693 1565 latum
2717 1547 2738 1576 ,
2765 1523 2888 1585 quo
2914 1497 3374 1575 declaravimus
3392 1544 3418 1585 9
3447 1504 3607 1567 banc
3658 1508 3920 1569 causam
3977 1504 4059 1569 ab

2499 1619 2573 1664 ea
2604 1598 2744 1682 lege
2776 1608 3102 1681 exceptam
3136 1619 3279 1663 esse
3308 1608 3371 1664 et
3400 1600 3903 1683 censeridqbere
3915 1602 4059 1676 soh

2498 1714 2639 1759 eam
2666 1695 2960 1757 nimirum
3013 1694 3430 1776 justissimam
3484 1697 3832 1770 rationem,
3891 1697 4061 1778 quod

2499 1810 2689 1871 quum
2717 1789 2848 1873 jam
2878 1808 3079 1873 usque
3108 1810 3143 1867 a
3169 1792 3560 1873 temporibus
3591 1793 3820 1859 Urbani
3853 1796 4056 1877 Papae

2494 1893 2677 1960 vill„
2703 1892 2773 1951 ut
2801 1880 2991 1970 supra
3018 1885 3300 1963 diximus
3317 1907 3437 1951 una
3459 1908 3601 1951 eum
3624 1888 3898 1953 heroicis
3918 1891 4060 1954 bea-

2496 1983 2545 2044 ti
2579 1983 2745 2049 Petri
2766 1983 3142 2056 virtutibus,
3172 1993 3444 2064 quatuor
3500 1980 3699 2085 sium}
3746 1987 4056 2055 miracula

2496 2082 2834 2162 approbata
2862 2079 3133 2153 fuerint,
3156 2079 3301 2164 jure
3329 2080 3452 2144 dici
3508 2087 3752 2164 poterat
3810 2082 4059 2165 praedi·

2494 2183 2598 2241 cto
2626 2176 2905 2261 generali
2937 2184 3207 2243 Decreto
3238 2187 3454 2242 nostro
3480 2181 3926 2255 anloeedenter
3952 2202 4056 2264 pa·

2496 2274 2681 2336 ritum
2709 2273 2907 2339 fuisse
2927 2317 2949 2348 ,
2984 2273 3373 2358 proindeque
3404 2275 3484 2338 ad
3511 2276 3707 2363 ipsius
3737 2277 3917 2345 Beati
3951 2282 4060 2344 ca-

2496 2369 2956 2435 nonizationem
2990 2389 3115 2434 non
3142 2376 3412 2451 quatuor
3431 2412 3453 2443 ,
3484 2371 3599 2439 sed
3624 2368 3751 2441 ho
3809 2382 4055 2451 tantum

2499 2465 2798 2551 miracala
2824 2462 3228 2549 appi-obanda
3258 2486 3611 2547 superesse.
3642 2475 3861 2551 ltaque
3882 2489 4060 2550 prae·

2494 2563 2660 2629 dicta
2690 2562 3405 2649 quaestioneproposita
3434 2563 3499 2625 in
3562 2566 4060 2650 congregatione

2496 2659 2773 2743 generali
2802 2666 3127 2729 saci-mm
3158 2657 3402 2723 Rituum
3430 2679 3638 2725 coram
3698 2663 3895 2726 Nobis
3951 2662 4058 2729 ha·

2497 2756 2627 2820 bita
2656 2756 2759 2818 die
2788 2763 2973 2821 xxn.
3004 2755 3393 2836 Septembris
3425 2758 3584 2819 Anni
3614 2763 4005 2827 111)chle
4007 2784 4050 2834 .,·

2497 2854 2804 2917 unanimis
2834 2852 3113 2921 ontuium'
3145 2872 3368 2916 sensus
3400 2850 3565 2926 fuit,
3587 2863 3659 2918 ut
3684 2854 3763 2918 ad
3821 2855 4053 2921 solem·

2500 2971 2643 3017 nem
2677 2950 2842 3021 beati
2872 2950 3039 3013 Petri
3070 2948 3613 3013 canonizationem
3644 2952 3908 3016 servatis
3927 2968 4059 3016 ser-

2493 3048 2711 3110 vandis
2739 3046 3557 3128 qixandooumqueprocedi
3597 3053 3851 3129 poissetg
3906 3054 4059 3114 Nos·

2498 3163 2621 3221 que
2641 3143 2758 3227 ipsi
2782 3142 3013 3208 deinde
3042 3141 3321 3208 solemne
3339 3150 3672 3210 Decretum
3692 3145 3767 3208 in
3788 3146 4057 3211 eandem

2492 3240 2874 3306 sententiam
2905 3239 3219 3307 'edidimus
3244 3239 3348 3326 ὥς
3389 3247 3490 3306 vl.
3550 3244 3839 3309 Octobris
3892 3243 4058 3328 ejus-

2497 3337 2639 3403 dem
2673 3337 2853 3402 Anni.
3660 3377 3669 3388 ·

2624 3437 2905 3517 Cumque
2931 3431 3283 3508 charissimi
3309 3431 3645 3502 inchristo
3675 3436 3812 3502 Filii
3858 3436 4058 3503 nostri

2498 3523 2817 3613 Philippus
2846 3538 2946 3602 V.,
2974 3538 3047 3594 et
3070 3529 3430 3594 Elisabetha
3461 3532 3605 3617 ejus
3631 3534 3875 3617 Coniux
3894 3581 3903 3586 -
3921 3534 4057 3600 nis-

2496 3626 2819 3708 psniarum
2849 3633 3053 3709 Reges
3068 3624 3401 3700 catholici,
3432 3648 3571 3698 cum
3602 3629 3865 3712 reliquis
3891 3630 4059 3712 ipso-

2499 3743 2639 3794 rum
2693 3722 2915 3807 Regiae
2972 3722 3271 3787 Familiae
3326 3724 3752 3807 Principibus,
3812 3725 4058 3791 oblatas

2491 3820 2621 3904 jam
2654 3821 2895 3904 pridem
2926 3840 2961 3884 a
2989 3817 3586 3886 Praedecessoribus
3616 3823 3750 3902 suis
3796 3829 4057 3904 Aposto-

2496 3916 2656 3981 licae
2686 3917 2828 3981 Sodi
2858 3936 3079 3997 preces
3108 3922 3173 3979 et
3200 3916 3650 3998 postulationes
3702 3935 3818 4001 pro
3876 3918 4058 4002 hujus

2499 4009 2668 4078 beati
2695 4013 2830 4077 Viri
2860 4013 3340 4077 canonizatione
3358 4015 3560 4086 ‚omni
3622 4014 3833 4079 studio
3889 4012 4061 4079 fove-

2494 4117 2674 4183 rent,
2708 4110 3212 4190 accederentque
3244 4109 3308 4170 in
3339 4129 3483 4180 eum
3529 4108 3719 4174 finem
3775 4109 4059 4193 complu-

2495 4206 2653 4269 rium
2684 4212 2839 4270 Ven.
2871 4212 3149 4269 Fratrum
3180 4204 3519 4288 Hispaniae
3550 4207 3936 4283 Antistitum,
3966 4215 4059 4274 to·

2498 4302 2750 4384 tiusque
2783 4300 3241 4383 religiosissimi
3276 4302 3527 4367 Ordinis
3558 4310 3838 4370 Fratrum
3865 4306 4062 4371 nino·

2496 4415 2633 4462 rum
2666 4401 2739 4462 S:
2758 4396 3060 4462 Francisci
3089 4405 3230 4461 vota
3258 4406 3330 4468 st
3360 4400 3876 4478 obsecrationess
3931 4406 4061 4468 Nos

2494 4503 2562 4558 nt
2591 4496 2657 4558 in
2678 4495 2798 4559 boc
2828 4494 3194 4579 gravissimo
3222 4496 3475 4579 negotio
3518 4496 3696 4580 juxta
3755 4495 4063 4581 praescri-

2492 4598 2656 4672 ptam
2678 4597 3115 4672 servatumque
3142 4611 3178 4655 a
3202 4589 3804 4658 praedecessoribus
3825 4592 4059 4662 nostris

2492 4688 2712 4772 agendi
2746 4706 3029 4754 normam
3062 4675 3589 4769 procederemus,
3618 4688 3890 4756 universi
3931 4689 4067 4771 pri*

2496 4791 2665 4848 miim
2700 4782 2964 4866 collegii
2991 4790 3141 4847 ven.
3162 4771 3456 4848 ssratrum
3486 4791 3843 4850 nostrorum
3872 4792 3932 4850 S.
3985 4794 4051 4851 B.
4092 4786 4142 4854 B

2498 4886 2565 4944 E.
2595 4877 3103 4960 cardinaliuffin
3131 4879 3527 4970 Consistoriq
3560 4888 3814 4946 secreto
3869 4889 3972 4946 Vl.
4003 4889 4061 4947 1·

2495 4976 2877 5061 dus'Aprilis
2904 4996 3117 5054 coram
3148 4976 3343 5040 Nobis
3369 4984 3887 5060 congregatorum
3919 4998 4060 5043 sen-

2498 5075 2759 5140 tentiam
2790 5080 2980 5160 atque
3007 5071 3339 5139 consilium
3379 5067 3851 5158 exquisivimus.
3909 5074 4060 5151 Qui·
