4442 6300
1548 536 1897 620 omnent
1964 548 2431 605 sanc-ronnas
2501 550 2668 602 ιϊο.
3447 546 3536 598 -ιι

465 696 799 778 diripiente
830 717 905 763 ac
935 695 1350 779 depopulante
1375 739 1396 770 ,
1427 694 1903 777 conciliatisque
1947 695 2047 758 in-

463 794 666 859 vicem
720 793 1160 857 dissidentium
1212 799 1703 875 Imperatorum,
1747 800 2033 876 Regum,

464 891 1079 972 Rerumpublicarum
1106 938 1126 966 ,
1158 912 1228 955 ac
1261 891 1610 973 Principum
1640 890 1903 960 animis,
1930 909 2036 952 ex·

462 996 743 1070 optatum
777 978 876 1052 d'iu
905 990 1100 1053 otium
1136 990 1535 1064 reflorescat‚·
1551 989 1613 1051 in
1636 1009 1761 1070 quo
1785 987 2037 1070 pietatis

364 1076 369 1079 ’
404 1076 417 1083 ’
459 1094 526 1150 et
552 1087 911 1170 religionis,
942 1087 1243 1150 virtutum
1275 1086 1548 1169 denique
1580 1086 1854 1150 omnium
1908 1093 2037 1149 stu·

463 1183 561 1247 dia
584 1228 605 1257 ,
628 1204 831 1249 vacuo
861 1204 895 1247 a
927 1185 1081 1249 belli
1114 1185 1454 1249 timoribus
1483 1184 1695 1248 animo
1716 1227 1738 1257 ,
1770 1184 2034 1267 quisque

461 1282 815 1347 consecrari
839 1285 1042 1363 possit
1072 1283 1317 1348 ac‘velit
1336 1329 1355 1349 .,
1383 1282 1525 1344 Dixi
1553 1328 1567 1342 .
1612 1313 1634 1337 .

471 1372 481 1385 ‘
587 1380 888 1444 Absoluta
920 1382 1216 1446 Oratione
1247 1380 1512 1447 secessit
1560 1380 1707 1443 inde
1758 1378 2036 1461 aliquan-

462 1475 663 1540 tulum
695 1479 1043 1544 Advocatus
1062 1479 1520 1543 *Montecatinus
1543 1521 1562 1550 ,
1608 1498 1687 1542 ne
1732 1476 1808 1540 de
1842 1484 2035 1541 Beato

463 1577 727 1639 Camillo
754 1577 1064 1640 dicturum
1106 1578 1486 1641 Advocatum
1536 1576 1771 1640 Iulium
1819 1581 2036 1639 Caesa·

460 1691 593 1734 rem
625 1680 967 1757 Fagnanum
998 1675 1545 1757 impediret.j1'um
1576 1674 1698 1737 iste
1731 1694 1767 1736 a
1816 1677 2035 1735 Caere·

462 1771 775 1836 moniario
805 1772 1166 1838 admonitus
1196 1772 1294 1836 bis
1336 1771 1575 1836 verbisz
1609 1777 1788 1837 Dicat
1833 1777 2027 1842 alter,-

464 1868 550 1935 ita
576 1871 754 1935 effari
784 1870 997 1955 coepit.

597 2093 619 2117 ·
656 2068 826 2137 Quae
859 2063 1020 2129 duae
1049 2085 1189 2136 res,
1226 2069 1687 2128 REATtssmE
1730 2068 1983 2127 PATER
2009 2105 2029 2135 ,

463 2160 743 2225 Oratoris
771 2160 1107 2243 cujuslibet
1155 2160 1426 2223 animum
1474 2179 1877 2225 commovere
1928 2179 2030 2221 ve·

462 2256 938 2322 hamentissime
988 2268 1289 2340 possunt,
1342 2263 1577 2322 Causae
1623 2256 1901 2326 scilicet,
1945 2255 2027 2318 de

465 2375 583 2435 qua
614 2356 819 2438 agitur
840 2399 859 2424 ,
890 2355 1091 2439 gravis
1121 2356 1399 2420 conditio
1419 2400 1439 2428 ,
1472 2364 1538 2419 et
1580 2375 1800 2417 eorum
1820 2396 1840 2425 ,
1883 2373 2029 2417 cum

464 2454 694 2533 quibus
743 2454 947 2534 agitur
991 2454 1303 2537 dignitas,
1354 2462 1420 2516 et
1476 2451 1864 2535 amplitudo,
1918 2466 2032 2514 eae

463 2553 686 2614 ambae
715 2570 839 2613 non
868 2550 1070 2614 solum
1104 2552 1276 2615 nulle
1300 2572 1400 2614 me
1423 2550 1608 2613 modo
1633 2544 2029 2631 perturbant,

458 2648 591 2711 imo
619 2670 770 2712 vero
803 2648 1234 2714 incredibilem
1286 2648 1363 2713 ad
1420 2648 1747 2713 dicendum
1793 2646 2031 2710 addunt

461 2745 871 2809 alacritatem.
920 2748 1059 2810 Sive
1108 2748 1272 2810 enim
1318 2746 1749 2829 justissimae,
1797 2745 2026 2825 imqua

457 2861 619 2906 nuuc
673 2862 928 2914 versor,
987 2851 1223 2908 Causae
1273 2845 1697 2927 conditionem
1745 2842 2029 2915 intuear,

460 2941 767 3022 agendum
801 2942 946 3004 mibi
980 2943 1161 3006 video
1193 2941 1273 3006 de
1307 2943 1490 3005 beato
1513 2939 1777 3003 Camillo
1799 2941 1876 3003 de
1897 2936 2030 3002 Lel-

460 3037 725 3103 lisinter
753 3040 1012 3105 Coelites
1040 3038 1373 3104 referendo
1395 3083 1415 3111 ,
1447 3039 1622 3122 cujus
1655 3045 1881 3119 quanta
1898 3036 2030 3100 sint

463 3138 687 3203 merita
713 3138 779 3200 in
811 3139 1157 3222 grandibus
1183 3137 1311 3202 illis
1344 3138 1467 3204 tuis
1497 3137 1791 3200 omnibus
1823 3135 2030 3199 erudi-

460 3236 683 3308 tionis,
713 3237 1041 3317 omnisque
1070 3238 1391 3301 doctrinae
1427 3235 1809 3317 plenissimis
1843 3233 2029 3296 Volu-

459 3335 729 3397 minibus
748 3341 839 3397 Tu
860 3334 1017 3416 ipsc,
1049 3335 1505 3398 BEATISSlME
1540 3340 1815 3402 PATER,
1838 3333 2028 3394 abun·

459 3432 824 3496 <lautissime
856 3431 1229 3496 declarasti.
1263 3433 1403 3495 Sive
1452 3431 1664 3501 illius,
1717 3449 1859 3492 cum
1905 3449 2029 3510 quo

458 3530 609 3593 baec
637 3534 840 3612 agsstm·
868 3537 1094 3600 Causa,
1128 3530 1426 3612 optimam
1462 3527 1847 3592 voluntatem
1881 3547 2023 3589 con·

459 3628 853 3691 siderandam
886 3627 1034 3688 mibi
1084 3647 1421 3708 proponam
1445 3673 1464 3699 ,
1495 3627 1656 3707 apud
1684 3634 1768 3688 Te
1796 3668 1816 3697 ‚
1851 3631 2028 3687 BEA-

457 3731 758 3790 TlSSlME
782 3732 1056 3796 PATER,
1083 3747 1212 3788 rem
1251 3726 1395 3785 mibi
1423 3746 1567 3787 esse
1599 3724 1876 3793 intueor,
1896 3722 2025 3804 qui,

455 3845 593 3888 cum
628 3826 911 3887 eamdem
945 3823 1151 3888 nescio
1203 3841 1329 3906 quo
1376 3820 1505 3885 fato
1551 3822 2026 3885 intermortuam

456 3922 535 3982 ab
565 3941 643 3983 eo
672 3941 870 4000 usque
898 3929 1221 4000 tempore,
1255 3940 1379 4001 quo
1436 3925 1603 3982 tauta
1647 3938 1788 3983 cum
1841 3918 2024 3980 laude

457 4018 625 4081 Fidei
660 4017 1039 4081 Promotoris
1070 4037 1329 4081 munere
1365 4015 1742 4104 fungebaris,
1773 4023 2024 4080 strenue

452 4116 533 4179 ab
569 4116 824 4179 interitu
869 4115 1284 4180 vindicaveris
1308 4160 1327 4185 ,
1359 4115 1641 4198 ejusdem
1672 4114 1795 4178 dici
1842 4114 2025 4178 meri-

2151 714 2622 767 memoravero,
2658 714 2835 758 meae
2868 692 3124 777 quidem
3156 691 3487 765 tenuitati,
3522 688 3746 753 multo.

2147 794 2353 857 autem
2384 793 2579 877 magis
2608 812 2816 856 rerum
2850 793 2930 855 ab
2964 813 3040 854 eo
3070 799 3388 876 gestarum
3422 786 3728 872 magnitu-

2147 890 2282 953 dini
2308 897 2485 972 putes
2516 888 3116 954 essetribuendum.
3157 919 3179 943 ·

2283 1016 2304 1043 υ
2357 994 2559 1069 Atque
2590 987 2685 1050 bic
2712 986 3027 1067 imprimis
3060 1006 3180 1050 non
3209 984 3534 1048 inficiabor
3563 981 3724 1046 illud

2124 1085 2333 1168 ‚plane
2365 1086 2567 1168 ipsum
2600 1084 2936 1181 contigisse
2990 1083 3251 1148 Camillo
3275 1126 3295 1154 ,
3345 1082 3518 1163 quod
3559 1081 3728 1144 Prin·

2148 1184 2274 1264 cipi
2305 1184 2700 1248 Plauetarum
2754 1183 2881 1247 Soli
2927 1183 3264 1265 aliquando
3306 1180 3724 1264 conspicimus

2149 1282 2439 1346 evenire.
2487 1281 2681 1346 Sicuti
2730 1283 2901 1344 enim
2957 1280 3333 1364 quandoque
3382 1279 3732 1363 contingit,

2146 1388 2258 1451 ut,
2289 1381 2437 1442 dum
2470 1399 2654 1460 supra
2683 1380 3086 1444 Horizontem
3122 1375 3479 1450 attollitur,
3509 1377 3730 1443 etat·-

2143 1477 2331 1561 jectis
2375 1476 2652 1557 undique
2685 1477 2964 1540 tenebris
2994 1485 3307 1539 terrarum
3343 1475 3577 1539 Orbem
3609 1472 3733 1539 cla·

2146 1575 2394 1638 rissima
2426 1572 2565 1637 luce
2596 1572 2940 1652 perfundit,
2973 1573 3151 1637 brevi
3171 1593 3432 1636 emenso
3456 1571 3729 1635 aetheris

2147 1674 2352 1752 spatio
2384 1671 2571 1736 talem
2605 1671 2879 1752 patiatur
2905 1671 3190 1753 eclipsim
3216 1714 3236 1742 ,
3267 1677 3338 1732 ut
3377 1669 3474 1733 vel
3533 1669 3733 1734 extin-

2140 1781 2316 1839 ctus,
2349 1770 2446 1834 vel
2484 1770 2952 1853 extinguendus
2981 1789 3125 1832 esse
3163 1767 3612 1848 propemodum
3641 1766 3732 1829 vi·

2145 1871 2407 1933 deatur:
2461 1875 2550 1931 lta
2610 1867 2911 1931 Camillus
2952 1887 3094 1931 cum
3162 1864 3470 1930 Buclanici
3533 1865 3735 1948 Regni

2147 1967 2538 2049 Neapolitani
2577 1966 2723 2031 loco
2769 1966 3217 2030 honestissimo
3276 1971 3455 2028 natus
3516 1968 3735 2033 esset,
3803 1986 3808 1991 -

2142 2067 2471 2147 probeque
2500 2064 2866 2128 Parentibus
2895 2063 3196 2127 educ-atus
3249 2061 3526 2144 optimae
3551 2061 3728 2132 indo·

2142 2160 2223 2226 lis
2260 2159 2632 2243 futuraeque
2665 2161 3023 2225 sanctitatis
3066 2167 3437 2243 argumenta
3471 2157 3734 2241 plurimu

2145 2258 2577 2339 praebuissem
2609 2259 2784 2322 brevi
2817 2269 3028 2324 tamen
3060 2257 3146 2320 ita
3179 2266 3241 2322 et
3268 2262 3406 2338 lpse
3438 2254 3720 2321 deficere

2138 2356 2308 2420 visus
2336 2364 2457 2428 est,
2490 2368 2556 2419 ut
2587 2364 2650 2420 et
2680 2357 2895 2420 inanes
2923 2377 3066 2437 spes
3098 2376 3243 2419 suas
3266 2360 3558 2418 Parentes
3595 2374 3728 2418 me-

2143 2454 2263 2518 rito
2294 2453 2710 2535 deplorarent,
2743 2463 2808 2519 et
2837 2462 2903 2516 ut
2932 2461 3269 2535 perpetuae
3311 2452 3376 2513 in
3407 2472 3487 2515 eo
3517 2449 3726 2515 forent

2139 2554 2444 2617 tenebrae
2466 2596 2486 2624 ,
2519 2553 3064 2634 pertimescerent.
3098 2551 3259 2625 Quid
3292 2551 3386 2612 bic
3423 2571 3568 2613 eum
3601 2569 3732 2612 me·

2141 2669 2378 2713 morem
2410 2670 2445 2712 a
2477 2669 2623 2712 vera
2654 2649 2902 2711 virtutis
2950 2647 3133 2712 laude
3186 2655 3540 2719 remotum,
3595 2646 3728 2710 otio

2140 2745 2321 2809 unice
2350 2746 2817 2810 delectantem?
2835 2746 2993 2819 Quid
3030 2743 3516 2807 adolescentiam
3537 2752 3605 2807 et
3628 2744 3728 2830 ju-

2140 2844 2411 2909 ventutis
2443 2846 2774 2908 maximam
2805 2853 3042 2924 partem
3087 2844 3247 2906 ate³s
3295 2839 3724 2921 perditissime

2141 2943 2601 3007 traducentem?
2620 2943 2781 3016 Quid
2813 2941 3204 3025 profligatum
3227 2938 3728 3021 quamcitissime

2142 3040 2581 3120 patrimonium
2615 3039 3102 3120 universamque
3143 3037 3555 3100 domesticam
3598 3052 3733 3103 retu

2140 3138 2293 3203 ludo
2338 3140 2833 3220 consumptam?
2876 3137 3040 3212 Quid
3075 3134 3399 3199 vilissimis
3447 3133 3727 3200 ministe-

2139 3237 2256 3300 riis
2279 3281 2298 3308 ,
2327 3246 2390 3301 et
2422 3257 2456 3300 a
2490 3256 2745 3300 suorum
2794 3235 3093 3299 natalium
3123 3232 3483 3297 conditione
3519 3252 3720 3295 remo·

2141 3335 2222 3398 tis
2253 3334 2479 3399 victum
2514 3333 2634 3398 sibi
2664 3352 3033 3414 comparare
3063 3332 3388 3394 coactum?
3414 3329 3724 3403 Quemad-

2143 3435 2399 3496 modum
2445 3453 2598 3495 vero
2642 3430 2743 3495 Sol
2794 3440 2938 3511 post
2994 3431 3248 3492 brevem
3297 3426 3480 3490 illam
3523 3428 3719 3492 veluti

2139 3549 2410 3613 pugnam
2434 3538 2623 3612 atque
2653 3531 3007 3593 conflictum
3041 3548 3122 3589 eo
3159 3524 3381 3608 majori
3402 3524 3554 3588 luce
3584 3547 3720 3605 per·

2141 3627 2352 3692 fusum
2382 3650 2450 3692 se
2482 3648 2550 3691 se
2584 3627 2768 3690 nobis
2797 3624 3108 3694 ostendit,
3138 3645 3264 3705 quo
3314 3623 3722 3689 densioribus

2138 3725 2423 3788 tenebris
2455 3724 2642 3806 paulo
2672 3731 2818 3785 aute
2852 3722 3052 3784 fuerat
3087 3720 3441 3783 involutus:
3491 3726 3582 3782 lta
3625 3726 3719 3783 et·

2136 3822 2256 3885 iam
2288 3822 2583 3904 Camillus
2600 3820 2895 3885 vitiorum
2921 3818 3201 3882 tenebris
3224 3816 3507 3880 excussis
3528 3825 3721 3899 atque
3823 3841 3830 3852 ·

2138 3919 2474 3983 eliminatis
2500 3962 2520 3990 ,
2571 3916 2895 3999 repentina
2931 3917 3201 3998 quadum
3239 3936 3274 3978 a
3307 3935 3468 3994 pene
3522 3914 3721 3977 incre-

2140 4017 2318 4080 dibili
2349 4017 2705 4081 sanctitatis
2737 4015 2874 4079 luce
2912 4011 3203 4078 refulsit.
3257 4018 3307 4076 Ο
3360 4011 3722 4078 fortunatis·

2138 4116 2357 4179 simam
2388 4113 2561 4178 illam
2590 4113 2782 4182 diem,
2802 4131 2925 4193 qua
2948 4112 3216 4176 alterum
3240 4109 3433 4173 veluti
3459 4110 3714 4175 Saulum

455 4222 520 4278 to
551 4221 731 4296 potes
762 4223 826 4276 et
858 4220 1155 4278 Patronus
1183 4223 1244 4277 et
1278 4221 1489 4277 Pater.
1526 4219 1599 4275 Et
1631 4232 1848 4276 revera
1877 4233 2021 4275 cum
2134 4213 2473 4294 spirantem
2503 4211 2700 4275 adbuc
2732 4210 3040 4271 minarum
3072 4217 3137 4273 et
3157 4207 3402 4281 caedis,
3423 4207 3713 4271 vitiorum

457 4311 800 4376 immensos
830 4333 940 4375 eos
971 4332 1089 4393 ego
1118 4313 1418 4389 recordor
1451 4311 1899 4393 improbusque
1933 4310 2020 4374 la·

458 4410 691 4481 bores,
723 4429 883 4490 quos
913 4408 1429 4489 pro‘stabilienda
1477 4414 1543 4470 B.
1597 4407 1836 4470 Camilli
1882 4407 2014 4489 glo·

457 4506 543 4569 ria
573 4513 721 4570 tunc
749 4506 1101 4569 sustinuisti
1134 4505 1472 4569 Clementis
1517 4512 1618 4568 xl.
1653 4512 1713 4569 P.
1760 4511 1839 4570 Μ.
1888 4504 2020 4587 jus-

453 4623 522 4664 su
544 4645 565 4674 ,
598 4604 915 4667 neminem
950 4611 1198 4685 praeter
1224 4610 1312 4666 Te
1345 4610 1554 4666 tantae
1586 4621 1798 4686 parem
1843 4623 2022 4684 supe·

451 4701 675 4764 randae
699 4699 1040 4764 difficultati
1064 4701 1461 4782 apertissime
1481 4698 1854 4763 confitentisz
1866 4703 2018 4762 Cum

451 4798 587 4861 dies
616 4808 710 4862 tot
744 4809 1085 4880 noctesque
1131 4797 1456 4861 considero
1502 4797 1569 4857 in
1622 4795 1973 4860 volutandis
1999 4840 2018 4869 ,

449 4893 728 4977 legendis
750 4938 767 4964 ,
799 4895 1183 4974 dirigendis,
1218 4892 1502 4957 notandis
1535 4893 1858 4956 immensis
1893 4893 2019 4957 illis

2126 4309 2377 4374 scilicet
2409 4327 2667 4371 suorum
2698 4305 2985 4370 semitam
3018 4306 3312 4386 prosequi
3342 4313 3488 4368 tunc
3523 4306 3720 4368 maxi·

2135 4429 2235 4470 me
2266 4406 2618 4487 cupientem
2653 4404 2900 4485 inopina
2932 4401 3355 4470 circumfulsit
3396 4402 3475 4464 de
3523 4402 3712 4466 Caelo

2132 4505 2242 4566 lux
2264 4547 2281 4573 ‚
2315 4509 2502 4584 atque
2537 4503 2703 4565 bumi
2738 4501 2799 4563 in
2829 4500 2930 4564 via
2962 4510 3341 4579 prostratum
3365 4542 3385 4568 ,
3431 4519 3537 4561 vas
3586 4498 3718 4564 irae
3769 4515 3772 4516 ’

2133 4602 2194 4662 in
2227 4623 2334 4664 vas
2368 4599 2703 4665 electionis
2736 4598 3037 4662 Dominus
3069 4597 3467 4660 immutavit!
3505 4596 3712 4677 Expli-

2132 4719 2276 4765 care
2306 4699 2445 4781 quis
2473 4698 2626 4762 satis
2655 4698 2892 4780 possit,
2927 4696 3157 4778 quibus
3191 4703 3335 4758 tuuc
3371 4693 3481 4756 ille
3516 4693 3710 4774 gemi-

2135 4800 2306 4862 tibus
2327 4797 2660 4881 praeterita
2677 4804 2877 4859 errata
2902 4795 3089 4858 fuerit
3108 4795 3490 4857 detestatus?
3512 4798 3705 4865 Quam

2134 4895 2694 4961 inconsolabilihas
2725 4893 3024 4979 lacrymis
3052 4914 3086 4955 a
3113 4891 3374 4954 Donniuo
3396 4891 3709 4972 flagitave-

452 5012 850 5072 processuum
914 4991 1338 5055 voluminibus
1385 4991 1750 5074 evigilatus,
1795 4992 1901 5073 qui
1956 4993 2016 5055 id
2132 4996 2212 5058 rit
2240 5039 2260 5067 ,
2294 5016 2369 5056 tie
2400 4991 2777 5076 ignorantias
2799 4989 3144 5075 juventutis
3169 5011 3318 5052 suae
3351 4988 3707 5052 recordare-

449 5091 695 5152 taudem
728 5088 863 5152 fieri
900 5089 1136 5172 possit,
1167 5099 1273 5159 ut,
1308 5097 1413 5151 aut
1441 5089 1580 5153 huic
1612 5094 1848 5153 Causae
1902 5088 2019 5151 dif-

448 5186 633 5247 fidam
658 5231 679 5256 ,
712 5195 818 5250 aut
851 5187 1051 5268 ipsam
1084 5186 1293 5250 animo
1322 5186 1527 5250 minus
1571 5186 1757 5249 alacri
1803 5207 2017 5270 aggre-

452 5284 633 5345 diar?
658 5283 838 5357 Quod
867 5303 1005 5346 cum
1037 5282 1198 5346 facio
1231 5286 1397 5346 tanta
1433 5304 1541 5364 spe
1573 5281 1795 5356 fretus,
1827 5304 2015 5365 quae·

2126 5095 2273 5154 tur?
2301 5091 2538 5164 Quibus
2574 5089 2904 5170 precibus,
2935 5088 3144 5150 statim
3178 5109 3248 5149 ac
3298 5086 3554 5148 domum
3593 5097 3703 5149 ‘re-

2130 5209 2349 5253 versus
2379 5195 2516 5259 est,
2549 5193 2762 5254 Patres
2805 5186 3188 5266 Capuccinos
3216 5182 3662 5267 defatigaverit
3685 5227 3703 5254 ,

2133 5291 2199 5349 ut
2230 5306 2298 5349 se
2327 5285 2388 5346 in
2421 5303 2644 5346 eorum
2698 5283 3094 5347 sodalitatem
3147 5283 3595 5351 admitterent,
3644 5282 3707 5344 in

448 5401 516 5443 so
537 5424 557 5452 ,
589 5383 1036 5462 obtestorque,
1066 5383 1526 5444 BssA‘rtssmE
1550 5385 1831 5452 PATER,
1865 5391 1931 5443 ut
1961 5381 2012 5444 si
2131 5404 2252 5464 qua
2282 5381 2631 5464 asperrimo
2664 5381 2775 5443 illo
2805 5379 3046 5443 vivendi
3099 5400 3329 5460 genere
3380 5387 3706 5448 anteactae

445 5477 687 5542 Camilli
720 5485 897 5561 gesta
930 5498 1039 5562 pro
1073 5478 1214 5561 ejus
1237 5477 1543 5562 dignitate
1570 5479 1826 5541 minimo
1850 5500 2012 5542 com·
2072 5545 2079 5550 ,

2134 5482 2293 5544 vitae
2327 5479 2642 5543 licentiam
2678 5479 3134 5543 ulcisceretur?
3175 5485 3224 5542 0
3256 5496 3461 5540 veram
3508 5481 3705 5540 muta·

3627 5609 3652 5640 l
