4442 6300
906 498 940 546 8
1881 491 2087 545 ACTA
2129 486 2791 543 cauoNtzA‘rloNts

702 642 871 707 tibus
901 641 1293 719 temperent
1312 679 1332 707 ‚
1365 644 1433 700 et
1462 645 1785 717 postremo
1812 635 2143 716 uicns'per
2182 640 2278 697 to·
2406 633 2714 713 postotice
2743 633 3148 696 processibu-
3167 632 3250 695 de
3277 631 3619 706 Min-scolis,
3643 640 3803 714 qnae
3823 637 3966 713 post

716 749 847 800 turn
882 740 1164 818 Corpus,
1197 743 1261 798 et
1290 735 1581 816 ingentes
1612 745 1861 798 crustas
1916 733 2090 797 sanie
2150 750 2282 795 ma·

711 841 956 904 nantes,
987 843 1053 897 et
1085 832 1527 913 nupt-ameum
1558 829 1998 915 graveolentes
2028 829 2283 892 induce·

710 939 871 995 rent.
904 930 1183 994 Tandem
1214 934 1433 992 Mense
1464 927 1617 992 luiii
1667 947 1829 992 anno
1895 930 2080 991 1743.
2140 943 2280 988 cnm

714 1027 998 1092 biellam
1025 1026 1223 1090 febris
1251 1034 1432 1092 acuta
1461 1025 1898 1109 corripuisset,
1927 1032 1993 1086 et
2037 1023 2280 1086 nullum

714 1147 750 1188 a
782 1124 1125 1189 medicinis
1145 1121 1437 1186 levamen
1475 1122 1832 1204 acciperet,
1890 1138 2142 1183 omnem
2198 1119 2278 1182 de
2317 1130 2324 1134 ’

716 1223 918 1304 ipsius
937 1223 1207 1286 sanitate
1230 1241 1405 1302 spem
1435 1219 1660 1284 Medici
1686 1220 2148 1301 deposuerunt:
2181 1216 2282 1277 ni-

711 1323 922 1383 vinum
956 1320 1389 1384 Eucharistiae
1438 1324 1911 1383 Sacramentum
1966 1314 2085 1396 ipsi
2147 1323 2278 1379 tan-

716 1437 904 1500 quam
933 1416 1212 1500 proxime
1236 1415 1572 1480 moriturae
1600 1413 2281 1483 fuitadministntum,

719 1525 787 1579 et
816 1514 1050 1587 omnia,
1080 1534 1249 1596 quac
1271 1514 1351 1578 ad
1381 1514 1617 1591 luctum
1649 1522 1717 1576 et
1745 1511 2075 1575 funebrem
2108 1531 2281 1592 pom-

717 1635 861 1696 pam
892 1619 1213 1695 spectant,
1238 1611 1369 1694 jam
1402 1612 1817 1692 parabanturg
1856 1610 2108 1673 Interim
2141 1606 2284 1689 eius

718 1719 920 1776 Mater
940 1753 961 1782 ‚
1011 1729 1085 1775 ac
1139 1714 1329 1773 Soror
1384 1709 1462 1771 ad
1522 1707 2046 1771 intercessionem
2104 1704 2279 1769 Beati

718 1814 1027 1872 CAMtLLl
1053 1807 1155 1890 pie
1186 1806 1605 1890 confugerunt
1624 1848 1645 1878 ‚
1674 1814 1740 1869 et
1768 1804 1981 1869 statim
2012 1802 2286 1869 admira·

724 1908 853 1968 bite
885 1910 1242 1985 portentum
1271 1904 1479 1968 evenit
1499 1931 1516 1966 z
1548 1908 1705 1967 Nam
1736 1903 2015 1965 moriens
2066 1899 2281 1964 Puella

724 2005 1070 2074 excitatur,
1099 2009 1166 2066 et
1193 2022 1262 2066 se
1294 2001 1673 2065 incolumem
1697 2044 1717 2072 ‚
1746 2007 1813 2063 et
1834 2018 2044 2064 unam
2077 1996 2282 2063 excla-

722 2112 845 2167 mat
877 2127 893 2162 ι
927 2105 1112 2164 Lecto
1140 2099 1459 2181 prosiliit,
1490 2100 1772 2162 innatum
1822 2117 2051 2178 eorpus
2106 2098 2284 2159 detn-

722 2200 883 2265 inuit
907 2239 928 2268 ‚
980 2196 1233 2260 tabidae
1286 2201 1552 2260 crustae
1611 2194 2013 2267 deciderunt,
2069 2193 2282 2256 cibum

724 2293 996 2375 stimpsit
1023 2292 1284 2376 integris
1312 2312 1384 2355 ec
1412 2292 1725 2356 restitutis
1753 2291 2021 2361 viribon
2053 2308 2169 2352 nec
2190 2290 2285 2353 ul-

723 2391 788 2455 la
818 2403 962 2455 tuuc
988 2386 1298 2470 temporis
1324 2387 1542 2462 crisis,
1574 2408 1684 2451 seu
1719 2387 1867 2449 mali
1897 2386 2164 2450 mutatio
2192 2387 2286 2448 in-

721 2487 1032 2561 teri-essin
1048 2485 1357 2568 Optimam
1378 2485 1611 2566 pariter
1629 2483 2078 2555 valetudinem,
2100 2502 2285 2563 quam

723 2585 1161 2665 recuperavit,
1192 2600 1352 2645 nunc
1380 2581 1567 2644 etiam
1614 2580 1861 2643 firmam
1918 2580 2153 2645 retinet
2210 2599 2285 2643 ac

720 2690 955 2746 tuetur.

852 2784 1021 2841 Haec
1049 2776 1171 2839 duo
1199 2774 1501 2839 Biracula
1528 2782 1826 2856 tanquam
1869 2774 2038 2837 tertii
2097 2793 2285 2857 gene·

724 2876 815 2939 tis
844 2875 1148 2938 Sanctitas
1177 2879 1297 2937 Sua
1328 2873 1658 2955 probavit,
1688 2884 2020 2953 postquam
2083 2874 2146 2933 in
2177 2879 2286 2934 La·

722 2970 1041 3035 teranensi
1068 2969 1329 3034 Basilica
1361 2977 1625 3034 Sacrum·
1648 2970 1762 3033 bac
1800 2971 1906 3033 die
1962 2969 2239 3034 confecit
2263 3014 2284 3044 ‚

728 3069 1252 3152 quemadmodum
1277 3076 1349 3131 R.
1372 3075 1438 3132 Ρ.
1459 3069 1629 3132 Fidei
1654 3069 2025 3140 Promotori,
2044 3077 2107 3131 et
2139 3068 2289 3130 mihi

727 3166 1122 3249 infrascripto
1151 3166 1498 3229 secretario
1528 3165 1902 3237 declaravit,
1961 3166 2108 3228 dnm
2142 3172 2289 3229 San·

723 3267 910 3329 ctitas
937 3271 1056 3327 Sua
1086 3281 1380 3345 praesens
1411 3267 1742 3326 Decretum
1785 3260 1942 3322 mibi
2010 3260 2284 3324 tradidit.

722 3369 851 3426 Bac
881 3362 985 3424 die
1014 3360 1215 3442 prima
1246 3356 1665 3441 Haji'sanctis
1694 3357 2015 3438 Apostolis
2055 3357 2288 3441 Philip*

730 3482 811 3542 po
833 3503 853 3532 ‚
885 3470 951 3523 et
979 3459 1217 3524 Jacobo
1245 3457 1449 3521 dicata
1475 3476 1650 3522 anno
1672 3460 1856 3519 1⁷45.

935 3658 1000 3715 G.
1032 3653 1214 3718 card.
1244 3652 1325 3715 de
1356 3650 1611 3715 Marinio
1640 3648 1838 3714 Praef.

852 3854 1014 3909 Loci>
1032 3846 1084 3929 †
1101 3843 1323 3931 Sigilli.

1198 4045 1265 4102 T.
1302 4043 1660 4103 patriarcha
1696 4044 2292 4119 Hierosolymiicnur

1276 4142 1506 4201 Secrot.
2018 4169 2025 4176 -

1268 4331 1628 4393 SPOLBTA
1639 4334 1743 4396 ΝΔ

739 4526 1251 4585 canonizationis
1278 4527 1512 4586 mim
1540 4491 1859 4587 soserni
1909 4526 1959 4583 A
1991 4528 2296 4588 mems-

811 4628 901 4683 SA
937 4624 1282 4683 Sacerdotis
1313 4624 1588 4700 Proferri
1621 4622 1873 4685 Ordinis
1897 4623 2205 4686 uiuorum
2231 4627 2292 4688 S.

812 4723 1134 4781 Francisci
1160 4723 1661 4796 capuccinorum.

851 4919 1105 4976 Peracta
1128 4912 1258 4995 jam
1292 4931 1329 4975 a
1362 4909 1688 4976 Clemente
1717 4919 1850 4975 ΧΠ.
1878 4910 1989 4976 fel.
2045 4913 2291 4977 record.

729 5007 1200 5073 Beatiflcatione
1232 5009 1626 5072 Venerabilis
1655 5009 1766 5072 Dei
1798 5010 2036 5074 Famuli
2085 5016 2298 5074 JOSE-

724 5112 849 5169 Pu!
883 5112 985 5170 DE
1045 5109 1412 5170 LEONISSA
1474 5107 1833 5171 Sacerdotis
1889 5105 2159 5170 Professi
2215 5126 2293 5170 ex

726 5203 962 5265 Ordine
990 5203 1303 5270 Minorem
1337 5206 1540 5268 Sancti
1576 5204 1880 5267 Francisci
1920 5204 2295 5285 capuccino-

727 5319 861 5362 rum
886 5344 905 5371 ,
937 5308 1001 5363 et
1032 5300 1270 5385 signata
1301 5301 1530 5366 deinde
1587 5301 2046 5365 commissione
2102 5308 2291 5364 Reas·

724 5397 1095 5479 sumptionis
1125 5403 1395 5474 causae,
1426 5399 1729 5466 confectis
1780 5398 2152 5465 auctoritate
2209 5405 2288 5462 A·

2394 729 2663 793 eandem
2699 728 3232 795 Beatificationcm
3265 732 3700 814 contigerunt,
3728 730 3962 795 exami-

2392 837 2535 890 nata
2567 829 2806 908 pariter
2834 828 3097 902 sedulo,
3131 850 3203 893 ac
3227 830 3490 909 probata
3520 828 3852 890 validitate
3871 828 3965 909 ip-

2394 945 2605 987 sorum
2635 933 3071 997 Processuum,
3103 935 3428 1008 postremo
3449 927 3512 987 in
3545 926 3790 989 duabus
3804 916 3965 987 con·

2393 1023 3524 1106 gregationibusssntepraeparatoria
3547 1069 3567 1098 ,
3597 1038 3669 1086 ac
3694 1032 3959 1104 Praepa-

2393 1121 2646 1192 retoria‚
2676 1140 2937 1202 quarum
2969 1121 3168 1202 prima
3200 1129 3416 1186 coacta
3445 1120 3565 1184 ruit
3595 1121 3700 1184 die
3733 1128 3829 1184 ¹8.
3855 1127 3960 1183 Ju-

2392 1217 2484 1278 nii
2513 1236 2676 1279 anno
2713 1222 2939 1292 1743.;
2969 1217 3164 1281 altera
3193 1238 3347 1282 vero
3377 1218 3478 1282 die
3512 1227 3570 1283 3.
3616 1218 3822 1281 Martii
3856 1236 3965 1280 an-

2385 1332 2477 1378 no
2509 1316 2734 1389 17at.;
2764 1323 2832 1378 ln
2862 1315 2984 1388 bis,
3020 1317 3275 1397 inquam
3298 1362 3317 1391 ‚
3346 1316 3952 1400 congregationibus

2394 1411 2786 1491 propositum
2817 1414 2896 1475 de
2932 1432 3106 1476 more
3135 1411 3257 1476 fuit
3281 1438 3298 1473 t
3336 1414 3429 1475 An
3452 1456 3472 1486 ‚
3506 1426 3564 1477 ee
3605 1420 3674 1475 de
3736 1418 3957 1491 quibus

2396 1511 2725 1571 Hirecutis
2756 1521 2985 1571 conant
3009 1521 3157 1586 post
3181 1518 3488 1574 indultam
3540 1516 3704 1573 dicto
3762 1511 3958 1571 BEA-

2405 1607 2520 1667 TO·
2539 1613 2999 1671 venerationem
3027 1614 3096 1669 in
3121 1626 3270 1671 casu
3294 1652 3316 1682 ,
3347 1622 3404 1672 se
3430 1617 3512 1671 ad
3542 1610 3816 1685 effectum
3841 1621 3958 1669 cic.

2397 1703 2570 1765 ldem
2601 1704 2916 1783 prolatum
2945 1705 3209 1768 dubium
3243 1704 3365 1767 fuit
3393 1706 3456 1768 in
3513 1706 3959 1788 congregatio·

2397 1819 2479 1862 ne
2512 1801 2800 1864 Generali
2832 1808 3161 1865 Sacrorum
3194 1803 3442 1867 Rituum
3478 1803 3686 1866 babitu
3743 1820 3956 1867 coram

2394 1899 2798 1962 sanctissimo
2828 1898 3093 1962 Domino
3133 1904 3367 1963 Nostro
3425 1907 3584 1983 Papa
3638 1905 3960 1963 BENEDt-

2400 2000 2548 2060 c‘l'O
2575 2003 2730 2059 xlv.
2765 1996 2868 2060 die
2895 2000 3000 2059 22.
3032 1996 3426 2078 Septembris
3455 2014 3617 2061 anno
3649 2001 3834 2062 1⁷44.
3932 1996 3946 2013 ‘

2525 2095 2827 2157 Sanctitas
2856 2101 2975 2158 Sua
2996 2138 3017 2167 ‚
3057 2095 3424 2178 priusquam
3485 2095 3549 2157 in
3611 2100 3960 2179 congrega-

2400 2191 2636 2255 tionem
2669 2192 2943 2263 veniret,
2975 2193 3188 2256 omnia
3240 2191 3679 2256 consultorum
3741 2194 3963 2257 suffra·

2398 2289 2497 2370 gia
2528 2288 2836 2371 perlegit,
2869 2309 3071 2372 eaque
3101 2288 3244 2353 fuse
3274 2289 3489 2354 retulit
3544 2310 3755 2354 coram
3816 2291 3952 2351 uni-

2396 2405 2581 2449 verso
2610 2390 2843 2450 Coetu:
2877 2394 3024 2450 Post
3049 2386 3202 2451 baec
3243 2389 3478 2452 auditis
3529 2385 3953 2451 cardinalium

2398 2483 2751 2567 suffragiis,
2779 2483 2938 2545 nibil
2982 2485 3237 2547 omnino
3294 2486 3756 2549 decernendum
3814 2504 3963 2549 cen·

2397 2582 2557 2650 suit,
2590 2588 2656 2642 ut
2693 2601 2826 2644 rem
2889 2589 3084 2643 totam
3143 2581 3346 2665 magis
3402 2589 3692 2644 accurato
3751 2581 3965 2646 studio

2397 2678 2854 2760 perpenderet,
2883 2685 2947 2742 et
2974 2678 3249 2760 'scipsum
3282 2683 3414 2741 Deo
3441 2679 3959 2755 commendaret,

2399 2783 2465 2835 ut
2494 2774 2705 2838 lumen
2733 2796 2909 2840 suum
2943 2775 3003 2837 in
3026 2774 3143 2839 lioc
3174 2776 3541 2860 gravissimo
3573 2778 3831 2859 negotio
3851 2780 3965 2843 im·

2397 2872 2762 2956 pertiretur.
3689 2943 3693 2947 .
3933 2929 3940 2943 ,

2524 2976 2746 3053 ltaque.
2765 2971 3081 3035 Sanctitas
3109 2978 3252 3045 Sua,
3284 2972 3430 3034 dum
3453 2971 3773 3054 ejusmodi
3806 2975 3965 3035 cau-

2399 3088 2505 3130 sae
2539 3069 2838 3150 privatum
2871 3069 3142 3131 studium
3173 3069 3589 3150 impenderet,
3620 3068 3958 3132 nonnullas

2398 3163 2805 3228 difficultates
2836 3165 3286 3248 deprehendit:
3319 3168 3564 3229 Etenim
3622 3168 3783 3231 circa
3835 3167 3965 3249 pri-

2401 3282 2571 3324 mum
2599 3305 2619 3334 ‚
2654 3282 2726 3324 ac
2753 3263 3089 3325 secundum
3146 3251 3516 3329 iiis-acutum
3539 3309 3560 3339 ,
3591 3283 3752 3348 quae
3805 3270 3967 3330 con·

2399 3356 2668 3421 sultores
2696 3365 2760 3420 et
2791 3358 3151 3422 cardinales
3183 3359 3404 3443 majori
3433 3361 3652 3443 plausu
3684 3365 3959 3446 excepe-

2401 3460 2581 3529 runt,
2614 3455 2881 3519 advertit
2909 3455 3215 3521 Sanctitas
3247 3464 3368 3523 Sua
3387 3451 3780 3542 nequaquam
3812 3461 3962 3524 mis-

2404 3573 2507 3615 sos
2534 3552 2732 3616 fuisse
2765 3560 3021 3617 nomem
3056 3554 3390 3630 articulos,
3439 3577 3552 3620 scu
3610 3557 3808 3638 capita
3870 3576 3967 3620 re-

2402 3669 2541 3712 rum
2565 3696 2586 3725 ‚
2614 3659 2683 3712 ut
2713 3670 2904 3732 super
2933 3651 3064 3717 illis
3094 3675 3128 3718 a
3163 3661 3246 3716 R..
3267 3661 3329 3717 Ρ.
3364 3654 3532 3718 Fidei
3587 3662 3951 3719 Promotore

2402 3751 2934 3828 interrogationes
2974 3750 3475 3825 conficerentur,
3535 3770 3696 3832 quae
3757 3751 3961 3815 solum

2402 3848 2764 3927 propositae
2793 3846 3046 3913 fuerunt
3074 3867 3109 3912 a
3139 3849 3468 3914 lodicibus
3509 3849 3968 3913 Remissoriali-

2402 3941 2524 4005 bus
2553 3944 2930 4024 Apostolicis
2959 3971 2976 4007 ι
3009 3946 3076 4007 Id
3111 3947 3394 4028 profecto
3425 3967 3653 4011 novum
3686 3953 3753 4011 et
3775 3948 3970 4010 inusi-

2403 4047 2606 4102 tatum
2640 4043 2959 4107 sanctitati
2994 4050 3152 4108 Suae
3183 4046 3385 4109 visum
3416 4043 3554 4117 fnit,
3586 4065 3666 4109 eo
3696 4045 3864 4127 quod
3885 4045 3964 4108 de

2403 4141 2709 4200 Ptocessu
2767 4146 3062 4223 ageretur
3119 4141 3357 4223 Spoleti
3411 4139 3700 4205 confecto
3719 4184 3739 4213 ‚
3799 4159 3968 4223 qnae

2404 4232 2632 4295 Civitas
2662 4236 2876 4314 procul
2911 4235 3104 4299 dubio
3133 4237 3352 4316 paucis
3394 4236 3715 4301 milliariis
3769 4245 3966 4303 Roma

2406 4329 2627 4393 distatz
2661 4334 2862 4402 Quare
2891 4332 3268 4394 contrarium
3300 4331 3367 4395 id
3398 4339 3810 4397 esse-constat
3865 4339 3972 4398 Sa·

2405 4446 2548 4491 crae
2576 4427 3089 4511 congregationis
3117 4430 3344 4509 praxi,
3403 4447 3591 4511 quam
3648 4430 3966 4494 Sanctitas

2409 4531 2526 4588 Sua
2557 4525 2621 4586 in
2653 4527 2781 4589 suis
2812 4525 2995 4589 libris
3026 4561 3102 4571 —
3132 4531 3216 4589 Dc
3277 4533 3756 4602 canonizatione
3818 4531 3972 4591 San-

2408 4633 2643 4683 ctorum
2673 4626 2776 4682 lib.
2808 4625 2869 4683 2.
2901 4640 3037 4698 cap.
3071 4626 3176 4684 4⁷.
3205 4643 3267 4684 n.
3299 4631 3364 4687 3.
3391 4622 3530 4687 fuse
3561 4623 3924 4706 explicavit.

2537 4716 2794 4782 Accedit
2823 4718 3015 4781 etiam
3039 4762 3061 4791 ‚
3091 4720 3257 4801 quod
3293 4720 3356 4782 in
3415 4721 3736 4786 Miraculis
3790 4722 3968 4784 tertii

2406 4814 2656 4897 generis
2672 4816 3150 4880 Immenosum
3165 4820 3522 4883 necessario
3542 4819 3974 4883 demonstran·

2410 4914 2486 4974 da
2520 4912 2641 4985 sit,
2673 4933 2833 4995 quae
2879 4917 3189 4998 cognosci
3231 4916 3486 4998 quidem
3545 4916 3720 4981 nullo
3779 4918 3972 4981 modo

2406 5017 2617 5089 potest
2643 5053 2663 5080 ,
2692 5010 2810 5074 nisi
2839 5012 3012 5093 prius
3043 5013 3407 5077 ostendatur
3436 5023 3637 5078 status
3687 5015 3976 5079 anterior

2403 5107 2808 5180 immediatus
2865 5111 3109 5184 morbi,
3173 5112 3281 5193 qni
3355 5111 3582 5176 deinde
3649 5095 3973 5178 momento

2408 5205 2709 5285 temporis
2741 5204 3112 5269 mirabiliter
3165 5216 3417 5271 sanatus
3447 5207 3603 5271 fuit:
3658 5211 3971 5281 Quamob-

2405 5320 2537 5364 rem
2568 5303 2871 5366 Sanctitas
2930 5310 3052 5367 Sna
3101 5323 3477 5386 percurrens
3525 5308 3809 5372 ‘restium
3870 5308 3967 5371 di·

2406 5408 2506 5463 cta
2525 5445 2546 5476 ,
2581 5397 2734 5462 nibil
2767 5419 2915 5465 saue
2947 5401 3359 5468 dubitandum
3389 5405 3649 5488 putabat
3679 5405 3759 5469 de
3791 5423 3970 5488 prae·
