<?xml version="1.0" encoding="UTF-8"?>
<!DOCTYPE html PUBLIC "-//W3C//DTD XHTML 1.0 Transitional//EN"
    "http://www.w3.org/TR/xhtml1/DTD/xhtml1-transitional.dtd">
<html xmlns="http://www.w3.org/1999/xhtml" xml:lang="en" lang="en">
 <head>
  <title>
</title>
<meta http-equiv="Content-Type" content="text/html;charset=utf-8" />
  <meta name='ocr-system' content='tesseract 3.04.00' />
  <meta name='ocr-capabilities' content='ocr_page ocr_carea ocr_par ocr_line ocrx_word'/>
</head>
<body>
  <div class='ocr_page' id='page_1' title='image "benedictixivpon00benegoog_0293.png"; bbox 0 0 4442 6300; ppageno 0'>
   <div class='ocr_carea' id='block_1_1' title="bbox 1576 491 2642 566">
    <p class='ocr_par' dir='ltr' id='par_1_1' title="bbox 1576 491 2642 566">
     <span class='ocr_line' id='line_1_1' title="bbox 1576 491 2642 566; baseline -0.008 -12"><span class='ocrx_word' id='word_1_1' title='bbox 1576 492 1925 566; x_wconf 72' lang='lat' dir='ltr'>eumont</span> <span class='ocrx_word' id='word_1_2' title='bbox 1964 491 2435 551; x_wconf 63' lang='lat' dir='ltr'>amurcam!</span> <span class='ocrx_word' id='word_1_3' title='bbox 2472 492 2642 547; x_wconf 76' lang='lat' dir='ltr'>arc.</span> 
     </span>
    </p>
   </div>
   <div class='ocr_carea' id='block_1_2' title="bbox 3431 484 3540 551">
    <p class='ocr_par' dir='ltr' id='par_1_2' title="bbox 3431 484 3540 551">
     <span class='ocr_line' id='line_1_2' title="bbox 3431 484 3540 551; baseline 0 -3"><span class='ocrx_word' id='word_1_4' title='bbox 3431 484 3540 551; x_wconf 65' lang='lat' dir='ltr'><strong><em>m</em></strong></span> 
     </span>
    </p>
   </div>
   <div class='ocr_carea' id='block_1_3' title="bbox 494 596 3722 720">
    <p class='ocr_par' dir='ltr' id='par_1_3' title="bbox 494 596 3722 720">
     <span class='ocr_line' id='line_1_3' title="bbox 494 596 3722 720; baseline -0.002 -15"><span class='ocrx_word' id='word_1_5' title='bbox 494 634 984 711; x_wconf 60' lang='lat' dir='ltr'>nummum</span> <span class='ocrx_word' id='word_1_6' title='bbox 1020 639 1137 703; x_wconf 69' lang='lat' dir='ltr'>rte.</span> <span class='ocrx_word' id='word_1_7' title='bbox 1172 636 1236 702; x_wconf 72' lang='grc' dir='ltr'>Β.</span> <span class='ocrx_word' id='word_1_8' title='bbox 1263 640 1499 704; x_wconf 67' lang='lat' dir='ltr'>Uarius</span> <span class='ocrx_word' id='word_1_9' title='bbox 1516 645 1586 704; x_wconf 69' lang='lat' dir='ltr'>aa</span> <span class='ocrx_word' id='word_1_10' title='bbox 1621 645 1855 720; x_wconf 67' lang='lat' dir='ltr'>Populo</span> <span class='ocrx_word' id='word_1_11' title='bbox 1873 638 2045 706; x_wconf 78' lang='lat' dir='ltr'>Pm-</span> <span class='ocrx_word' id='word_1_12' title='bbox 2158 622 2862 711; x_wconf 61' lang='lat' dir='ltr'>clasiae-candelabmm</span> <span class='ocrx_word' id='word_1_13' title='bbox 2891 596 3132 704; x_wconf 80' lang='lat' dir='ltr'>statuas</span> <span class='ocrx_word' id='word_1_14' title='bbox 3153 636 3499 713; x_wconf 76' lang='lat' dir='ltr'>lucernam,</span> <span class='ocrx_word' id='word_1_15' title='bbox 3527 638 3598 700; x_wconf 77' lang='lat' dir='ltr'>u&#39;t</span> <span class='ocrx_word' id='word_1_16' title='bbox 3624 632 3722 700; x_wconf 86' lang='lat' dir='ltr'>lu&#39;·</span> 
     </span>
    </p>
   </div>
   <div class='ocr_carea' id='block_1_4' title="bbox 850 740 1691 817">
    <p class='ocr_par' dir='ltr' id='par_1_4' title="bbox 850 740 1691 817">
     <span class='ocr_line' id='line_1_4' title="bbox 850 740 1691 817; baseline 0.002 -16"><span class='ocrx_word' id='word_1_17' title='bbox 850 743 1022 817; x_wconf 71' lang='lat' dir='ltr'>butor</span> <span class='ocrx_word' id='word_1_18' title='bbox 1049 740 1398 811; x_wconf 68' lang='lat' dir='ltr'>cardinalis</span> <span class='ocrx_word' id='word_1_19' title='bbox 1429 740 1691 803; x_wconf 62' lang='lat' dir='ltr'>aiecius.</span> 
     </span>
    </p>
   </div>
   <div class='ocr_carea' id='block_1_5' title="bbox 480 924 2053 1791">
    <p class='ocr_par' dir='ltr' id='par_1_5' title="bbox 480 924 2053 1791">
     <span class='ocr_line' id='line_1_5' title="bbox 612 924 2043 997; baseline -0.001 0"><span class='ocrx_word' id='word_1_20' title='bbox 612 924 1070 997; x_wconf 70' lang='lat' dir='ltr'>Bssartssmss</span> <span class='ocrx_word' id='word_1_21' title='bbox 1122 937 1393 996; x_wconf 80' lang='lat' dir='ltr'><strong>PATER.</strong></span> <span class='ocrx_word' id='word_1_22' title='bbox 1452 938 1520 995; x_wconf 85' lang='lat' dir='ltr'>B.</span> <span class='ocrx_word' id='word_1_23' title='bbox 1582 931 1907 996; x_wconf 87' lang='lat' dir='ltr'>catharina</span> <span class='ocrx_word' id='word_1_24' title='bbox 1965 931 2043 995; x_wconf 91' lang='lat' dir='ltr'>de</span> 
     </span>
     <span class='ocr_line' id='line_1_6' title="bbox 499 1026 2044 1113; baseline -0.001 -18"><span class='ocrx_word' id='word_1_25' title='bbox 499 1030 725 1095; x_wconf 80' lang='lat' dir='ltr'>Ricciis</span> <span class='ocrx_word' id='word_1_26' title='bbox 754 1047 998 1113; x_wconf 41' lang='lat' dir='ltr'>quorum</span> <span class='ocrx_word' id='word_1_27' title='bbox 1029 1026 1391 1112; x_wconf 68' lang='lat' dir='ltr'>integritate</span> <span class='ocrx_word' id='word_1_28' title='bbox 1446 1039 1633 1111; x_wconf 83' lang='lat' dir='ltr'>atque</span> <span class='ocrx_word' id='word_1_29' title='bbox 1689 1028 2044 1095; x_wconf 89' lang='lat' dir='ltr'>innocentia</span> 
     </span>
     <span class='ocr_line' id='line_1_7' title="bbox 490 1124 2045 1210; baseline 0.005 -25"><span class='ocrx_word' id='word_1_30' title='bbox 490 1146 698 1210; x_wconf 67' lang='lat' dir='ltr'>usque</span> <span class='ocrx_word' id='word_1_31' title='bbox 724 1146 759 1189; x_wconf 86' lang='lat' dir='ltr'>a</span> <span class='ocrx_word' id='word_1_32' title='bbox 788 1125 1056 1208; x_wconf 87' lang='lat' dir='ltr'>pueritia</span> <span class='ocrx_word' id='word_1_33' title='bbox 1083 1124 1436 1191; x_wconf 83' lang='lat' dir='ltr'>clarissima</span> <span class='ocrx_word' id='word_1_34' title='bbox 1466 1127 1729 1191; x_wconf 75' lang='lat' dir='ltr'><strong>Patriam</strong></span> <span class='ocrx_word' id='word_1_35' title='bbox 1752 1170 1773 1202; x_wconf 84' lang='lat'>,</span> <span class='ocrx_word' id='word_1_36' title='bbox 1822 1135 1889 1191; x_wconf 90' lang='lat' dir='ltr'>et</span> <span class='ocrx_word' id='word_1_37' title='bbox 1943 1147 2045 1209; x_wconf 79' lang='lat' dir='ltr'>pa-</span> 
     </span>
     <span class='ocr_line' id='line_1_8' title="bbox 495 1221 2047 1305; baseline -0.002 -18"><span class='ocrx_word' id='word_1_38' title='bbox 495 1232 743 1290; x_wconf 83' lang='lat' dir='ltr'>ternam</span> <span class='ocrx_word' id='word_1_39' title='bbox 775 1221 1238 1287; x_wconf 68' lang='lat' dir='ltr'>nobilissimam</span> <span class='ocrx_word' id='word_1_40' title='bbox 1268 1228 1536 1287; x_wconf 81' lang='lat' dir='ltr'>Domum</span> <span class='ocrx_word' id='word_1_41' title='bbox 1569 1223 1952 1305; x_wconf 88' lang='lat' dir='ltr'>relinquens,</span> <span class='ocrx_word' id='word_1_42' title='bbox 1982 1223 2047 1284; x_wconf 89' lang='lat' dir='ltr'>in</span> 
     </span>
     <span class='ocr_line' id='line_1_9' title="bbox 494 1320 2047 1403; baseline -0.003 -16"><span class='ocrx_word' id='word_1_43' title='bbox 494 1320 1125 1403; x_wconf 67' lang='lat' dir='ltr'>coenobioJ&#39;ratensi</span> <span class='ocrx_word' id='word_1_44' title='bbox 1154 1320 1469 1403; x_wconf 76' lang='lat' dir='ltr'>reliquum</span> <span class='ocrx_word' id='word_1_45' title='bbox 1501 1341 1651 1385; x_wconf 82' lang='lat' dir='ltr'>suae</span> <span class='ocrx_word' id='word_1_46' title='bbox 1699 1321 1867 1385; x_wconf 81' lang='lat' dir='ltr'>vitae</span> <span class='ocrx_word' id='word_1_47' title='bbox 1911 1339 2047 1384; x_wconf 87' lang='lat' dir='ltr'>cur-</span> 
     </span>
     <span class='ocr_line' id='line_1_10' title="bbox 492 1412 2053 1499; baseline -0.003 -15"><span class='ocrx_word' id='word_1_48' title='bbox 492 1438 630 1485; x_wconf 87' lang='lat' dir='ltr'>sum</span> <span class='ocrx_word' id='word_1_49' title='bbox 660 1412 1001 1499; x_wconf 64' lang='lat' dir='ltr'>transegitg</span> <span class='ocrx_word' id='word_1_50' title='bbox 1031 1416 1141 1479; x_wconf 89' lang='lat' dir='ltr'>ubi</span> <span class='ocrx_word' id='word_1_51' title='bbox 1175 1416 1252 1479; x_wconf 90' lang='lat' dir='ltr'>ad</span> <span class='ocrx_word' id='word_1_52' title='bbox 1309 1415 1689 1481; x_wconf 74' lang='lat' dir='ltr'>altissimum</span> <span class='ocrx_word' id='word_1_53' title='bbox 1739 1415 2053 1480; x_wconf 87' lang='lat' dir='ltr'>bumilita-</span> 
     </span>
     <span class='ocr_line' id='line_1_11' title="bbox 487 1512 2041 1596; baseline -0.002 -16"><span class='ocrx_word' id='word_1_54' title='bbox 487 1517 570 1580; x_wconf 89' lang='lat' dir='ltr'>tis</span> <span class='ocrx_word' id='word_1_55' title='bbox 591 1560 612 1590; x_wconf 87' lang='lat'>‚</span> <span class='ocrx_word' id='word_1_56' title='bbox 639 1514 1041 1580; x_wconf 87' lang='lat' dir='ltr'>obedientiae</span> <span class='ocrx_word' id='word_1_57' title='bbox 1062 1519 1129 1577; x_wconf 86' lang='lat' dir='ltr'>et</span> <span class='ocrx_word' id='word_1_58' title='bbox 1152 1512 1473 1578; x_wconf 83' lang='lat' dir='ltr'>charitatis</span> <span class='ocrx_word' id='word_1_59' title='bbox 1492 1512 1807 1596; x_wconf 67' lang='lat' dir='ltr'>fastigium</span> <span class='ocrx_word' id='word_1_60' title='bbox 1838 1514 1923 1579; x_wconf 87' lang='lat' dir='ltr'>ita</span> <span class='ocrx_word' id='word_1_61' title='bbox 1942 1533 2041 1578; x_wconf 84' lang='lat' dir='ltr'>ce·</span> 
     </span>
     <span class='ocr_line' id='line_1_12' title="bbox 481 1607 2047 1694; baseline -0.001 -18"><span class='ocrx_word' id='word_1_62' title='bbox 481 1612 704 1678; x_wconf 88' lang='lat' dir='ltr'>leriter</span> <span class='ocrx_word' id='word_1_63' title='bbox 728 1610 1049 1694; x_wconf 80' lang='lat' dir='ltr'>pervenit,</span> <span class='ocrx_word' id='word_1_64' title='bbox 1076 1617 1145 1673; x_wconf 88' lang='lat' dir='ltr'>ut</span> <span class='ocrx_word' id='word_1_65' title='bbox 1180 1607 1417 1674; x_wconf 84' lang='lat' dir='ltr'>mereri</span> <span class='ocrx_word' id='word_1_66' title='bbox 1445 1610 1719 1692; x_wconf 73' lang='lat' dir='ltr'>potnerit</span> <span class='ocrx_word' id='word_1_67' title='bbox 1769 1610 1850 1674; x_wconf 87' lang='lat' dir='ltr'>ah</span> <span class='ocrx_word' id='word_1_68' title='bbox 1905 1609 2047 1694; x_wconf 74' lang='lat' dir='ltr'>ejus</span> 
     </span>
     <span class='ocr_line' id='line_1_13' title="bbox 480 1692 2047 1791; baseline -0.004 -15"><span class='ocrx_word' id='word_1_69' title='bbox 480 1709 743 1776; x_wconf 81' lang='lat' dir='ltr'>caelesti</span> <span class='ocrx_word' id='word_1_70' title='bbox 773 1714 1012 1789; x_wconf 81' lang='lat' dir='ltr'>sponso</span> <span class='ocrx_word' id='word_1_71' title='bbox 1032 1692 1224 1771; x_wconf 71' lang='lat' dir='ltr'>tantis</span> <span class='ocrx_word' id='word_1_72' title='bbox 1244 1727 1316 1770; x_wconf 83' lang='lat' dir='ltr'>ac</span> <span class='ocrx_word' id='word_1_73' title='bbox 1341 1713 1473 1771; x_wconf 78' lang='lat' dir='ltr'>tam</span> <span class='ocrx_word' id='word_1_74' title='bbox 1502 1706 1888 1791; x_wconf 56' lang='lat' dir='ltr'>specialibus</span> <span class='ocrx_word' id='word_1_75' title='bbox 1906 1706 2047 1772; x_wconf 81' lang='lat' dir='ltr'>cha·</span> 
     </span>
    </p>
   </div>
   <div class='ocr_carea' id='block_1_6' title="bbox 2158 733 3252 817">
    <p class='ocr_par' dir='ltr' id='par_1_6' title="bbox 2158 733 3252 817">
     <span class='ocr_line' id='line_1_14' title="bbox 2158 733 3252 817; baseline -0.005 -16"><span class='ocrx_word' id='word_1_76' title='bbox 2158 744 2301 801; x_wconf 88' lang='lat' dir='ltr'>ceat</span> <span class='ocrx_word' id='word_1_77' title='bbox 2326 735 2617 803; x_wconf 81' lang='lat' dir='ltr'>omnibus</span> <span class='ocrx_word' id='word_1_78' title='bbox 2647 733 2751 817; x_wconf 88' lang='lat' dir='ltr'>qui</span> <span class='ocrx_word' id='word_1_79' title='bbox 2779 733 2844 796; x_wconf 93' lang='lat' dir='ltr'>in</span> <span class='ocrx_word' id='word_1_80' title='bbox 2873 733 3062 800; x_wconf 86' lang='lat' dir='ltr'>domo</span> <span class='ocrx_word' id='word_1_81' title='bbox 3091 742 3252 801; x_wconf 72' lang='lat' dir='ltr'>sunt,</span> 
     </span>
    </p>
   </div>
   <div class='ocr_carea' id='block_1_7' title="bbox 2204 928 3676 1008">
    <p class='ocr_par' dir='ltr' id='par_1_7' title="bbox 2204 928 3676 1008">
     <span class='ocr_line' id='line_1_15' title="bbox 2204 928 3676 1008; baseline -0.002 -15"><span class='ocrx_word' id='word_1_82' title='bbox 2204 932 2670 994; x_wconf 76' lang='lat' dir='ltr'><strong><em>PHILIPPUS</em></strong></span> <span class='ocrx_word' id='word_1_83' title='bbox 2702 930 2956 993; x_wconf 62' lang='lat' dir='ltr'>nanu</span> <span class='ocrx_word' id='word_1_84' title='bbox 2994 933 3108 992; x_wconf 71' lang='lat' dir='ltr'>Tit.</span> <span class='ocrx_word' id='word_1_85' title='bbox 3137 933 3199 994; x_wconf 83' lang='lat' dir='ltr'>S.</span> <span class='ocrx_word' id='word_1_86' title='bbox 3229 928 3480 1008; x_wconf 63' lang='lat' dir='ltr'>Agnetis</span> <span class='ocrx_word' id='word_1_87' title='bbox 3496 937 3676 992; x_wconf 72' lang='lat' dir='ltr'>extra</span> 
     </span>
    </p>
   </div>
   <div class='ocr_carea' id='block_1_8' title="bbox 2409 1031 3473 1188">
    <p class='ocr_par' dir='ltr' id='par_1_8' title="bbox 2409 1031 3473 1188">
     <span class='ocr_line' id='line_1_16' title="bbox 2409 1031 3473 1117; baseline -0.002 -25"><span class='ocrx_word' id='word_1_88' title='bbox 2409 1031 2658 1117; x_wconf 51' lang='lat' dir='ltr'>&#39;offla</span> <span class='ocrx_word' id='word_1_89' title='bbox 2686 1032 2996 1106; x_wconf 67' lang='lat' dir='ltr'>Presbyter</span> <span class='ocrx_word' id='word_1_90' title='bbox 3020 1031 3372 1091; x_wconf 67' lang='lat' dir='ltr'>cardinatis</span> <span class='ocrx_word' id='word_1_91' title='bbox 3395 1033 3473 1090; x_wconf 74' lang='lat' dir='ltr'>ds</span> 
     </span>
     <span class='ocr_line' id='line_1_17' title="bbox 2629 1128 3104 1188; baseline -0.006 0"><span class='ocrx_word' id='word_1_92' title='bbox 2629 1148 2654 1173; x_wconf 89' lang='lat'><strong>·</strong></span> <span class='ocrx_word' id='word_1_93' title='bbox 2776 1128 3104 1188; x_wconf 66' lang='lat' dir='ltr'>Montibus.</span> 
     </span>
    </p>
   </div>
   <div class='ocr_carea' id='block_1_9' title="bbox 2155 1313 3724 1788">
    <p class='ocr_par' dir='ltr' id='par_1_9' title="bbox 2155 1313 3724 1788">
     <span class='ocr_line' id='line_1_18' title="bbox 2278 1313 3721 1399; baseline -0.004 -16"><span class='ocrx_word' id='word_1_94' title='bbox 2278 1322 2521 1383; x_wconf 72' lang='lat' dir='ltr'>Maturo</span> <span class='ocrx_word' id='word_1_95' title='bbox 2547 1315 2838 1382; x_wconf 85' lang='lat' dir='ltr'>examine</span> <span class='ocrx_word' id='word_1_96' title='bbox 2881 1315 3032 1382; x_wconf 82' lang='lat' dir='ltr'>satis</span> <span class='ocrx_word' id='word_1_97' title='bbox 3083 1318 3556 1399; x_wconf 78' lang='lat' dir='ltr'>comprohatum</span> <span class='ocrx_word' id='word_1_98' title='bbox 3611 1313 3721 1378; x_wconf 84' lang='lat' dir='ltr'>de·</span> 
     </span>
     <span class='ocr_line' id='line_1_19' title="bbox 2156 1410 3720 1497; baseline -0.001 -21"><span class='ocrx_word' id='word_1_99' title='bbox 2156 1413 2602 1497; x_wconf 75' lang='lat' dir='ltr'>prehendimus</span> <span class='ocrx_word' id='word_1_100' title='bbox 2625 1457 2647 1487; x_wconf 88' lang='lat'>‚</span> <span class='ocrx_word' id='word_1_101' title='bbox 2681 1415 2926 1478; x_wconf 87' lang='lat' dir='ltr'>beatam</span> <span class='ocrx_word' id='word_1_102' title='bbox 2960 1414 3356 1478; x_wconf 77' lang='lat' dir='ltr'>cnthariuam</span> <span class='ocrx_word' id='word_1_103' title='bbox 3384 1413 3463 1476; x_wconf 94' lang='lat' dir='ltr'>de</span> <span class='ocrx_word' id='word_1_104' title='bbox 3494 1410 3720 1475; x_wconf 82' lang='lat' dir='ltr'>Ricciia</span> 
     </span>
     <span class='ocr_line' id='line_1_20' title="bbox 2156 1508 3723 1578; baseline -0.003 -1"><span class='ocrx_word' id='word_1_105' title='bbox 2156 1511 2494 1577; x_wconf 71' lang='lat' dir='ltr'>Honialem</span> <span class='ocrx_word' id='word_1_106' title='bbox 2523 1511 2768 1575; x_wconf 80' lang='lat' dir='ltr'>ordinis</span> <span class='ocrx_word' id='word_1_107' title='bbox 2796 1511 3299 1578; x_wconf 71' lang='lat' dir='ltr'>praedicatorum</span> <span class='ocrx_word' id='word_1_108' title='bbox 3334 1530 3457 1575; x_wconf 90' lang='lat' dir='ltr'>uon</span> <span class='ocrx_word' id='word_1_109' title='bbox 3515 1508 3723 1577; x_wconf 73' lang='lat' dir='ltr'>solum</span> 
     </span>
     <span class='ocr_line' id='line_1_21' title="bbox 2155 1606 3724 1693; baseline -0.001 -22"><span class='ocrx_word' id='word_1_110' title='bbox 2155 1609 2319 1674; x_wconf 84' lang='lat' dir='ltr'>vitae</span> <span class='ocrx_word' id='word_1_111' title='bbox 2347 1608 2698 1680; x_wconf 84' lang='lat' dir='ltr'>sanctitate,</span> <span class='ocrx_word' id='word_1_112' title='bbox 2722 1609 2842 1677; x_wconf 77' lang='lat' dir='ltr'>sed</span> <span class='ocrx_word' id='word_1_113' title='bbox 2867 1609 3060 1685; x_wconf 75' lang='lat' dir='ltr'>etiam</span> <span class='ocrx_word' id='word_1_114' title='bbox 3091 1608 3289 1690; x_wconf 76' lang='lat' dir='ltr'>signis</span> <span class='ocrx_word' id='word_1_115' title='bbox 3321 1630 3391 1673; x_wconf 85' lang='lat' dir='ltr'>ac</span> <span class='ocrx_word' id='word_1_116' title='bbox 3420 1606 3724 1693; x_wconf 76' lang='lat' dir='ltr'>prodigiis</span> 
     </span>
     <span class='ocr_line' id='line_1_22' title="bbox 2156 1704 3723 1788; baseline 0.001 -21"><span class='ocrx_word' id='word_1_117' title='bbox 2156 1706 2384 1773; x_wconf 78' lang='lat' dir='ltr'>divinis</span> <span class='ocrx_word' id='word_1_118' title='bbox 2412 1712 2478 1770; x_wconf 87' lang='lat' dir='ltr'>et</span> <span class='ocrx_word' id='word_1_119' title='bbox 2507 1706 2652 1769; x_wconf 90' lang='lat' dir='ltr'>dum</span> <span class='ocrx_word' id='word_1_120' title='bbox 2673 1705 2910 1770; x_wconf 78' lang='lat' dir='ltr'>viveret</span> <span class='ocrx_word' id='word_1_121' title='bbox 2928 1713 2991 1770; x_wconf 92' lang='lat' dir='ltr'>et</span> <span class='ocrx_word' id='word_1_122' title='bbox 3023 1714 3166 1788; x_wconf 89' lang='lat' dir='ltr'>post</span> <span class='ocrx_word' id='word_1_123' title='bbox 3187 1707 3433 1770; x_wconf 88' lang='lat' dir='ltr'>obitum</span> <span class='ocrx_word' id='word_1_124' title='bbox 3464 1704 3723 1769; x_wconf 83' lang='lat' dir='ltr'>claruis-</span> 
     </span>
    </p>
   </div>
   <div class='ocr_carea' id='block_1_10' title="bbox 480 1802 3724 1983">
    <p class='ocr_par' dir='ltr' id='par_1_10' title="bbox 480 1802 3724 1983">
     <span class='ocr_line' id='line_1_23' title="bbox 480 1802 3719 1881; baseline -0.002 -10"><span class='ocrx_word' id='word_1_125' title='bbox 480 1809 807 1872; x_wconf 83' lang='lat' dir='ltr'>rismatnm</span> <span class='ocrx_word' id='word_1_126' title='bbox 833 1806 1014 1869; x_wconf 88' lang='lat' dir='ltr'>donis</span> <span class='ocrx_word' id='word_1_127' title='bbox 1040 1803 1345 1869; x_wconf 83' lang='lat' dir='ltr'>cumulari</span> <span class='ocrx_word' id='word_1_128' title='bbox 1368 1848 1389 1877; x_wconf 77' lang='lat'>‚</span> <span class='ocrx_word' id='word_1_129' title='bbox 1423 1809 1494 1868; x_wconf 86' lang='lat' dir='ltr'>ut</span> <span class='ocrx_word' id='word_1_130' title='bbox 1539 1805 1645 1881; x_wconf 80' lang='lat' dir='ltr'>vix</span> <span class='ocrx_word' id='word_1_131' title='bbox 1698 1823 1889 1871; x_wconf 80' lang='lat' dir='ltr'>unum</span> <span class='ocrx_word' id='word_1_132' title='bbox 1938 1811 2043 1870; x_wconf 89' lang='lat' dir='ltr'>aut</span> <span class='ocrx_word' id='word_1_133' title='bbox 2148 1822 2251 1869; x_wconf 81' lang='lat' dir='ltr'>se.</span> <span class='ocrx_word' id='word_1_134' title='bbox 2283 1802 2495 1867; x_wconf 81' lang='lat' dir='ltr'>Elnxit</span> <span class='ocrx_word' id='word_1_135' title='bbox 2525 1803 2588 1865; x_wconf 89' lang='lat' dir='ltr'>iu</span> <span class='ocrx_word' id='word_1_136' title='bbox 2616 1822 2691 1867; x_wconf 85' lang='lat' dir='ltr'>ea</span> <span class='ocrx_word' id='word_1_137' title='bbox 2721 1824 2754 1865; x_wconf 86' lang='lat' dir='ltr'>a</span> <span class='ocrx_word' id='word_1_138' title='bbox 2786 1803 3021 1869; x_wconf 83' lang='lat' dir='ltr'>teneris</span> <span class='ocrx_word' id='word_1_139' title='bbox 3053 1803 3232 1867; x_wconf 87' lang='lat' dir='ltr'>annis</span> <span class='ocrx_word' id='word_1_140' title='bbox 3260 1821 3508 1866; x_wconf 90' lang='lat' dir='ltr'>morum</span> <span class='ocrx_word' id='word_1_141' title='bbox 3543 1802 3719 1867; x_wconf 89' lang='lat' dir='ltr'>inno·</span> 
     </span>
     <span class='ocr_line' id='line_1_24' title="bbox 481 1898 3724 1983; baseline -0.002 -15"><span class='ocrx_word' id='word_1_142' title='bbox 481 1905 749 1969; x_wconf 86' lang='lat' dir='ltr'>alterum</span> <span class='ocrx_word' id='word_1_143' title='bbox 783 1902 1017 1966; x_wconf 86' lang='lat' dir='ltr'>similia</span> <span class='ocrx_word' id='word_1_144' title='bbox 1043 1902 1282 1963; x_wconf 88' lang='lat' dir='ltr'>amoris</span> <span class='ocrx_word' id='word_1_145' title='bbox 1312 1900 1539 1965; x_wconf 72' lang='lat' dir='ltr'>indicia</span> <span class='ocrx_word' id='word_1_146' title='bbox 1566 1901 1857 1969; x_wconf 86' lang='lat' dir='ltr'>habuisse</span> <span class='ocrx_word' id='word_1_147' title='bbox 1878 1919 2044 1965; x_wconf 88' lang='lat' dir='ltr'>com·</span> <span class='ocrx_word' id='word_1_148' title='bbox 2153 1901 2395 1974; x_wconf 83' lang='lat' dir='ltr'>centia,</span> <span class='ocrx_word' id='word_1_149' title='bbox 2432 1898 2676 1965; x_wconf 87' lang='lat' dir='ltr'>illibata</span> <span class='ocrx_word' id='word_1_150' title='bbox 2700 1899 3026 1983; x_wconf 75' lang='lat' dir='ltr'>virginitas</span> <span class='ocrx_word' id='word_1_151' title='bbox 3056 1922 3130 1966; x_wconf 84' lang='lat' dir='ltr'>ae</span> <span class='ocrx_word' id='word_1_152' title='bbox 3157 1898 3600 1965; x_wconf 87' lang='lat' dir='ltr'>ardentissima</span> <span class='ocrx_word' id='word_1_153' title='bbox 3656 1900 3724 1963; x_wconf 76' lang='lat' dir='ltr'>in</span> 
     </span>
    </p>
   </div>
   <div class='ocr_carea' id='block_1_11' title="bbox 478 2000 861 2086">
    <p class='ocr_par' dir='ltr' id='par_1_11' title="bbox 478 2000 861 2086">
     <span class='ocr_line' id='line_1_25' title="bbox 478 2000 861 2086; baseline -0.013 -20"><span class='ocrx_word' id='word_1_154' title='bbox 478 2011 726 2086; x_wconf 87' lang='lat' dir='ltr'>pertum</span> <span class='ocrx_word' id='word_1_155' title='bbox 757 2000 861 2063; x_wconf 87' lang='lat' dir='ltr'>sit.</span> 
     </span>
    </p>
   </div>
   <div class='ocr_carea' id='block_1_12' title="bbox 609 2072 2133 2179">
    <p class='ocr_par' dir='ltr' id='par_1_12' title="bbox 609 2072 2133 2179">
     <span class='ocr_line' id='line_1_26' title="bbox 609 2072 2133 2179; baseline -0.003 -19"><span class='ocrx_word' id='word_1_156' title='bbox 609 2105 797 2162; x_wconf 73' lang='lat' dir='ltr'>necet</span> <span class='ocrx_word' id='word_1_157' title='bbox 832 2096 1059 2179; x_wconf 51' lang='grc' dir='ltr'>ἰδίων.</span> <span class='ocrx_word' id='word_1_158' title='bbox 1088 2098 1341 2159; x_wconf 66' lang='lat' dir='ltr'>PATER</span> <span class='ocrx_word' id='word_1_159' title='bbox 1362 2092 1844 2175; x_wconf 54' lang='lat' dir='ltr'>nummatus,</span> <span class='ocrx_word' id='word_1_160' title='bbox 1876 2093 2044 2176; x_wconf 78' lang='lat' dir='ltr'>quod</span> <span class='ocrx_word' id='word_1_161' title='bbox 2086 2072 2133 2157; x_wconf 79' lang='grc'>.“</span> 
     </span>
    </p>
   </div>
   <div class='ocr_carea' id='block_1_13' title="bbox 468 2189 2047 2574">
    <p class='ocr_par' dir='ltr' id='par_1_13' title="bbox 468 2189 2047 2574">
     <span class='ocr_line' id='line_1_27' title="bbox 480 2189 2047 2261; baseline -0.006 0"><span class='ocrx_word' id='word_1_162' title='bbox 480 2195 626 2261; x_wconf 82' lang='lat' dir='ltr'>huic</span> <span class='ocrx_word' id='word_1_163' title='bbox 659 2193 905 2259; x_wconf 87' lang='lat' dir='ltr'>mulieri</span> <span class='ocrx_word' id='word_1_164' title='bbox 939 2191 1280 2257; x_wconf 82' lang='lat' dir='ltr'>virtutibus</span> <span class='ocrx_word' id='word_1_165' title='bbox 1312 2200 1376 2255; x_wconf 89' lang='lat' dir='ltr'>et</span> <span class='ocrx_word' id='word_1_166' title='bbox 1411 2189 1727 2256; x_wconf 75' lang='lat' dir='ltr'>miraculis</span> <span class='ocrx_word' id='word_1_167' title='bbox 1759 2192 1917 2256; x_wconf 83' lang='lat' dir='ltr'>adeo</span> <span class='ocrx_word' id='word_1_168' title='bbox 1972 2190 2047 2254; x_wconf 90' lang='lat' dir='ltr'>il-</span> 
     </span>
     <span class='ocr_line' id='line_1_28' title="bbox 477 2287 2045 2375; baseline -0.001 -20"><span class='ocrx_word' id='word_1_169' title='bbox 477 2290 661 2375; x_wconf 78' lang='lat' dir='ltr'>lustri</span> <span class='ocrx_word' id='word_1_170' title='bbox 692 2300 835 2355; x_wconf 89' lang='lat' dir='ltr'>tuae</span> <span class='ocrx_word' id='word_1_171' title='bbox 865 2287 1043 2353; x_wconf 82' lang='lat' dir='ltr'>vocis</span> <span class='ocrx_word' id='word_1_172' title='bbox 1075 2287 1327 2351; x_wconf 85' lang='lat' dir='ltr'>oraculo</span> <span class='ocrx_word' id='word_1_173' title='bbox 1366 2288 1505 2351; x_wconf 82' lang='lat' dir='ltr'>novi</span> <span class='ocrx_word' id='word_1_174' title='bbox 1543 2287 1748 2350; x_wconf 86' lang='lat' dir='ltr'>cultus</span> <span class='ocrx_word' id='word_1_175' title='bbox 1777 2287 2045 2353; x_wconf 87' lang='lat' dir='ltr'>honores</span> 
     </span>
     <span class='ocr_line' id='line_1_29' title="bbox 479 2385 2047 2467; baseline -0.004 -12"><span class='ocrx_word' id='word_1_176' title='bbox 479 2391 932 2458; x_wconf 81' lang='lat' dir='ltr'>decernantur,</span> <span class='ocrx_word' id='word_1_177' title='bbox 964 2394 1448 2467; x_wconf 84' lang='lat' dir='ltr'>ceterarumque</span> <span class='ocrx_word' id='word_1_178' title='bbox 1499 2393 1852 2450; x_wconf 84' lang='lat' dir='ltr'>sanctarum</span> <span class='ocrx_word' id='word_1_179' title='bbox 1914 2385 2047 2448; x_wconf 88' lang='lat' dir='ltr'>Vir·</span> 
     </span>
     <span class='ocr_line' id='line_1_30' title="bbox 468 2482 1962 2574; baseline -0.003 -25"><span class='ocrx_word' id='word_1_180' title='bbox 468 2489 698 2574; x_wconf 59' lang='lat' dir='ltr'>ginum</span> <span class='ocrx_word' id='word_1_181' title='bbox 731 2484 919 2551; x_wconf 88' lang='lat' dir='ltr'>choro</span> <span class='ocrx_word' id='word_1_182' title='bbox 946 2483 1088 2569; x_wconf 82' lang='lat' dir='ltr'>ejus</span> <span class='ocrx_word' id='word_1_183' title='bbox 1116 2482 1312 2548; x_wconf 88' lang='lat' dir='ltr'>etiam</span> <span class='ocrx_word' id='word_1_184' title='bbox 1343 2482 1592 2548; x_wconf 90' lang='lat' dir='ltr'>nomine</span> <span class='ocrx_word' id='word_1_185' title='bbox 1627 2483 1962 2568; x_wconf 81' lang='lat' dir='ltr'>adscripto.</span> 
     </span>
    </p>
   </div>
   <div class='ocr_carea' id='block_1_14' title="bbox 476 2776 2046 2955">
    <p class='ocr_par' dir='ltr' id='par_1_14' title="bbox 476 2776 2046 2955">
     <span class='ocr_line' id='line_1_31' title="bbox 476 2776 2046 2854; baseline -0.004 -9"><span class='ocrx_word' id='word_1_186' title='bbox 476 2778 904 2845; x_wconf 70' lang='lat' dir='ltr'><strong><em>ANTONIUS</em></strong></span> <span class='ocrx_word' id='word_1_187' title='bbox 940 2780 1057 2839; x_wconf 73' lang='lat' dir='ltr'>Tit.</span> <span class='ocrx_word' id='word_1_188' title='bbox 1091 2778 1151 2840; x_wconf 86' lang='lat' dir='ltr'>S.</span> <span class='ocrx_word' id='word_1_189' title='bbox 1188 2780 1465 2840; x_wconf 66' lang='lat' dir='ltr'>silvestri</span> <span class='ocrx_word' id='word_1_190' title='bbox 1492 2776 1561 2839; x_wconf 69' lang='lat' dir='ltr'>{a</span> <span class='ocrx_word' id='word_1_191' title='bbox 1597 2780 1814 2854; x_wconf 75' lang='lat' dir='ltr'>capies</span> <span class='ocrx_word' id='word_1_192' title='bbox 1868 2778 2046 2840; x_wconf 77' lang='lat' dir='ltr'>Pres-</span> 
     </span>
     <span class='ocr_line' id='line_1_32' title="bbox 862 2874 1654 2955; baseline -0.001 -17"><span class='ocrx_word' id='word_1_193' title='bbox 862 2881 1036 2955; x_wconf 70' lang='lat' dir='ltr'>byter</span> <span class='ocrx_word' id='word_1_194' title='bbox 1065 2874 1407 2940; x_wconf 73' lang='lat' dir='ltr'>cardinalis</span> <span class='ocrx_word' id='word_1_195' title='bbox 1440 2879 1654 2955; x_wconf 69' lang='lat' dir='ltr'>Rufus.</span> 
     </span>
    </p>
   </div>
   <div class='ocr_carea' id='block_1_15' title="bbox 473 3062 2047 5494">
    <p class='ocr_par' dir='ltr' id='par_1_15' title="bbox 473 3062 2047 5494">
     <span class='ocr_line' id='line_1_33' title="bbox 599 3062 2045 3164; baseline -0.001 -27"><span class='ocrx_word' id='word_1_196' title='bbox 599 3070 777 3138; x_wconf 71' lang='lat' dir='ltr'>Fecit</span> <span class='ocrx_word' id='word_1_197' title='bbox 808 3062 1359 3158; x_wconf 68' lang='lat' dir='ltr'>Dominus&#39;magna</span> <span class='ocrx_word' id='word_1_198' title='bbox 1386 3071 1449 3164; x_wconf 70' lang='lat' dir='ltr'>in</span> <span class='ocrx_word' id='word_1_199' title='bbox 1479 3070 1677 3137; x_wconf 79' lang='lat' dir='ltr'>corde</span> <span class='ocrx_word' id='word_1_200' title='bbox 1704 3074 1773 3135; x_wconf 84' lang='lat' dir='ltr'>B.</span> <span class='ocrx_word' id='word_1_201' title='bbox 1826 3069 2045 3136; x_wconf 87' lang='lat' dir='ltr'>catha-</span> 
     </span>
     <span class='ocr_line' id='line_1_34' title="bbox 476 3167 2039 3253; baseline -0.001 -18"><span class='ocrx_word' id='word_1_202' title='bbox 476 3170 650 3236; x_wconf 81' lang='lat' dir='ltr'>rinae</span> <span class='ocrx_word' id='word_1_203' title='bbox 681 3171 760 3235; x_wconf 87' lang='lat' dir='ltr'>de</span> <span class='ocrx_word' id='word_1_204' title='bbox 786 3170 1035 3236; x_wconf 79' lang='lat' dir='ltr'>Ricciis.</span> <span class='ocrx_word' id='word_1_205' title='bbox 1061 3177 1282 3249; x_wconf 76' lang='lat' dir='ltr'>Magna</span> <span class='ocrx_word' id='word_1_206' title='bbox 1314 3171 1572 3253; x_wconf 88' lang='lat' dir='ltr'>quidem</span> <span class='ocrx_word' id='word_1_207' title='bbox 1607 3169 1754 3234; x_wconf 70' lang='lat' dir='ltr'>serit</span> <span class='ocrx_word' id='word_1_208' title='bbox 1783 3167 1888 3251; x_wconf 89' lang='lat' dir='ltr'>qui</span> <span class='ocrx_word' id='word_1_209' title='bbox 1928 3189 2039 3251; x_wconf 88' lang='lat' dir='ltr'>po·</span> 
     </span>
     <span class='ocr_line' id='line_1_35' title="bbox 474 3265 2041 3351; baseline 0.001 -21"><span class='ocrx_word' id='word_1_210' title='bbox 474 3275 613 3333; x_wconf 85' lang='lat' dir='ltr'>tens</span> <span class='ocrx_word' id='word_1_211' title='bbox 643 3274 778 3340; x_wconf 89' lang='lat' dir='ltr'>est,</span> <span class='ocrx_word' id='word_1_212' title='bbox 806 3268 950 3332; x_wconf 90' lang='lat' dir='ltr'>dum</span> <span class='ocrx_word' id='word_1_213' title='bbox 983 3267 1399 3333; x_wconf 86' lang='lat' dir='ltr'>innocentiam</span> <span class='ocrx_word' id='word_1_214' title='bbox 1446 3288 1594 3332; x_wconf 75' lang='lat' dir='ltr'>eum</span> <span class='ocrx_word' id='word_1_215' title='bbox 1656 3265 2041 3351; x_wconf 73' lang='lat' dir='ltr'>poertitentia</span> 
     </span>
     <span class='ocr_line' id='line_1_36' title="bbox 475 3363 2045 3449; baseline -0.003 -18"><span class='ocrx_word' id='word_1_216' title='bbox 475 3366 850 3431; x_wconf 82' lang='lat' dir='ltr'>mirabiliter</span> <span class='ocrx_word' id='word_1_217' title='bbox 876 3364 1201 3449; x_wconf 73' lang='lat' dir='ltr'>conjunxit</span> <span class='ocrx_word' id='word_1_218' title='bbox 1222 3408 1243 3437; x_wconf 88' lang='lat'><strong>,</strong></span> <span class='ocrx_word' id='word_1_219' title='bbox 1274 3365 1422 3429; x_wconf 88' lang='lat' dir='ltr'>dum</span> <span class='ocrx_word' id='word_1_220' title='bbox 1454 3363 1580 3428; x_wconf 81' lang='lat' dir='ltr'>fide</span> <span class='ocrx_word' id='word_1_221' title='bbox 1607 3384 1767 3446; x_wconf 87' lang='lat' dir='ltr'>quae</span> <span class='ocrx_word' id='word_1_222' title='bbox 1797 3384 1912 3446; x_wconf 88' lang='lat' dir='ltr'>per</span> <span class='ocrx_word' id='word_1_223' title='bbox 1955 3363 2045 3426; x_wconf 89' lang='lat' dir='ltr'>di-</span> 
     </span>
     <span class='ocr_line' id='line_1_37' title="bbox 473 3460 2042 3548; baseline -0.002 -21"><span class='ocrx_word' id='word_1_224' title='bbox 473 3460 810 3528; x_wconf 79' lang='lat' dir='ltr'>lectionem</span> <span class='ocrx_word' id='word_1_225' title='bbox 844 3469 1176 3546; x_wconf 76' lang='lat' dir='ltr'>operatur,</span> <span class='ocrx_word' id='word_1_226' title='bbox 1204 3463 1282 3527; x_wconf 81' lang='lat' dir='ltr'>ad</span> <span class='ocrx_word' id='word_1_227' title='bbox 1313 3481 1584 3546; x_wconf 85' lang='lat' dir='ltr'>superna</span> <span class='ocrx_word' id='word_1_228' title='bbox 1609 3461 1847 3548; x_wconf 80' lang='lat' dir='ltr'>jugiter</span> <span class='ocrx_word' id='word_1_229' title='bbox 1877 3470 2042 3527; x_wconf 82' lang='lat' dir='ltr'>trau-</span> 
     </span>
     <span class='ocr_line' id='line_1_38' title="bbox 475 3558 2039 3640; baseline -0.003 -15"><span class='ocrx_word' id='word_1_230' title='bbox 475 3559 704 3627; x_wconf 78' lang='lat' dir='ltr'>st&#39;erret</span> <span class='ocrx_word' id='word_1_231' title='bbox 724 3603 745 3634; x_wconf 86' lang='lat'>‚</span> <span class='ocrx_word' id='word_1_232' title='bbox 814 3558 1108 3623; x_wconf 85' lang='lat' dir='ltr'>caelestia</span> <span class='ocrx_word' id='word_1_233' title='bbox 1169 3578 1422 3640; x_wconf 86' lang='lat' dir='ltr'>semper</span> <span class='ocrx_word' id='word_1_234' title='bbox 1467 3558 2039 3640; x_wconf 72' lang='lat' dir='ltr'>contemplaretur,</span> 
     </span>
     <span class='ocr_line' id='line_1_39' title="bbox 476 3653 2039 3742; baseline -0.003 -19"><span class='ocrx_word' id='word_1_235' title='bbox 476 3660 802 3742; x_wconf 67' lang='lat' dir='ltr'>Reiparam</span> <span class='ocrx_word' id='word_1_236' title='bbox 833 3656 1033 3736; x_wconf 81' lang='lat' dir='ltr'>oculis</span> <span class='ocrx_word' id='word_1_237' title='bbox 1059 3653 1395 3734; x_wconf 71' lang='lat' dir='ltr'>visibiliter</span> <span class='ocrx_word' id='word_1_238' title='bbox 1422 3655 1854 3738; x_wconf 88' lang='lat' dir='ltr'>conspiceret,</span> <span class='ocrx_word' id='word_1_239' title='bbox 1881 3661 2039 3719; x_wconf 81' lang='lat' dir='ltr'>Pue-</span> 
     </span>
     <span class='ocr_line' id='line_1_40' title="bbox 481 3747 2040 3837; baseline -0.004 -17"><span class='ocrx_word' id='word_1_240' title='bbox 481 3747 618 3820; x_wconf 81' lang='lat' dir='ltr'>rum</span> <span class='ocrx_word' id='word_1_241' title='bbox 648 3763 864 3820; x_wconf 77' lang='lat' dir='ltr'>lesum</span> <span class='ocrx_word' id='word_1_242' title='bbox 901 3754 1238 3820; x_wconf 74' lang='lat' dir='ltr'>tenerrime</span> <span class='ocrx_word' id='word_1_243' title='bbox 1294 3752 1837 3837; x_wconf 66' lang='lat' dir='ltr'>complecteretur.</span> <span class='ocrx_word' id='word_1_244' title='bbox 1895 3751 2040 3828; x_wconf 87' lang='lat' dir='ltr'>Qui-</span> 
     </span>
     <span class='ocr_line' id='line_1_41' title="bbox 477 3849 2043 3932; baseline -0.002 -16"><span class='ocrx_word' id='word_1_245' title='bbox 477 3854 721 3916; x_wconf 85' lang='lat' dir='ltr'>nimmo</span> <span class='ocrx_word' id='word_1_246' title='bbox 750 3851 980 3917; x_wconf 89' lang='lat' dir='ltr'>annulo</span> <span class='ocrx_word' id='word_1_247' title='bbox 1006 3849 1154 3916; x_wconf 79' lang='lat' dir='ltr'>fidei</span> <span class='ocrx_word' id='word_1_248' title='bbox 1186 3849 1266 3912; x_wconf 89' lang='lat' dir='ltr'>ab</span> <span class='ocrx_word' id='word_1_249' title='bbox 1297 3849 1435 3932; x_wconf 89' lang='lat' dir='ltr'>ipso</span> <span class='ocrx_word' id='word_1_250' title='bbox 1464 3849 1906 3931; x_wconf 76' lang='lat' dir='ltr'>Redemptore,</span> <span class='ocrx_word' id='word_1_251' title='bbox 1935 3849 2043 3913; x_wconf 87' lang='lat' dir='ltr'>da-</span> 
     </span>
     <span class='ocr_line' id='line_1_42' title="bbox 475 3937 2043 4031; baseline -0.003 -17"><span class='ocrx_word' id='word_1_252' title='bbox 475 3957 538 4016; x_wconf 89' lang='lat' dir='ltr'>ta</span> <span class='ocrx_word' id='word_1_253' title='bbox 564 3951 822 4022; x_wconf 74' lang='lat' dir='ltr'>dextera</span> <span class='ocrx_word' id='word_1_254' title='bbox 850 3949 1338 4031; x_wconf 61' lang='lat' dir='ltr'>desponsaretur</span> <span class='ocrx_word' id='word_1_255' title='bbox 1356 3990 1379 4020; x_wconf 83' lang='lat'>‚</span> <span class='ocrx_word' id='word_1_256' title='bbox 1409 3948 1745 4030; x_wconf 83' lang='lat' dir='ltr'>eidemque</span> <span class='ocrx_word' id='word_1_257' title='bbox 1795 3937 2043 4030; x_wconf 80' lang='lat' dir='ltr'>semper</span> 
     </span>
     <span class='ocr_line' id='line_1_43' title="bbox 474 4042 2040 4126; baseline -0.001 -15"><span class='ocrx_word' id='word_1_258' title='bbox 474 4049 824 4112; x_wconf 84' lang='lat' dir='ltr'>adhaerens</span> <span class='ocrx_word' id='word_1_259' title='bbox 844 4087 867 4120; x_wconf 89' lang='lat'>‚</span> <span class='ocrx_word' id='word_1_260' title='bbox 893 4065 1054 4109; x_wconf 89' lang='lat' dir='ltr'>unns</span> <span class='ocrx_word' id='word_1_261' title='bbox 1086 4044 1346 4126; x_wconf 88' lang='lat' dir='ltr'>spiritus</span> <span class='ocrx_word' id='word_1_262' title='bbox 1374 4042 1552 4108; x_wconf 84' lang='lat' dir='ltr'>fieret</span> <span class='ocrx_word' id='word_1_263' title='bbox 1581 4066 1723 4110; x_wconf 84' lang='lat' dir='ltr'>cum</span> <span class='ocrx_word' id='word_1_264' title='bbox 1780 4065 1897 4120; x_wconf 88' lang='lat' dir='ltr'>eo,</span> <span class='ocrx_word' id='word_1_265' title='bbox 1941 4065 2040 4109; x_wconf 82' lang='lat' dir='ltr'>as-</span> 
     </span>
     <span class='ocr_line' id='line_1_44' title="bbox 475 4141 2037 4224; baseline -0.004 -13"><span class='ocrx_word' id='word_1_266' title='bbox 475 4147 801 4216; x_wconf 74' lang='lat' dir='ltr'>censiones</span> <span class='ocrx_word' id='word_1_267' title='bbox 828 4144 890 4207; x_wconf 92' lang='lat' dir='ltr'>in</span> <span class='ocrx_word' id='word_1_268' title='bbox 928 4143 1120 4208; x_wconf 87' lang='lat' dir='ltr'>corde</span> <span class='ocrx_word' id='word_1_269' title='bbox 1164 4163 1279 4206; x_wconf 88' lang='lat' dir='ltr'>suo</span> <span class='ocrx_word' id='word_1_270' title='bbox 1336 4141 1642 4224; x_wconf 77' lang='lat' dir='ltr'>disposuit</span> <span class='ocrx_word' id='word_1_271' title='bbox 1697 4143 2037 4216; x_wconf 80' lang='lat' dir='ltr'>Dominus,</span> 
     </span>
     <span class='ocr_line' id='line_1_45' title="bbox 477 4236 2043 4322; baseline -0.005 -15"><span class='ocrx_word' id='word_1_272' title='bbox 477 4261 618 4307; x_wconf 89' lang='lat' dir='ltr'>cum</span> <span class='ocrx_word' id='word_1_273' title='bbox 638 4253 860 4322; x_wconf 54' lang='lat' dir='ltr'>tamn</span> <span class='ocrx_word' id='word_1_274' title='bbox 891 4240 1159 4320; x_wconf 83' lang='lat' dir='ltr'>superba</span> <span class='ocrx_word' id='word_1_275' title='bbox 1189 4255 1310 4304; x_wconf 88' lang='lat' dir='ltr'>nou</span> <span class='ocrx_word' id='word_1_276' title='bbox 1336 4240 1578 4319; x_wconf 85' lang='lat' dir='ltr'>sapuit,</span> <span class='ocrx_word' id='word_1_277' title='bbox 1608 4236 1911 4321; x_wconf 77' lang='lat' dir='ltr'>profunda</span> <span class='ocrx_word' id='word_1_278' title='bbox 1928 4236 2043 4300; x_wconf 89' lang='lat' dir='ltr'>hu·</span> 
     </span>
     <span class='ocr_line' id='line_1_46' title="bbox 476 4333 2037 4422; baseline -0.004 -19"><span class='ocrx_word' id='word_1_279' title='bbox 476 4339 741 4404; x_wconf 84' lang='lat' dir='ltr'>militate</span> <span class='ocrx_word' id='word_1_280' title='bbox 767 4333 1056 4422; x_wconf 75' lang='lat' dir='ltr'>profecit,</span> <span class='ocrx_word' id='word_1_281' title='bbox 1085 4335 1333 4416; x_wconf 79' lang='lat' dir='ltr'>sibique</span> <span class='ocrx_word' id='word_1_282' title='bbox 1365 4333 1485 4416; x_wconf 78' lang='lat' dir='ltr'>ipsi</span> <span class='ocrx_word' id='word_1_283' title='bbox 1512 4343 1815 4418; x_wconf 83' lang='lat' dir='ltr'>perpetuo</span> <span class='ocrx_word' id='word_1_284' title='bbox 1834 4333 2037 4399; x_wconf 84' lang='lat' dir='ltr'>viluit.</span> 
     </span>
     <span class='ocr_line' id='line_1_47' title="bbox 477 4431 2039 4519; baseline -0.003 -17"><span class='ocrx_word' id='word_1_285' title='bbox 477 4437 771 4519; x_wconf 79' lang='lat' dir='ltr'>Respexit</span> <span class='ocrx_word' id='word_1_286' title='bbox 799 4434 1091 4510; x_wconf 73' lang='lat' dir='ltr'>uominus</span> <span class='ocrx_word' id='word_1_287' title='bbox 1111 4431 1530 4497; x_wconf 81' lang='lat' dir='ltr'>humilitatem</span> <span class='ocrx_word' id='word_1_288' title='bbox 1557 4432 1836 4498; x_wconf 77' lang='lat' dir='ltr'>Ancillae</span> <span class='ocrx_word' id='word_1_289' title='bbox 1865 4453 2039 4506; x_wconf 72' lang='lat' dir='ltr'>suae,</span> 
     </span>
     <span class='ocr_line' id='line_1_48' title="bbox 476 4528 2040 4618; baseline -0.006 -17"><span class='ocrx_word' id='word_1_290' title='bbox 476 4532 922 4615; x_wconf 81' lang='lat' dir='ltr'>cumprecihus</span> <span class='ocrx_word' id='word_1_291' title='bbox 950 4539 1016 4595; x_wconf 88' lang='lat' dir='ltr'>et</span> <span class='ocrx_word' id='word_1_292' title='bbox 1044 4528 1336 4614; x_wconf 78' lang='lat' dir='ltr'>lacrymis</span> <span class='ocrx_word' id='word_1_293' title='bbox 1353 4528 1494 4612; x_wconf 86' lang='lat' dir='ltr'>ejus</span> <span class='ocrx_word' id='word_1_294' title='bbox 1523 4528 1874 4618; x_wconf 39' lang='lat' dir='ltr'>liberalitas</span> <span class='ocrx_word' id='word_1_295' title='bbox 1894 4549 2040 4594; x_wconf 86' lang='lat' dir='ltr'>con·</span> 
     </span>
     <span class='ocr_line' id='line_1_49' title="bbox 478 4627 2043 4714; baseline -0.005 -15"><span class='ocrx_word' id='word_1_296' title='bbox 478 4634 709 4712; x_wconf 80' lang='lat' dir='ltr'>cessit,</span> <span class='ocrx_word' id='word_1_297' title='bbox 738 4630 903 4714; x_wconf 89' lang='lat' dir='ltr'>quod</span> <span class='ocrx_word' id='word_1_298' title='bbox 934 4628 1252 4694; x_wconf 83' lang='lat' dir='ltr'>exteriora</span> <span class='ocrx_word' id='word_1_299' title='bbox 1282 4627 1633 4691; x_wconf 72' lang='lat' dir='ltr'>sanctitatis</span> <span class='ocrx_word' id='word_1_300' title='bbox 1662 4627 1833 4711; x_wconf 76' lang='lat' dir='ltr'>signa</span> <span class='ocrx_word' id='word_1_301' title='bbox 1863 4628 1928 4690; x_wconf 92' lang='lat' dir='ltr'>in</span> <span class='ocrx_word' id='word_1_302' title='bbox 1967 4647 2043 4692; x_wconf 85' lang='lat' dir='ltr'>ea</span> 
     </span>
     <span class='ocr_line' id='line_1_50' title="bbox 478 4722 2046 4813; baseline -0.005 -19"><span class='ocrx_word' id='word_1_303' title='bbox 478 4731 653 4796; x_wconf 86' lang='lat' dir='ltr'>nulla</span> <span class='ocrx_word' id='word_1_304' title='bbox 672 4731 1064 4813; x_wconf 71' lang='lat' dir='ltr'>apparerent,</span> <span class='ocrx_word' id='word_1_305' title='bbox 1096 4722 1264 4807; x_wconf 85' lang='lat' dir='ltr'>quod</span> <span class='ocrx_word' id='word_1_306' title='bbox 1290 4722 1368 4800; x_wconf 78' lang='lat' dir='ltr'>ad</span> <span class='ocrx_word' id='word_1_307' title='bbox 1394 4743 1613 4788; x_wconf 83' lang='lat' dir='ltr'>manus</span> <span class='ocrx_word' id='word_1_308' title='bbox 1638 4722 1890 4788; x_wconf 85' lang='lat' dir='ltr'>humilis</span> <span class='ocrx_word' id='word_1_309' title='bbox 1908 4722 2046 4786; x_wconf 86' lang='lat' dir='ltr'>Vir-</span> 
     </span>
     <span class='ocr_line' id='line_1_51' title="bbox 482 4819 2042 4918; baseline -0.004 -27"><span class='ocrx_word' id='word_1_310' title='bbox 482 4829 643 4918; x_wconf 76' lang='lat' dir='ltr'>ginis</span> <span class='ocrx_word' id='word_1_311' title='bbox 668 4823 1017 4910; x_wconf 79' lang='lat' dir='ltr'>perveniret</span> <span class='ocrx_word' id='word_1_312' title='bbox 1042 4820 1374 4895; x_wconf 85' lang='lat' dir='ltr'>volumen,</span> <span class='ocrx_word' id='word_1_313' title='bbox 1435 4821 1498 4882; x_wconf 90' lang='lat' dir='ltr'>in</span> <span class='ocrx_word' id='word_1_314' title='bbox 1556 4841 1680 4903; x_wconf 90' lang='lat' dir='ltr'>quo</span> <span class='ocrx_word' id='word_1_315' title='bbox 1734 4819 2042 4886; x_wconf 71' lang='lat' dir='ltr'>Moniales</span> 
     </span>
     <span class='ocr_line' id='line_1_52' title="bbox 484 4916 2047 5012; baseline -0.006 -20"><span class='ocrx_word' id='word_1_316' title='bbox 484 4926 769 5012; x_wconf 79' lang='lat' dir='ltr'>ejusdem</span> <span class='ocrx_word' id='word_1_317' title='bbox 802 4923 1068 4985; x_wconf 82' lang='lat' dir='ltr'>virtutes</span> <span class='ocrx_word' id='word_1_318' title='bbox 1094 4927 1163 4981; x_wconf 87' lang='lat' dir='ltr'>et</span> <span class='ocrx_word' id='word_1_319' title='bbox 1192 4917 1356 4981; x_wconf 90' lang='lat' dir='ltr'>dona</span> <span class='ocrx_word' id='word_1_320' title='bbox 1387 4916 1722 4999; x_wconf 75' lang='lat' dir='ltr'>diligenter</span> <span class='ocrx_word' id='word_1_321' title='bbox 1779 4916 2047 4982; x_wconf 86' lang='lat' dir='ltr'>collecta</span> 
     </span>
     <span class='ocr_line' id='line_1_53' title="bbox 485 5013 2047 5098; baseline -0.008 -6"><span class='ocrx_word' id='word_1_322' title='bbox 485 5027 929 5092; x_wconf 76' lang='lat' dir='ltr'>exaraveram,</span> <span class='ocrx_word' id='word_1_323' title='bbox 957 5017 1296 5098; x_wconf 76' lang='lat' dir='ltr'>statimque</span> <span class='ocrx_word' id='word_1_324' title='bbox 1326 5014 1598 5078; x_wconf 82' lang='lat' dir='ltr'>flammis</span> <span class='ocrx_word' id='word_1_325' title='bbox 1627 5013 1881 5079; x_wconf 83' lang='lat' dir='ltr'>addixit.</span> <span class='ocrx_word' id='word_1_326' title='bbox 1904 5022 2047 5079; x_wconf 84' lang='lat' dir='ltr'>Pro·</span> 
     </span>
     <span class='ocr_line' id='line_1_54' title="bbox 484 5111 2045 5198; baseline -0.006 -12"><span class='ocrx_word' id='word_1_327' title='bbox 484 5122 651 5198; x_wconf 74' lang='lat' dir='ltr'>fecto</span> <span class='ocrx_word' id='word_1_328' title='bbox 670 5163 691 5194; x_wconf 85' lang='lat'>‚</span> <span class='ocrx_word' id='word_1_329' title='bbox 724 5119 1181 5183; x_wconf 71' lang='lat' dir='ltr'>Bsssslssmss</span> <span class='ocrx_word' id='word_1_330' title='bbox 1216 5117 1463 5176; x_wconf 73' lang='lat' dir='ltr'>PATER</span> <span class='ocrx_word' id='word_1_331' title='bbox 1485 5154 1508 5185; x_wconf 90' lang='lat'>‚</span> <span class='ocrx_word' id='word_1_332' title='bbox 1548 5111 1702 5177; x_wconf 87' lang='lat' dir='ltr'>baec</span> <span class='ocrx_word' id='word_1_333' title='bbox 1728 5121 1831 5175; x_wconf 85' lang='lat' dir='ltr'>est</span> <span class='ocrx_word' id='word_1_334' title='bbox 1854 5111 2045 5195; x_wconf 77' lang='lat' dir='ltr'>Virgo</span> 
     </span>
     <span class='ocr_line' id='line_1_55' title="bbox 484 5207 2043 5302; baseline -0.004 -22"><span class='ocrx_word' id='word_1_335' title='bbox 484 5219 765 5302; x_wconf 78' lang='lat' dir='ltr'>sapiens,</span> <span class='ocrx_word' id='word_1_336' title='bbox 794 5233 979 5297; x_wconf 88' lang='lat' dir='ltr'>quam</span> <span class='ocrx_word' id='word_1_337' title='bbox 1015 5209 1314 5274; x_wconf 76' lang='lat' dir='ltr'>Dominus</span> <span class='ocrx_word' id='word_1_338' title='bbox 1342 5207 1706 5293; x_wconf 76' lang='lat' dir='ltr'>vigilantem</span> <span class='ocrx_word' id='word_1_339' title='bbox 1760 5208 2043 5282; x_wconf 82' lang='lat' dir='ltr'>invenit,</span> 
     </span>
     <span class='ocr_line' id='line_1_56' title="bbox 483 5305 2046 5402; baseline -0.009 -19"><span class='ocrx_word' id='word_1_340' title='bbox 483 5334 773 5402; x_wconf 85' lang='lat' dir='ltr'>quaeque</span> <span class='ocrx_word' id='word_1_341' title='bbox 804 5308 1051 5376; x_wconf 84' lang='lat' dir='ltr'>obviam</span> <span class='ocrx_word' id='word_1_342' title='bbox 1080 5306 1189 5369; x_wconf 84' lang='lat' dir='ltr'>ivit</span> <span class='ocrx_word' id='word_1_343' title='bbox 1216 5311 1457 5387; x_wconf 83' lang='lat' dir='ltr'>sponso</span> <span class='ocrx_word' id='word_1_344' title='bbox 1483 5305 1925 5388; x_wconf 83' lang='lat' dir='ltr'>lampade.uon</span> <span class='ocrx_word' id='word_1_345' title='bbox 1944 5325 2046 5369; x_wconf 82' lang='lat' dir='ltr'>va·</span> 
     </span>
     <span class='ocr_line' id='line_1_57' title="bbox 484 5402 2047 5494; baseline -0.006 -17"><span class='ocrx_word' id='word_1_346' title='bbox 484 5435 618 5480; x_wconf 80' lang='lat' dir='ltr'>ena.</span> <span class='ocrx_word' id='word_1_347' title='bbox 650 5418 864 5494; x_wconf 70' lang='lat' dir='ltr'>Restat</span> <span class='ocrx_word' id='word_1_348' title='bbox 890 5416 959 5472; x_wconf 85' lang='lat' dir='ltr'>ut</span> <span class='ocrx_word' id='word_1_349' title='bbox 988 5424 1111 5471; x_wconf 86' lang='lat' dir='ltr'>non</span> <span class='ocrx_word' id='word_1_350' title='bbox 1141 5405 1261 5470; x_wconf 82' lang='lat' dir='ltr'>sub</span> <span class='ocrx_word' id='word_1_351' title='bbox 1290 5403 1547 5477; x_wconf 57' lang='lat' dir='ltr'>modio„</span> <span class='ocrx_word' id='word_1_352' title='bbox 1579 5402 1690 5482; x_wconf 86' lang='lat' dir='ltr'>sed</span> <span class='ocrx_word' id='word_1_353' title='bbox 1718 5423 1906 5487; x_wconf 86' lang='lat' dir='ltr'>supra</span> <span class='ocrx_word' id='word_1_354' title='bbox 1934 5408 2047 5484; x_wconf 78' lang='lat' dir='ltr'>Ec—</span> 
     </span>
    </p>
   </div>
   <div class='ocr_carea' id='block_1_16' title="bbox 2151 1996 3729 3054">
    <p class='ocr_par' dir='ltr' id='par_1_16' title="bbox 2151 1996 3729 3054">
     <span class='ocr_line' id='line_1_58' title="bbox 2158 1996 3722 2079; baseline 0.001 -20"><span class='ocrx_word' id='word_1_355' title='bbox 2158 2004 2352 2063; x_wconf 75' lang='lat' dir='ltr'>Deum</span> <span class='ocrx_word' id='word_1_356' title='bbox 2382 2007 2448 2063; x_wconf 92' lang='lat' dir='ltr'>et</span> <span class='ocrx_word' id='word_1_357' title='bbox 2475 1998 2832 2063; x_wconf 82' lang='lat' dir='ltr'>Proximum</span> <span class='ocrx_word' id='word_1_358' title='bbox 2866 1997 3177 2071; x_wconf 82' lang='lat' dir='ltr'>ebaritas,</span> <span class='ocrx_word' id='word_1_359' title='bbox 3238 2017 3506 2079; x_wconf 89' lang='lat' dir='ltr'>eamque</span> <span class='ocrx_word' id='word_1_360' title='bbox 3560 1996 3722 2061; x_wconf 90' lang='lat' dir='ltr'>adeo</span> 
     </span>
     <span class='ocr_line' id='line_1_59' title="bbox 2156 2091 3725 2178; baseline -0.002 -16"><span class='ocrx_word' id='word_1_361' title='bbox 2156 2095 2443 2178; x_wconf 52' lang='lat' dir='ltr'>super*</span> <span class='ocrx_word' id='word_1_362' title='bbox 2472 2095 2722 2160; x_wconf 80' lang='lat' dir='ltr'>divinae</span> <span class='ocrx_word' id='word_1_363' title='bbox 2749 2095 2983 2178; x_wconf 76' lang='lat' dir='ltr'>gratiae</span> <span class='ocrx_word' id='word_1_364' title='bbox 3015 2095 3386 2159; x_wconf 86' lang='lat' dir='ltr'>muneribus</span> <span class='ocrx_word' id='word_1_365' title='bbox 3444 2091 3725 2175; x_wconf 75' lang='lat' dir='ltr'>tocupto·</span> 
     </span>
     <span class='ocr_line' id='line_1_60' title="bbox 2156 2189 3717 2274; baseline -0.002 -17"><span class='ocrx_word' id='word_1_366' title='bbox 2156 2199 2395 2257; x_wconf 80' lang='lat' dir='ltr'>taverat</span> <span class='ocrx_word' id='word_1_367' title='bbox 2426 2193 2756 2263; x_wconf 76' lang='lat' dir='ltr'>Dominus..</span> <span class='ocrx_word' id='word_1_368' title='bbox 2789 2200 2860 2256; x_wconf 90' lang='lat' dir='ltr'>ut</span> <span class='ocrx_word' id='word_1_369' title='bbox 2888 2213 3030 2258; x_wconf 90' lang='lat' dir='ltr'>cum</span> <span class='ocrx_word' id='word_1_370' title='bbox 3067 2189 3421 2274; x_wconf 89' lang='lat' dir='ltr'>Seraphiois</span> <span class='ocrx_word' id='word_1_371' title='bbox 3479 2190 3717 2254; x_wconf 87' lang='lat' dir='ltr'>ardori·</span> 
     </span>
     <span class='ocr_line' id='line_1_61' title="bbox 2159 2288 3729 2375; baseline 0.001 -21"><span class='ocrx_word' id='word_1_372' title='bbox 2159 2292 2279 2355; x_wconf 88' lang='lat' dir='ltr'>bus</span> <span class='ocrx_word' id='word_1_373' title='bbox 2310 2300 2639 2375; x_wconf 78' lang='lat' dir='ltr'>ageretur,</span> <span class='ocrx_word' id='word_1_374' title='bbox 2669 2289 2769 2354; x_wconf 83' lang='lat' dir='ltr'>vel</span> <span class='ocrx_word' id='word_1_375' title='bbox 2801 2289 3058 2355; x_wconf 88' lang='lat' dir='ltr'>caelesti</span> <span class='ocrx_word' id='word_1_376' title='bbox 3109 2289 3341 2353; x_wconf 84' lang='lat' dir='ltr'>annulo</span> <span class='ocrx_word' id='word_1_377' title='bbox 3399 2288 3729 2355; x_wconf 85' lang='lat' dir='ltr'>subharra-</span> 
     </span>
     <span class='ocr_line' id='line_1_62' title="bbox 2154 2386 3720 2473; baseline 0.001 -24"><span class='ocrx_word' id='word_1_378' title='bbox 2154 2398 2215 2453; x_wconf 83' lang='lat' dir='ltr'>ta</span> <span class='ocrx_word' id='word_1_379' title='bbox 2235 2432 2257 2462; x_wconf 87' lang='lat'>‚</span> <span class='ocrx_word' id='word_1_380' title='bbox 2286 2387 2384 2453; x_wconf 81' lang='lat' dir='ltr'>vel</span> <span class='ocrx_word' id='word_1_381' title='bbox 2416 2390 2631 2471; x_wconf 82' lang='lat' dir='ltr'>spinea</span> <span class='ocrx_word' id='word_1_382' title='bbox 2659 2392 2895 2453; x_wconf 87' lang='lat' dir='ltr'>Corona</span> <span class='ocrx_word' id='word_1_383' title='bbox 2927 2387 3248 2459; x_wconf 88' lang='lat' dir='ltr'>redimita,</span> <span class='ocrx_word' id='word_1_384' title='bbox 3272 2387 3371 2453; x_wconf 82' lang='lat' dir='ltr'>vel</span> <span class='ocrx_word' id='word_1_385' title='bbox 3405 2386 3720 2473; x_wconf 77' lang='lat' dir='ltr'>Stigmati-</span> 
     </span>
     <span class='ocr_line' id='line_1_63' title="bbox 2157 2484 3726 2571; baseline -0.001 -20"><span class='ocrx_word' id='word_1_386' title='bbox 2157 2487 2278 2551; x_wconf 83' lang='lat' dir='ltr'>hus</span> <span class='ocrx_word' id='word_1_387' title='bbox 2308 2485 2600 2571; x_wconf 78' lang='lat' dir='ltr'>insignita</span> <span class='ocrx_word' id='word_1_388' title='bbox 2628 2504 2753 2551; x_wconf 79' lang='lat' dir='ltr'>non</span> <span class='ocrx_word' id='word_1_389' title='bbox 2784 2505 2898 2567; x_wconf 87' lang='lat' dir='ltr'>per</span> <span class='ocrx_word' id='word_1_390' title='bbox 2923 2486 3289 2571; x_wconf 75' lang='lat' dir='ltr'>martyrium</span> <span class='ocrx_word' id='word_1_391' title='bbox 3320 2486 3528 2552; x_wconf 85' lang='lat' dir='ltr'>carnis</span> <span class='ocrx_word' id='word_1_392' title='bbox 3552 2528 3575 2558; x_wconf 87' lang='lat'>‚</span> <span class='ocrx_word' id='word_1_393' title='bbox 3608 2484 3726 2550; x_wconf 77' lang='lat' dir='ltr'>sed</span> 
     </span>
     <span class='ocr_line' id='line_1_64' title="bbox 2156 2582 3723 2666; baseline -0.002 -19"><span class='ocrx_word' id='word_1_394' title='bbox 2156 2604 2270 2666; x_wconf 87' lang='lat' dir='ltr'>per</span> <span class='ocrx_word' id='word_1_395' title='bbox 2286 2584 2650 2649; x_wconf 75' lang='lat' dir='ltr'>incendium</span> <span class='ocrx_word' id='word_1_396' title='bbox 2684 2583 2914 2648; x_wconf 80' lang='lat' dir='ltr'>mentis</span> <span class='ocrx_word' id='word_1_397' title='bbox 2941 2592 3138 2648; x_wconf 85' lang='lat' dir='ltr'>totam</span> <span class='ocrx_word' id='word_1_398' title='bbox 3168 2583 3470 2647; x_wconf 89' lang='lat' dir='ltr'>inchristi</span> <span class='ocrx_word' id='word_1_399' title='bbox 3501 2582 3723 2647; x_wconf 85' lang='lat' dir='ltr'>simili-</span> 
     </span>
     <span class='ocr_line' id='line_1_65' title="bbox 2151 2678 3723 2763; baseline 0 -20"><span class='ocrx_word' id='word_1_400' title='bbox 2151 2680 2430 2751; x_wconf 77' lang='lat' dir='ltr'>tudinem</span> <span class='ocrx_word' id='word_1_401' title='bbox 2450 2700 2520 2744; x_wconf 90' lang='lat' dir='ltr'>se</span> <span class='ocrx_word' id='word_1_402' title='bbox 2539 2678 3105 2753; x_wconf 80' lang='lat' dir='ltr'>transformandam</span> <span class='ocrx_word' id='word_1_403' title='bbox 3127 2681 3477 2763; x_wconf 81' lang='lat' dir='ltr'>agnoverit.</span> <span class='ocrx_word' id='word_1_404' title='bbox 3497 2686 3723 2756; x_wconf 79' lang='lat' dir='ltr'>Quam·</span> 
     </span>
     <span class='ocr_line' id='line_1_66' title="bbox 2153 2777 3721 2862; baseline -0.001 -20"><span class='ocrx_word' id='word_1_405' title='bbox 2153 2780 2369 2842; x_wconf 83' lang='lat' dir='ltr'>obrem</span> <span class='ocrx_word' id='word_1_406' title='bbox 2404 2777 2801 2862; x_wconf 80' lang='lat' dir='ltr'>Apostolatus</span> <span class='ocrx_word' id='word_1_407' title='bbox 2827 2778 3034 2842; x_wconf 88' lang='lat' dir='ltr'>Vestri</span> <span class='ocrx_word' id='word_1_408' title='bbox 3055 2820 3076 2852; x_wconf 88' lang='lat'><strong>‚</strong></span> <span class='ocrx_word' id='word_1_409' title='bbox 3104 2783 3563 2842; x_wconf 72' lang='lat' dir='ltr'>Bssnlssmss</span> <span class='ocrx_word' id='word_1_410' title='bbox 3593 2784 3721 2842; x_wconf 70' lang='grc' dir='ltr'>ΡΑ-</span> 
     </span>
     <span class='ocr_line' id='line_1_67' title="bbox 2151 2873 3722 2958; baseline -0.001 -20"><span class='ocrx_word' id='word_1_411' title='bbox 2151 2881 2306 2939; x_wconf 76' lang='lat' dir='ltr'>TER</span> <span class='ocrx_word' id='word_1_412' title='bbox 2325 2918 2346 2947; x_wconf 90' lang='lat'>,</span> <span class='ocrx_word' id='word_1_413' title='bbox 2376 2874 2644 2958; x_wconf 63' lang='lat' dir='ltr'>dignitas</span> <span class='ocrx_word' id='word_1_414' title='bbox 2671 2874 2991 2954; x_wconf 71' lang='lat' dir='ltr'>exposcit,</span> <span class='ocrx_word' id='word_1_415' title='bbox 3021 2881 3092 2941; x_wconf 89' lang='lat' dir='ltr'>ut</span> <span class='ocrx_word' id='word_1_416' title='bbox 3121 2874 3312 2957; x_wconf 81' lang='lat' dir='ltr'>Virgo</span> <span class='ocrx_word' id='word_1_417' title='bbox 3363 2873 3517 2938; x_wconf 79' lang='lat' dir='ltr'>haee</span> <span class='ocrx_word' id='word_1_418' title='bbox 3566 2892 3722 2939; x_wconf 79' lang='lat' dir='ltr'>vere</span> 
     </span>
     <span class='ocr_line' id='line_1_68' title="bbox 2153 2969 3717 3054; baseline -0.001 -19"><span class='ocrx_word' id='word_1_419' title='bbox 2153 2975 2232 3036; x_wconf 93' lang='lat' dir='ltr'>de</span> <span class='ocrx_word' id='word_1_420' title='bbox 2260 2991 2522 3038; x_wconf 90' lang='lat' dir='ltr'>numero</span> <span class='ocrx_word' id='word_1_421' title='bbox 2538 2971 2912 3054; x_wconf 81' lang='lat' dir='ltr'>prudentum</span> <span class='ocrx_word' id='word_1_422' title='bbox 2934 2990 3055 3034; x_wconf 87' lang='lat' dir='ltr'>non</span> <span class='ocrx_word' id='word_1_423' title='bbox 3084 2970 3357 3054; x_wconf 86' lang='lat' dir='ltr'>amplius</span> <span class='ocrx_word' id='word_1_424' title='bbox 3381 2969 3573 3035; x_wconf 88' lang='lat' dir='ltr'>lateat</span> <span class='ocrx_word' id='word_1_425' title='bbox 3596 2972 3717 3034; x_wconf 87' lang='lat' dir='ltr'>sub</span> 
     </span>
    </p>
   </div>
   <div class='ocr_carea' id='block_1_17' title="bbox 2149 3067 3712 3234">
    <p class='ocr_par' dir='ltr' id='par_1_17' title="bbox 2149 3067 3712 3234">
     <span class='ocr_line' id='line_1_69' title="bbox 2149 3067 3712 3234; baseline -0.001 -102"><span class='ocrx_word' id='word_1_426' title='bbox 2149 3070 2389 3234; x_wconf 49' lang='lat' dir='ltr'>lixdie,</span> <span class='ocrx_word' id='word_1_427' title='bbox 2419 3069 2534 3150; x_wconf 82' lang='lat' dir='ltr'>sed</span> <span class='ocrx_word' id='word_1_428' title='bbox 2558 3088 2750 3155; x_wconf 84' lang='lat' dir='ltr'>super</span> <span class='ocrx_word' id='word_1_429' title='bbox 2772 3068 3096 3135; x_wconf 85' lang='lat' dir='ltr'>Ecclesiae</span> <span class='ocrx_word' id='word_1_430' title='bbox 3124 3067 3568 3135; x_wconf 83' lang='lat' dir='ltr'>candelabrum</span> <span class='ocrx_word' id='word_1_431' title='bbox 3582 3068 3712 3134; x_wconf 92' lang='lat' dir='ltr'>col-</span> 
     </span>
     <span class='ocr_line' id='line_1_70' title="bbox 2255 3177 2415 3233; baseline 0 0"><span class='ocrx_word' id='word_1_432' title='bbox 2255 3177 2415 3233; x_wconf 84' lang='lat' dir='ltr'>etur.</span> 
     </span>
    </p>
   </div>
   <div class='ocr_carea' id='block_1_18' title="bbox 2175 3461 3686 3639">
    <p class='ocr_par' dir='ltr' id='par_1_18' title="bbox 2175 3461 3686 3639">
     <span class='ocr_line' id='line_1_71' title="bbox 2175 3461 3686 3532; baseline -0.001 -5"><span class='ocrx_word' id='word_1_433' title='bbox 2175 3467 2252 3527; x_wconf 75' lang='grc' dir='ltr'>Β.</span> <span class='ocrx_word' id='word_1_434' title='bbox 2292 3461 2836 3527; x_wconf 73' lang='lat' dir='ltr'><strong><em>FORTUNATUS</em></strong></span> <span class='ocrx_word' id='word_1_435' title='bbox 2868 3465 2984 3525; x_wconf 71' lang='lat' dir='ltr'>Tit.</span> <span class='ocrx_word' id='word_1_436' title='bbox 3020 3465 3083 3525; x_wconf 86' lang='lat' dir='ltr'>S.</span> <span class='ocrx_word' id='word_1_437' title='bbox 3118 3465 3421 3528; x_wconf 63' lang='lat' dir='ltr'>Matthaei</span> <span class='ocrx_word' id='word_1_438' title='bbox 3458 3468 3525 3532; x_wconf 70' lang='lat' dir='ltr'>in</span> <span class='ocrx_word' id='word_1_439' title='bbox 3557 3462 3686 3526; x_wconf 67' lang='grc' dir='ltr'>Πο-</span> 
     </span>
     <span class='ocr_line' id='line_1_72' title="bbox 2232 3557 3639 3639; baseline -0.001 -14"><span class='ocrx_word' id='word_1_440' title='bbox 2232 3565 2460 3625; x_wconf 66' lang='lat' dir='ltr'>rulana</span> <span class='ocrx_word' id='word_1_441' title='bbox 2490 3557 2819 3639; x_wconf 66' lang='lat' dir='ltr'>Presbyter</span> <span class='ocrx_word' id='word_1_442' title='bbox 2846 3564 3193 3634; x_wconf 58' lang='lat' dir='ltr'>cardinalis</span> <span class='ocrx_word' id='word_1_443' title='bbox 3228 3564 3639 3625; x_wconf 62' lang='lat' dir='ltr'>Tantumne.</span> 
     </span>
    </p>
   </div>
   <div class='ocr_carea' id='block_1_19' title="bbox 2145 3753 3719 4807">
    <p class='ocr_par' dir='ltr' id='par_1_19' title="bbox 2145 3753 3719 4807">
     <span class='ocr_line' id='line_1_73' title="bbox 2277 3753 3713 3840; baseline 0.001 -22"><span class='ocrx_word' id='word_1_444' title='bbox 2277 3753 2570 3837; x_wconf 85' lang='lat' dir='ltr'>Quinque</span> <span class='ocrx_word' id='word_1_445' title='bbox 2604 3753 2953 3837; x_wconf 85' lang='lat' dir='ltr'>prudentes</span> <span class='ocrx_word' id='word_1_446' title='bbox 3007 3753 3296 3840; x_wconf 68' lang='lat' dir='ltr'>virgines</span> <span class='ocrx_word' id='word_1_447' title='bbox 3347 3753 3713 3824; x_wconf 76' lang='lat' dir='ltr'>catharinae</span> 
     </span>
     <span class='ocr_line' id='line_1_74' title="bbox 2148 3851 3706 3920; baseline -0.001 -4"><span class='ocrx_word' id='word_1_448' title='bbox 2148 3852 2408 3918; x_wconf 87' lang='lat' dir='ltr'>nomine</span> <span class='ocrx_word' id='word_1_449' title='bbox 2434 3861 2688 3918; x_wconf 80' lang='lat' dir='ltr'>vocatas</span> <span class='ocrx_word' id='word_1_450' title='bbox 2715 3852 3004 3920; x_wconf 79' lang='lat' dir='ltr'>referunt</span> <span class='ocrx_word' id='word_1_451' title='bbox 3040 3851 3359 3918; x_wconf 75' lang='lat' dir='ltr'>Ecclesiae</span> <span class='ocrx_word' id='word_1_452' title='bbox 3410 3852 3706 3918; x_wconf 77' lang='lat' dir='ltr'>Tabulae.</span> 
     </span>
     <span class='ocr_line' id='line_1_75' title="bbox 2149 3948 3713 4040; baseline -0.001 -25"><span class='ocrx_word' id='word_1_453' title='bbox 2149 3948 2540 4040; x_wconf 66' lang='lat' dir='ltr'>catharinam</span> <span class='ocrx_word' id='word_1_454' title='bbox 2569 3969 2795 4033; x_wconf 76' lang='lat' dir='ltr'>nempe</span> <span class='ocrx_word' id='word_1_455' title='bbox 2820 3950 3143 4034; x_wconf 75' lang='lat' dir='ltr'>virginem</span> <span class='ocrx_word' id='word_1_456' title='bbox 3171 3959 3237 4014; x_wconf 88' lang='lat' dir='ltr'>et</span> <span class='ocrx_word' id='word_1_457' title='bbox 3264 3955 3601 4036; x_wconf 68' lang='lat' dir='ltr'>Martyrem</span> <span class='ocrx_word' id='word_1_458' title='bbox 3632 3955 3713 4014; x_wconf 77' lang='lat' dir='ltr'>A-</span> 
     </span>
     <span class='ocr_line' id='line_1_76' title="bbox 2145 4046 3711 4123; baseline 0.001 -12"><span class='ocrx_word' id='word_1_459' title='bbox 2145 4047 2578 4113; x_wconf 80' lang='lat' dir='ltr'>lexandrinam</span> <span class='ocrx_word' id='word_1_460' title='bbox 2601 4090 2623 4123; x_wconf 90' lang='lat'><strong>‚</strong></span> <span class='ocrx_word' id='word_1_461' title='bbox 2651 4046 3042 4113; x_wconf 80' lang='lat' dir='ltr'>catharinam</span> <span class='ocrx_word' id='word_1_462' title='bbox 3073 4054 3410 4113; x_wconf 82' lang='lat' dir='ltr'>Succorum</span> <span class='ocrx_word' id='word_1_463' title='bbox 3461 4054 3520 4112; x_wconf 87' lang='lat' dir='ltr'>S.</span> <span class='ocrx_word' id='word_1_464' title='bbox 3579 4048 3711 4112; x_wconf 77' lang='lat' dir='ltr'>mr·</span> 
     </span>
     <span class='ocr_line' id='line_1_77' title="bbox 2148 4142 3715 4229; baseline 0.001 -21"><span class='ocrx_word' id='word_1_465' title='bbox 2148 4145 2340 4229; x_wconf 74' lang='lat' dir='ltr'>gittae</span> <span class='ocrx_word' id='word_1_466' title='bbox 2374 4142 2565 4207; x_wconf 83' lang='lat' dir='ltr'>filiam</span> <span class='ocrx_word' id='word_1_467' title='bbox 2585 4186 2608 4217; x_wconf 84' lang='lat'>‚</span> <span class='ocrx_word' id='word_1_468' title='bbox 2640 4142 3028 4207; x_wconf 83' lang='lat' dir='ltr'>catharinam</span> <span class='ocrx_word' id='word_1_469' title='bbox 3059 4149 3423 4216; x_wconf 79' lang='lat' dir='ltr'>senensem,</span> <span class='ocrx_word' id='word_1_470' title='bbox 3451 4151 3517 4208; x_wconf 91' lang='lat' dir='ltr'>et</span> <span class='ocrx_word' id='word_1_471' title='bbox 3547 4161 3715 4227; x_wconf 82' lang='lat' dir='ltr'>quae</span> 
     </span>
     <span class='ocr_line' id='line_1_78' title="bbox 2145 4238 3712 4323; baseline -0.001 -18"><span class='ocrx_word' id='word_1_472' title='bbox 2145 4239 2380 4305; x_wconf 85' lang='lat' dir='ltr'>nostris</span> <span class='ocrx_word' id='word_1_473' title='bbox 2405 4238 2794 4321; x_wconf 86' lang='lat' dir='ltr'>temporibus</span> <span class='ocrx_word' id='word_1_474' title='bbox 2820 4246 3178 4322; x_wconf 77' lang='lat' dir='ltr'>sanctarum</span> <span class='ocrx_word' id='word_1_475' title='bbox 3219 4238 3541 4323; x_wconf 76' lang='lat' dir='ltr'>virginum</span> <span class='ocrx_word' id='word_1_476' title='bbox 3598 4244 3712 4304; x_wconf 84' lang='lat' dir='ltr'>ca·</span> 
     </span>
     <span class='ocr_line' id='line_1_79' title="bbox 2147 4335 3719 4418; baseline -0.001 -17"><span class='ocrx_word' id='word_1_477' title='bbox 2147 4338 2298 4402; x_wconf 89' lang='lat' dir='ltr'>noni</span> <span class='ocrx_word' id='word_1_478' title='bbox 2326 4336 2667 4418; x_wconf 80' lang='lat' dir='ltr'>inscriptae</span> <span class='ocrx_word' id='word_1_479' title='bbox 2696 4343 2882 4410; x_wconf 85' lang='lat' dir='ltr'>sunt,</span> <span class='ocrx_word' id='word_1_480' title='bbox 2924 4335 3316 4401; x_wconf 83' lang='lat' dir='ltr'>Catharinam</span> <span class='ocrx_word' id='word_1_481' title='bbox 3368 4336 3719 4414; x_wconf 76' lang='lat' dir='ltr'>Bononien-</span> 
     </span>
     <span class='ocr_line' id='line_1_80' title="bbox 2146 4433 3710 4517; baseline -0.002 -16"><span class='ocrx_word' id='word_1_482' title='bbox 2146 4456 2281 4501; x_wconf 88' lang='lat' dir='ltr'>sem</span> <span class='ocrx_word' id='word_1_483' title='bbox 2307 4478 2329 4510; x_wconf 91' lang='lat'>‚</span> <span class='ocrx_word' id='word_1_484' title='bbox 2358 4444 2423 4501; x_wconf 88' lang='lat' dir='ltr'>et</span> <span class='ocrx_word' id='word_1_485' title='bbox 2451 4433 2845 4498; x_wconf 80' lang='lat' dir='ltr'>catharinam</span> <span class='ocrx_word' id='word_1_486' title='bbox 2874 4434 3211 4500; x_wconf 73' lang='lat' dir='ltr'>Adurnam.</span> <span class='ocrx_word' id='word_1_487' title='bbox 3251 4439 3382 4498; x_wconf 80' lang='lat' dir='ltr'>Hae</span> <span class='ocrx_word' id='word_1_488' title='bbox 3407 4433 3539 4517; x_wconf 84' lang='lat' dir='ltr'>jam</span> <span class='ocrx_word' id='word_1_489' title='bbox 3566 4453 3710 4499; x_wconf 86' lang='lat' dir='ltr'>cum</span> 
     </span>
     <span class='ocr_line' id='line_1_81' title="bbox 2146 4530 3715 4615; baseline 0.001 -21"><span class='ocrx_word' id='word_1_490' title='bbox 2146 4540 2386 4615; x_wconf 74' lang='lat' dir='ltr'>sponso</span> <span class='ocrx_word' id='word_1_491' title='bbox 2416 4531 2492 4596; x_wconf 88' lang='lat' dir='ltr'>ad</span> <span class='ocrx_word' id='word_1_492' title='bbox 2523 4530 2772 4613; x_wconf 85' lang='lat' dir='ltr'>nuptias</span> <span class='ocrx_word' id='word_1_493' title='bbox 2803 4531 3211 4606; x_wconf 79' lang='lat' dir='ltr'>intraverunt.</span> <span class='ocrx_word' id='word_1_494' title='bbox 3243 4535 3325 4598; x_wconf 72' lang='lat' dir='ltr'>At</span> <span class='ocrx_word' id='word_1_495' title='bbox 3352 4550 3502 4594; x_wconf 85' lang='lat' dir='ltr'>vero</span> <span class='ocrx_word' id='word_1_496' title='bbox 3525 4530 3715 4614; x_wconf 85' lang='lat' dir='ltr'>janua</span> 
     </span>
     <span class='ocr_line' id='line_1_82' title="bbox 2148 4626 3716 4695; baseline -0.001 0"><span class='ocrx_word' id='word_1_497' title='bbox 2148 4629 2359 4695; x_wconf 88' lang='lat' dir='ltr'>clausa</span> <span class='ocrx_word' id='word_1_498' title='bbox 2390 4649 2513 4694; x_wconf 77' lang='lat' dir='ltr'>nen</span> <span class='ocrx_word' id='word_1_499' title='bbox 2542 4638 2660 4694; x_wconf 84' lang='lat' dir='ltr'>est.</span> <span class='ocrx_word' id='word_1_500' title='bbox 2697 4629 2949 4692; x_wconf 80' lang='lat' dir='ltr'>Etenim</span> <span class='ocrx_word' id='word_1_501' title='bbox 2982 4627 3304 4694; x_wconf 81' lang='lat' dir='ltr'>catharina</span> <span class='ocrx_word' id='word_1_502' title='bbox 3355 4626 3435 4691; x_wconf 88' lang='lat' dir='ltr'>de</span> <span class='ocrx_word' id='word_1_503' title='bbox 3497 4627 3716 4693; x_wconf 73' lang='lat' dir='ltr'>Ricciis</span> 
     </span>
     <span class='ocr_line' id='line_1_83' title="bbox 2148 4724 3719 4807; baseline -0.003 -16"><span class='ocrx_word' id='word_1_504' title='bbox 2148 4745 2365 4791; x_wconf 85' lang='lat' dir='ltr'>earum</span> <span class='ocrx_word' id='word_1_505' title='bbox 2399 4725 2685 4792; x_wconf 81' lang='lat' dir='ltr'>heroicas</span> <span class='ocrx_word' id='word_1_506' title='bbox 2713 4725 2898 4807; x_wconf 88' lang='lat' dir='ltr'>plane</span> <span class='ocrx_word' id='word_1_507' title='bbox 2927 4725 3191 4790; x_wconf 82' lang='lat' dir='ltr'>virtutes</span> <span class='ocrx_word' id='word_1_508' title='bbox 3218 4724 3550 4797; x_wconf 84' lang='lat' dir='ltr'>aemulata,</span> <span class='ocrx_word' id='word_1_509' title='bbox 3579 4745 3719 4789; x_wconf 88' lang='lat' dir='ltr'>eas-</span> 
     </span>
    </p>
   </div>
   <div class='ocr_carea' id='block_1_20' title="bbox 2114 4820 3717 4904">
    <p class='ocr_par' dir='ltr' id='par_1_20' title="bbox 2114 4820 3717 4904">
     <span class='ocr_line' id='line_1_84' title="bbox 2114 4820 3717 4904; baseline -0.003 -14"><span class='ocrx_word' id='word_1_510' title='bbox 2114 4883 2127 4890; x_wconf 72' lang='lat'>-</span> <span class='ocrx_word' id='word_1_511' title='bbox 2150 4823 2430 4903; x_wconf 85' lang='lat' dir='ltr'>demque</span> <span class='ocrx_word' id='word_1_512' title='bbox 2459 4829 2777 4894; x_wconf 83' lang='lat' dir='ltr'>assecuta,</span> <span class='ocrx_word' id='word_1_513' title='bbox 2807 4822 3158 4903; x_wconf 76' lang='lat' dir='ltr'>nuptiarum</span> <span class='ocrx_word' id='word_1_514' title='bbox 3189 4821 3505 4904; x_wconf 86' lang='lat' dir='ltr'>particeps</span> <span class='ocrx_word' id='word_1_515' title='bbox 3532 4820 3717 4885; x_wconf 83' lang='lat' dir='ltr'>intra·</span> 
     </span>
    </p>
   </div>
   <div class='ocr_carea' id='block_1_21' title="bbox 2151 4917 3723 5466">
    <p class='ocr_par' dir='ltr' id='par_1_21' title="bbox 2151 4917 3723 5466">
     <span class='ocr_line' id='line_1_85' title="bbox 2153 4917 3714 5004; baseline 0 -23"><span class='ocrx_word' id='word_1_516' title='bbox 2153 4939 2223 4983; x_wconf 90' lang='lat' dir='ltr'>re</span> <span class='ocrx_word' id='word_1_517' title='bbox 2250 4919 2434 5004; x_wconf 72' lang='lat' dir='ltr'>digna</span> <span class='ocrx_word' id='word_1_518' title='bbox 2461 4929 2603 4992; x_wconf 67' lang='grc' dir='ltr'>σοις</span> <span class='ocrx_word' id='word_1_519' title='bbox 2634 4937 2708 4983; x_wconf 85' lang='lat' dir='ltr'>ac</span> <span class='ocrx_word' id='word_1_520' title='bbox 2737 4917 2919 5002; x_wconf 78' lang='lat' dir='ltr'>digna</span> <span class='ocrx_word' id='word_1_521' title='bbox 2962 4925 3331 5001; x_wconf 85' lang='lat' dir='ltr'>propterea,</span> <span class='ocrx_word' id='word_1_522' title='bbox 3388 4938 3575 5001; x_wconf 85' lang='lat' dir='ltr'>quam</span> <span class='ocrx_word' id='word_1_523' title='bbox 3631 4917 3714 4981; x_wconf 90' lang='lat' dir='ltr'>ad</span> 
     </span>
     <span class='ocr_line' id='line_1_86' title="bbox 2151 5016 3718 5099; baseline 0.001 -20"><span class='ocrx_word' id='word_1_524' title='bbox 2151 5016 2299 5092; x_wconf 65' lang='lat' dir='ltr'>tuas</span> <span class='ocrx_word' id='word_1_525' title='bbox 2330 5034 2649 5099; x_wconf 67' lang='lat' dir='ltr'>aggregas,</span> <span class='ocrx_word' id='word_1_526' title='bbox 2670 5019 3132 5082; x_wconf 76' lang='lat' dir='ltr'>BuA‘nssmE</span> <span class='ocrx_word' id='word_1_527' title='bbox 3164 5018 3450 5087; x_wconf 65' lang='lat' dir='ltr'>rnna,</span> <span class='ocrx_word' id='word_1_528' title='bbox 3468 5021 3539 5077; x_wconf 83' lang='lat' dir='ltr'>ut</span> <span class='ocrx_word' id='word_1_529' title='bbox 3556 5035 3718 5098; x_wconf 74' lang='lat' dir='ltr'>quae</span> 
     </span>
     <span class='ocr_line' id='line_1_87' title="bbox 2151 5110 3721 5198; baseline 0.001 -24"><span class='ocrx_word' id='word_1_530' title='bbox 2151 5131 2411 5176; x_wconf 88' lang='lat' dir='ltr'>consors</span> <span class='ocrx_word' id='word_1_531' title='bbox 2439 5110 2655 5175; x_wconf 74' lang='lat' dir='ltr'>extitit</span> <span class='ocrx_word' id='word_1_532' title='bbox 2683 5110 3023 5198; x_wconf 75' lang='lat' dir='ltr'>earundem</span> <span class='ocrx_word' id='word_1_533' title='bbox 3077 5110 3381 5173; x_wconf 80' lang='lat' dir='ltr'>virtutum</span> <span class='ocrx_word' id='word_1_534' title='bbox 3407 5152 3430 5183; x_wconf 90' lang='lat'><strong>,</strong></span> <span class='ocrx_word' id='word_1_535' title='bbox 3486 5117 3553 5174; x_wconf 87' lang='lat' dir='ltr'>et</span> <span class='ocrx_word' id='word_1_536' title='bbox 3607 5130 3721 5194; x_wconf 84' lang='lat' dir='ltr'>par</span> 
     </span>
     <span class='ocr_line' id='line_1_88' title="bbox 2153 5205 3717 5298; baseline 0.003 -30"><span class='ocrx_word' id='word_1_537' title='bbox 2153 5205 2519 5298; x_wconf 82' lang='lat' dir='ltr'>meritorum</span> <span class='ocrx_word' id='word_1_538' title='bbox 2549 5205 2748 5291; x_wconf 75' lang='lat' dir='ltr'>gloria</span> <span class='ocrx_word' id='word_1_539' title='bbox 2769 5249 2794 5279; x_wconf 92' lang='lat'>‚</span> <span class='ocrx_word' id='word_1_540' title='bbox 2824 5226 3062 5288; x_wconf 34' lang='lat' dir='ltr'>parem,</span> <span class='ocrx_word' id='word_1_541' title='bbox 3095 5206 3242 5271; x_wconf 79' lang='lat' dir='ltr'>item</span> <span class='ocrx_word' id='word_1_542' title='bbox 3273 5227 3417 5271; x_wconf 89' lang='lat' dir='ltr'>cum</span> <span class='ocrx_word' id='word_1_543' title='bbox 3478 5207 3717 5273; x_wconf 89' lang='lat' dir='ltr'>eisdem</span> 
     </span>
     <span class='ocr_line' id='line_1_89' title="bbox 2151 5301 3723 5390; baseline 0 -21"><span class='ocrx_word' id='word_1_544' title='bbox 2151 5304 2387 5369; x_wconf 84' lang='lat' dir='ltr'>sanctis</span> <span class='ocrx_word' id='word_1_545' title='bbox 2414 5304 2776 5390; x_wconf 72' lang='lat' dir='ltr'>Virginibus</span> <span class='ocrx_word' id='word_1_546' title='bbox 2802 5302 2867 5366; x_wconf 88' lang='lat' dir='ltr'>in</span> <span class='ocrx_word' id='word_1_547' title='bbox 2923 5301 3203 5374; x_wconf 83' lang='lat' dir='ltr'>Ecclesia</span> <span class='ocrx_word' id='word_1_548' title='bbox 3260 5303 3499 5369; x_wconf 86' lang='lat' dir='ltr'>cultum</span> <span class='ocrx_word' id='word_1_549' title='bbox 3560 5306 3723 5369; x_wconf 88' lang='lat' dir='ltr'>obti-</span> 
     </span>
     <span class='ocr_line' id='line_1_90' title="bbox 2151 5409 2884 5466; baseline 0.004 -2"><span class='ocrx_word' id='word_1_550' title='bbox 2151 5409 2322 5466; x_wconf 76' lang='lat' dir='ltr'>neat.-</span> <span class='ocrx_word' id='word_1_551' title='bbox 2875 5423 2884 5428; x_wconf 64' lang='grc'><strong><em>’</em></strong></span> 
     </span>
    </p>
   </div>
  </div>
 </body>
</html>
