4442 6300
1521 534 1869 603 Qrmoua
1938 532 2403 586 smc'rontm
2472 532 2638 583 arc.
3443 525 3511 578 π

455 677 576 752 do,
605 686 823 763 utpote
853 679 959 762 qui
1024 680 1105 747 de
1137 650 1315 743 more
1368 680 1725 761 aequiorem
1778 690 2019 761 partem
2136 686 2238 741 tas
2263 676 2405 739 aliis
2440 695 2592 756 opos
2621 674 2789 755 ipsas
2811 714 2832 742 ‚
2862 670 3095 753 quibus
3127 669 3416 738 affluebat
3441 717 3460 739 ,
3503 692 3698 753 quan-

455 787 744 843 tueretur
762 797 962 851 eecce
994 778 1111 841 tibi
1146 783 1442 842 versutus
1474 777 1865 840 adversarius
1910 778 2022 840 de-

452 874 712 948 fensor,
742 875 843 939 cui
876 876 1113 939 utinam
1131 874 1304 949 ‚nulli
1335 894 1605 957 unquam
1639 874 1882 939 similes
1932 873 2029 951 fo-,

457 980 639 1043 rent,
670 972 863 1053 quasix
884 970 1075 1037 officii
1105 992 1328 1035 caussa
1356 971 1539 1035 illum
1568 973 1859 1037 convenit
1913 973 2022 1035 de·

457 1067 676 1150 letque
704 1067 1357 1132 ludibundus-tantam
1391 1068 1471 1132 de
1500 1068 1765 1153 negocio
1813 1067 2027 1132 finien-

457 1160 539 1229 do
563 1185 782 1229 curam
812 1174 1208 1245 anteceptam:
1249 1170 1467 1228 Actum
1491 1208 1511 1235 ‚
1543 1164 1718 1231 addit
1747 1210 1767 1233 ,
1799 1166 1878 1230 de
1918 1172 2025 1229 Ju-

458 1262 834 1327 r'econsultis
858 1283 1044 1334 esse,
1075 1250 1129 1325 si
1163 1263 1310 1325 lites
1340 1263 1467 1326 cito
1497 1262 2019 1347 absolverenturz

458 1359 697 1442 Ecquid
729 1361 915 1424 enim'
933 1368 1101 1425 tanta
1124 1361 1485 1425 istiusmodi
1515 1350 1833 1425 festinatio
1853 1404 1872 1429 ,
1892 1362 2022 1426 uisi

457 1462 530 1519 ut
555 1460 813 1538 proprio
841 1478 1065 1521 causae
1099 1468 1396 1540 patronus
1428 1460 1613 1524 cedat
1646 1460 1980 1523 commodo
2002 1504 2023 1532 ‚

457 1552 825 1638 lucrumque
852 1565 1138 1620 amenter
1163 1558 1485 1640 projiciat,
1519 1558 1687 1639 quod
1714 1559 1820 1620 diu
1856 1557 2021 1620 soret

462 1652 857 1736 multumque
909 1664 1410 1736 consequnturus
1432 1658 1465 1718 7
1521 1661 1852 1738 Temperet
1910 1656 2024 1719 ita-

459 1771 580 1833 que
601 1752 748 1824 sihi,
771 1758 836 1813 et
863 1773 1053 1837 agere
1076 1752 1128 1816 si
1149 1772 1368 1829 causas
1395 1754 1546 1817 velit
1568 1754 1703 1817 sine
1733 1754 1830 1816 sui
1855 1755 2026 1818 dam-

454 1867 539 1913 no
564 1892 586 1921 ‚
616 1850 863 1914 studeat
890 1851 1097 1932 potius
1123 1850 1560 1916 instaurandae
1605 1871 1678 1916 ac
1732 1853 2024 1919 differen-

462 1947 581 2011 dae
610 1946 989 2029 pro-§viribus
1019 1950 1478 2013 controversiae
1502 1992 1522 2022 ‚
1546 1949 1821 2033 majores
1844 1953 2025 2015 exin·

462 2045 545 2108 de
574 2065 729 2126 opes
759 2046 1112 2113 relaturus.
1144 2067 1329 2128 quam
1374 2058 1550 2129 parta
1607 2047 1885 2131 litigator
1937 2051 2025 2112 vi-

458 2143 677 2206 ctoria.
709 2142 907 2207 Dictis
934 2144 1246 2209 inhorruit
1275 2152 1519 2209 Marcus
1545 2172 1564 2220 3
1593 2154 1657 2210 et
1705 2149 1890 2228 impia
1920 2170 2024 2214 ne·

459 2240 748 2321 quissimi
778 2242 1046 2305 hominis
1074 2242 1481 2326 instigatione
1513 2265 1662 2309 usus
1707 2246 1784 2308 ad
1842 2247 2035 2309 animi

458 2336 553 2398 sui
586 2336 1021 2411 salutem·,‘cui
1056 2330 1144 2405 tot
1169 2338 1232 2401 in
1262 2349 1479 2422 aperto
1512 2343 1889 2407 commercio
1922 2364 2026 2424 pa-

466 2441 637 2498 ratae
668 2447 873 2501 essent
906 2437 1210 2510 insidiae;
1241 2438 1537 2502 abditiori
1560 2451 1892 2522 propterea
1938 2441 2027 2505 lo·

457 2553 533 2595 co
564 2531 776 2615 aliquo
806 2555 878 2597 ac
907 2535 1114 2599 minus
1170 2539 1459 2617 exposito
1516 2539 1831 2620 sapienter
1883 2560 2027 2603 cen·

458 2629 583 2695 *suit
614 2632 828 2712 quaeri
858 2640 1166 2714 oportere.
1201 2637 1329 2698 Nec
1350 2655 1522 2698 mora
1547 2681 1565 2709 ‚
1595 2636 1887 2701 ultimur'n
1915 2645 2021 2701 Fo-

463 2748 537 2792 ro
562 2729 732 2791 diem
764 2728 952 2801 dicit,
987 2750 1058 2794 ac
1088 2731 1166 2793 de
1198 2734 1586 2813 capessendo
1616 2741 1891 2797 Fratrum
1916 2740 2025 2799 Ca-

457 2827 864 2908 puccinorum
896 2828 1187 2892 Instituta
1215 2848 1427 2893 secum
1465 2830 1800 2895 deliberat.
1856 2833 2047 2897 Reli-²

457 2925 697 3006 giosum
722 2926 922 2988 virum
944 2940 1023 2991 ea·
1047 2934 1423 3009 tempestate
1451 2929 1515 2990 in
1546 2931 1856 3010 provincia
1887 2938 2022 2994 Fra-

457 3022 659 3098 tribus
689 3023 841 3102 ipsis
868 3023 1327 3104 praesidentem
1360 3025 1623 3109 supplex
1669 3028 1797 3092 adit
1850 3029 2024 3093 et'ssa·

460 3120 748 3202 gitatqoe
771 3164 791 3191 ‚
822 3129 891 3184 ut
917 3121 1082 3184 inter
1109 3141 1353 3187 suos‘se
1392 3123 1688 3203 recipiat.
1749 3132 1828 3189 At
1886 3126 2035 3209 pru-²

456 3218 613 3281 dens
644 3218 754 3280 ille
786 3219 1260 3300 provincialium
1292 3222 1779 3298 Capuccinorum
1813 3225 2025 3288 mode-

456 3323 636 3379 rator
663 3315 1008 3396 periculum
1041 3319 1193 3381 tanti
1223 3319 1353 3393 voti
1386 3318 1671 3383 facturus*
1691 3321 1871 3384 diem
1907 3323 2023 3384 dif-

457 3412 583 3476 l'ert
609 3439 629 3486 ς
661 3414 861 3477 donec
893 3415 972 3476 de
997 3417 1301 3478 constanti
1330 3417 1521 3482 Marci
1555 3419 1873 3499 proposito
1918 3420 2023 3483 ad-

458 3512 734 3575 monitus
767 3512 973 3592 deque
1005 3512 1215 3578 divina
1242 3514 1599 3589 voluntate,
1628 3515 1808 3579 illum
1843 3519 2023 3581 Ordi-

460 3609 556 3671 nis
586 3609 681 3672 sui
717 3609 1069 3673 candidatis
1099 3610 1482 3674 adnumerat.
1510 3619 1751 3678 Interea
1783 3623 2022 3697 tempo-

461 3706 551 3767 ris
578 3704 860 3771 clericali
896 3708 1157 3771 militiae
1189 3729 1413 3771 nomen
1445 3711 1747 3780 dederat,
1776 3733 1851 3777 ac
1913 3736 2025 3796 per

458 3802 791 3872 inferiores
822 3806 1049 3889 gradus
1080 3807 1156 3869 ad
1187 3808 1526 3871 sacerdotii
1565 3810 1927 3886 dignitatem
1961 3832 2024 3875 e-

456 3910 671 3966 vectus
692 3949 714 3977 ‚
743 3903 845 3968 die
876 3904 1021 3968 divo
1046 3912 1053 3919 ’
1077 3904 1400 3969 Francisco
1452 3908 1789 3971 Assisitmsi
1846 3930 2021 3973 sarra

460 4000 748 4084 tribui-gi
779 4002 840 4063 in
876 3999 1153 4065 Ecclesia
1183 4001 1661 4081 capuccinorum
1695 4006 1898 4085 primo
1942 4007 2018 4070 ad

458 4099 1091 4178 arasffimmolaturus
1119 4101 1400 4164 accessit.
1454 4100 1755 4165 Absolute
1810 4101 2018 4166 divino

460 4197 775 4262 Sacrificio
796 4244 814 4270 ‚
854 4197 1024 4259 aliud
1054 4199 1278 4260 eodem
1313 4198 1430 4260 loci
1458 4198 1684 4262 obtulit
1715 4206 1841 4264 Deo
1884 4221 2021 4284 gra·

456 4294 769 4358 tissimum
803 4295 895 4358 sui
926 4295 1125 4376 ipsius
1156 4295 1583 4360 holocaustum
1608 4341 1628 4369 ,
1688 4308 1979 4378 suscepto
2001 4342 2021 4373 ‚

472 4391 714 4454 scilicet
735 4435 756 4463 ‚
786 4390 1087 4474 Religiosi
1105 4392 1356 4456 Ordinis
1384 4392 1591 4457 babitu
1626 4414 1907 4476 novoque
1934 4388 2022 4458 Fi-

462 4489 627 4553 delis
659 4490 911 4552 nomine
946 4499 1307 4570 assumpto,
1342 4510 1414 4553 ea
1448 4509 1595 4553 sane
1626 4492 1931 4555 modestia
1960 4500 2023 4554 et

459 4586 767 4649 hilaritate
787 4630 808 4657 .,
842 4597 904 4649 ut
941 4587 1233 4651 caelestis
1262 4588 1425 4667 ignis
1448 4630 1468 4657 ‚
1495 4609 1621 4669 quo
1649 4588 1905 4668 spiritus
1933 4591 2022 4651 in·

457 4685 657 4747 terius
687 4685 1141 4749 incendebatur
1162 4727 1181 4755 ‚
1214 4703 1330 4765 per
1359 4704 1467 4746 ora
1498 4686 1763 4748 diffusus
1796 4687 1857 4746 in
1916 4688 2025 4750 ad·

460 4782 850 4846 mirationem
883 4781 1157 4844 traheret
1188 4799 1337 4844 suae
1377 4782 1625 4845 virtutis
1685 4782 2025 4845 multitudi·
2070 4863 2071 4866 Ἴ

460 4897 601 4943 nem
628 4926 647 4953 ,
678 4879 1021 4961 quae'illuc
1055 4880 1138 4960 pii
1170 4878 1427 4962 hujusce
1451 4880 1790 4961 spectaculi
1820 4901 2024 4945 rumo-

463 4995 532 5043 re
561 4981 967 5043 conssuxerat.
1003 4976 1159 5041 Nihil
1192 4978 1547 5058 patrimonii
1577 4978 1921 5060 amplitudo
1949 4979 2024 5040 il-

456 5077 504 5139 li
537 5078 891 5142 adblandiri
926 5077 1120 5158 potnit
1151 5097 1422 5157 eruntque
1479 5076 1831 5150 immorari;
1901 5097 2021 5141 non

464 5186 686 5256 patens
722 5177 992 5258 undique
1022 5175 1223 5238 severi
1261 5175 1526 5236 instituti
1559 5176 1866 5254 asperitas
1916 5175 2022 5238 de·

461 5277 703 5347 tinere;
738 5294 851 5336 nec
883 5271 1214 5336 delicatior
1246 5270 1530 5352 corporis
1562 5271 1808 5333 babitus
1840 5291 2024 5352 gene·

464 5373 550 5434 ris
580 5370 849 5435 claritati
881 5370 1163 5450 apprime
1189 5368 1575 5449 respondens
1606 5390 1639 5431 a
1674 5370 1831 5430 bene
1879 5389 2022 5432 ron-

465 5476 648 5552 cepto
681 5466 1171 5550 consilio'graluit
1200 5466 1540 5528 retardare.
1574 5471 1645 5528 nt
1679 5465 1757 5529 ob
1800 5464 2020 5530 ‹lauda-

621 5582 853 5622 nnasn.
900 5581 1014 5619 nv.
1060 5580 1203 5617 ruat.
1251 5569 1376 5617 vlt.

2143 782 2209 837 to
2234 774 2470 838 dimisit
2530 780 2592 835 et
2640 771 2866 836 locavit
2923 767 3192 837 melius!
3256 791 3475 835 ornnes
3526 770 3698 833 enim

2142 869 2716 935 ferme-destinavit
2744 867 2986 932 alendis
3039 868 3251 949 probis
3289 867 3700 933 adolescenti-

2142 970 2260 1033 bus
2289 970 2366 1033 ad
2399 984 2712 1033 sacrarum
2741 966 3068 1030 literarum
3101 966 3306 1045 studia
3327 966 3703 1030 contenden-

2117 1068 2338 1138 tibus,
2365 1086 2631 1148 quorum
2663 1064 2854 1129 etiam
2886 1065 3024 1128 usui
3047 1083 3224 1126 suam
3257 1065 3490 1148 ingenti
3514 1066 3703 1131 libro-

2142 1184 2280 1227 rum
2311 1183 2571 1227 numero
2589 1163 2903 1245 copiosam
2931 1162 3378 1228 bibliothecam
3401 1164 3694 1227 addixit..

2277 1291 2298 1314 ο
2338 1259 2535 1334 Quale
2563 1270 2777 1324 antem
2815 1279 3012 1324 novus
3058 1258 3246 1323 bomo
3307 1260 3539 1325 Fidelis
3594 1282 3703 1343 po·

2139 1358 2345 1422 suerit
2373 1359 2436 1419 in
2470 1379 2646 1422 sarro
2678 1358 2911 1421 Ordine
2945 1358 3323 1433 tirocinium3
3354 1380 3514 1441 quae
3533 1359 3704 1422 dein·

2138 1456 2217 1519 de
2253 1455 2447 1519 suerit
2478 1456 2618 1539 ejus
2649 1456 2869 1541 agendi
2899 1459 3101 1531 ratio,
3130 1466 3462 1539 postquam
3506 1478 3585 1521 eo
3639 1458 3701 1519 in

2139 1552 2362 1617 ordine
2390 1553 2721 1617 sollemnia
2751 1560 2891 1617 vota
2927 1553 3472 1636 Deonuncupavit,
3503 1561 3569 1615 ut
3590 1554 3703 1617 ali-

2135 1649 2274 1731 quis
2305 1651 2570 1713 orationi
2606 1649 2830 1715 modus
2880 1650 3280 1735 imponatur,
3340 1651 3402 1713 in
3459 1652 3703 1716 univer-

2137 1768 2274 1811 sum
2305 1747 2537 1813 sufficit
2565 1748 2779 1814 dicere
2801 1791 2821 1821 ‚
2854 1768 3029 1813 suam
3064 1750 3366 1831 probasse
3399 1749 3702 1824 tironem,

2136 1845 2429 1910 continuo
2457 1846 2633 1929 quasi
2665 1855 2995 1919 concentu,
3026 1866 3174 1928 prae
3207 1847 3475 1911 caeteris
3501 1847 3703 1910 bumi-

2142 1939 2383 2006 litatem
2412 1986 2433 2014 ‚
2484 1942 2956 2017 obedientiam,
3013 1944 3309 2025 pietatem
3335 1987 3358 2017 ‚
3413 1945 3705 2010 innocen-

2144 2038 2293 2102 tiam
2319 2085 2341 2114 ,
2372 2039 2795 2124 integritatem
2822 2067 2843 2117 ς
2874 2038 3168 2121 deinceps
3195 2062 3448 2122 semper
3498 2043 3703 2125 quoti-

2136 2136 2238 2201 die
2269 2138 2469 2222 magis
2486 2139 2830 2203 virtutibus
2858 2137 3227 2222 profecisse.
3260 2140 3354 2202 Ab
3386 2140 3516 2220 ipsa
3533 2141 3701 2204 enim

2145 2234 2344 2316 prima
2367 2280 2388 2310 ‚
2421 2257 2608 2318 quam
2641 2237 2876 2308 sensit,
2910 2236 3187 2300 interiori
3239 2256 3394 2301 voce
3450 2237 3700 2302 divinae

2135 2331 2370 2411 gratiae
2397 2354 2467 2396 se
2501 2333 2564 2394 in
2600 2333 2766 2396 bunc
2796 2334 3084 2398 ordinem
3116 2320 3471 2398 advocantis
3492 2378 3518 2406 2
3554 2355 3706 2417 quo·

2139 2428 2396 2495 tidianis
2423 2429 2693 2515 flagellis
2719 2441 3151 2515 perpetuoque
3176 2430 3585 2499 cilicie-carni
3609 2432 3703 2495 in-

2138 2528 2314 2595 stetit
2341 2549 2494 2592 suae
2517 2575 2536 2603 ‚
2566 2550 2751 2610 quam
2803 2529 3056 2597 assiduo
3116 2528 3472 2593 istiusmodi
3534 2529 3705 2594 bello

2142 2625 2372 2688 rationi
2429 2625 2614 2707 plane
2666 2627 2988 2690 subactam
3044 2625 3257 2690 babuit
3280 2670 3301 2699 ‚
3360 2626 3704 2708 quinimmo

2135 2723 2782 2804 obsequentissimam
2824 2724 3083 2787 rationis
3137 2723 3333 2807 ipsius
3389 2724 3702 2788 sanctissi-

2138 2840 2235 2883 ma
2268 2821 2690 2904 imperitantis
2718 2819 3048 2886 asseclam.
3091 2830 3249 2885 Toto
3303 2822 3481 2903 quasi
3535 2842 3700 2886 anno

2142 2918 2431 3001 rigidiori
2469 2919 3000 2989 rationeservavit
3027 2919 3293 3008 jejunia,
3314 2940 3429 3000 per
3455 2931 3700 3003 septem

2135 3032 2355 3098 nempe
2391 3018 2904 3099 quadragesimas
2933 3017 3407 3081 observationes
3443 3039 3482 3081 a
3511 3018 3698 3083 beato

2134 3116 2460 3180 Francisco
2487 3116 2803 3180 Fratribus
2821 3117 3200 3198 propositas,
3228 3137 3488 3196 quarum
3525 3136 3696 3198 prae·

2134 3212 2371 3293 cipuam
2405 3234 2439 3276 a
2472 3219 2624 3277 Jesu
2682 3214 2922 3277 Christo
2978 3215 3402 3296 Redemptore
3456 3215 3699 3279 institu-

2137 3318 2263 3372 tam
2289 3349 2310 3380 ‚
2340 3318 2525 3390 atque
2558 3310 2813 3379 alteram
2846 3312 2908 3372 in
2939 3319 3221 3393 tempore
3257 3311 3556 3376 Dominici
3576 3311 3698 3375 Ad·

2141 3418 2368 3471 ventus
2397 3408 2873 3472 intercidentem
2907 3429 3072 3489 pano
3096 3411 3473 3492 transigebat
3501 3411 3700 3474 modi·

2138 3506 2353 3586 cisque
2384 3505 2730 3579 fructibus,
2763 3505 2907 3568 niltil
2939 3505 3085 3571 inde
3110 3509 3270 3571 cocti
3316 3506 3537 3572 ferculi
3590 3509 3697 3572 ad·

2141 3606 2424 3667 mittens.
2458 3611 2581 3668 Ter
2605 3625 2719 3686 per
2761 3604 3216 3669 hebdomadam
3279 3605 3455 3670 unica
3484 3607 3701 3669 uteba-

2140 3709 2241 3766 tur
2270 3702 2446 3784 pulte
2471 3729 2492 3777 3
2519 3713 2768 3784 pane·et
2802 3723 2963 3783 aqua
3000 3703 3323 3766 victitabat
3382 3724 3491 3783 per
3548 3704 3696 3770 Sab-

2136 3802 2309 3872 bata,
2332 3821 2405 3866 ac
2426 3821 2538 3879 per
2558 3821 2778 3865 omnes
2807 3809 2932 3863 tam
2957 3801 3259 3883 Deiparae
3278 3799 3482 3871 sestis,
3507 3821 3695 3880 quam

2133 3896 2401 3977 plurium
2419 3904 2780 3961 Sanctorum
2800 3895 3082 3978 proxime
3095 3897 3540 3961 antecedentes
3556 3897 3695 3964 dies

2134 3994 2491 4077 vigiliarum
2523 4015 2702 4059 more
2732 4003 2945 4059 contra
2976 3994 3286 4060 infernum
3314 3993 3563 4060 bostem
3614 3991 3695 4060 ab

2134 4091 2417 4158 Ecclesia
2446 4093 2800 4175 dispositas.
2833 4122 2857 4149 ·
3173 4145 3178 4152 .

2277 4219 2301 4244 ο
2343 4196 2415 4251 At
2448 4209 2596 4253 vero
2626 4213 2812 4273 quem
2848 4192 2925 4255 de
2958 4192 3178 4256 divinis
3234 4190 3506 4262 litteris,
3561 4192 3697 4272 qui·

2134 4288 2256 4351 bus
2286 4308 2354 4351 se
2388 4298 2587 4351 totum
2620 4289 2984 4360 tradiderat,
3016 4289 3282 4352 fructum
3313 4288 3699 4356 uberrimum

2141 4388 2598 4469 reportaverit.
2636 4387 2952 4454 Rhaetiam
2985 4408 3238 4452 omnem
3292 4387 3545 4469 appello
3605 4397 3697 4451 te-

2135 4491 2296 4545 stem
2320 4528 2340 4557 ,
2371 4504 2608 4547 sacram
2641 4485 2823 4548 istam
2856 4486 3416 4569 congregationem
3472 4491 3697 4566 Propa-

2136 4581 2373 4663 gandae
2406 4581 2565 4646 Fidei
2597 4582 2960 4666 vigilantem
2988 4625 3007 4653 ‚
3034 4583 3364 4665 ipsumque
3406 4579 3698 4664 Martyris

2136 4678 2497 4760 sanguinem
2530 4697 2745 4743 sarrae
2777 4680 3045 4743 tuendae
3071 4680 3392 4744 doctrinae
3443 4676 3699 4758 intrepi-

2136 4773 2216 4838 de
2247 4776 2480 4838 datum.
2510 4781 2659 4838 Cum
2691 4777 2859 4841 enim
2893 4777 2957 4839 in
2986 4778 3099 4842 bac
3135 4774 3497 4859 perdifficili
3555 4795 3695 4838 ora·

2134 4873 2296 4936 toria
2321 4884 2455 4935 arte
2489 4869 2751 4938 multum
2772 4875 2896 4958 jam
2920 4874 3284 4958 profecisset
3310 4873 3698 4941 adolescens,

2144 4976 2330 5052 atque
2357 4972 2416 5033 in
2442 4970 2800 5056 theologica
2824 4974 3011 5036 etiam
3037 4972 3332 5037 facultate
3353 4971 3695 5052 plurimum

2137 5068 2323 5130 modo
2352 5068 2610 5142 valeret,
2642 5074 2871 5134 mirum
2905 5071 3152 5151 quantis
3185 5069 3390 5132 nervis
3420 5088 3534 5149 pro
3551 5085 3696 5130 con-

2137 5166 2319 5229 cione
2349 5167 2612 5232 dicendo
2637 5169 2915 5231 divinum
2974 5170 3233 5230 verbum
3287 5164 3683 5233 intenderet,

2134 5265 2236 5328 cui
2265 5263 2449 5329 latius
2488 5266 2752 5331 ferendo
2808 5268 3013 5332 fuerat
3068 5288 3102 5330 a
3154 5266 3284 5331 suis
3341 5263 3697 5328 rectoribus

2136 5362 2512 5431 destinatus.
2545 5374 2797 5432 Summa
2829 5366 3232 5446 eloquentiae
3257 5364 3315 5427 vi
3376 5383 3701 5448 supremo-

2136 5480 2260 5540 que
2285 5465 2613 5542 probitatis
2634 5465 2927 5548 exemplo
2957 5467 3043 5530 ita
3069 5463 3380 5531 edocebat
3404 5460 3698 5545 populos,

3329 5562 3366 5613 7
