4442 6300
1515 477 1807 545 Quium
1820 479 1861 528 s
1904 477 2094 530 sint:
2099 478 2369 529 rouunt
2415 478 2574 527 mu.

3398 468 3504 519 303

436 642 598 689 nem
629 622 851 693 Urbis,
883 642 1071 705 quam
1107 628 1375 706 Burgum
1406 629 1669 699 vocant,
1707 632 2014 704 transgre·
2066 634 2075 717 ς
2122 618 2240 692 ·,πί
2266 618 2348 683 ad
2376 619 2712 685 constituta
2743 617 2803 679 ln
2837 614 3148 679 vaticanis
3191 613 3453 679 aedibus
3513 612 3684 677 Atria

434 720 718 786 deretur
747 724 1047 803 togatus,
1078 720 1330 785 bellicis
1375 721 1723 785 tormentis
1758 739 1838 781 ex
1898 725 2016 785 tta-
2066 720 2076 809 ξ
2123 716 3055 797 contenderunt3praeceperat
3095 719 3299 777 autern
3351 710 3683 779 sanctissi-

451 817 651 882 driani
675 816 843 885 mole
873 816 1175 899 displosis
1203 817 1508 883 salutatus
1534 817 1812 900 perrexit
1841 815 2017 896 equi-

436 923 592 981 .tnna
614 916 733 980 sub
767 916 1014 980 Porticu
1048 915 1125 981 ad
1156 936 1575 980 marmoream
1625 912 2014 978 Constantini

453 1019 727 1081 Statuam
751 1055 772 1085 ,
801 1016 1000 1096 prope
1031 1032 1219 1095 quam
1251 1012 1683 1081 descendens,
1742 1018 1804 1075 et
1862 1010 2018 1073 alie-

452 1128 674 1173 norum
707 1108 1007 1174 comitatu
1038 1109 1299 1174 dimisso
1326 1116 1554 1191 Papam
1585 1109 1820 1180 adivit,
1849 1114 1917 1169 ut
1957 1106 2013 1169 ei

452 1204 849 1269 Tolutarium
896 1225 1126 1288 equum
1189 1205 1267 1268 de
1327 1224 1499 1268 more
1558 1205 1807 1269 offerret
1828 1248 1851 1275 ‚
1906 1202 2013 1279 qui

430 1321 566 1385 =per
594 1300 824 1386 gradus
855 1302 1086 1385 Regiae
1106 1345 1129 1376 ‚
1157 1310 1225 1365 ut
1253 1302 1514 1376 dicunt,
1547 1300 1763 1367 Scalae
1792 1300 1855 1363 in
1897 1305 2018 1361 Au-

450 1396 576 1463 lam
610 1399 1003 1463 ascenderat.

434 1558 441 1565 ,
577 1499 906 1561 Caeterum
941 1506 1009 1559 ut
1036 1495 1239 1579 magis
1268 1504 1561 1579 appareat
1588 1541 1608 1570 ,
1638 1495 1808 1578 quod
1840 1493 2014 1560 brevi

382 1634 387 1641 -
436 1594 813 1658 ,narratione
847 1593 1222 1676 explic-atum
1256 1603 1396 1668 est;
1450 1594 1720 1659 formam
1779 1593 1869 1655 rei
1925 1599 2017 1655 to-

450 1688 581 1755 tins
599 1733 621 1764 ,
647 1697 826 1774 prout
864 1697 1042 1775 gesta
1070 1698 1169 1755 est
1192 1735 1213 1763 ,
1243 1711 1473 1775 magno
1498 1691 1711 1756 studio
1739 1689 2015 1755 delinea-

448 1794 553 1855 tae
574 1830 596 1861 ‚
626 1795 689 1853 et
718 1788 849 1852 aeri
872 1790 1113 1854 affabre
1141 1788 1375 1856 incisae
1421 1808 1541 1855 non
1596 1787 1870 1855 alienum
1923 1786 2015 1853 vi·

438 1905 590 1955 aum
620 1885 843 1953 estbie
871 1905 1210 1970 apponere.

578 2084 764 2165 Ignes
796 2077 941 2144 festi
971 2078 1273 2163 facesque
1300 2087 1430 2146 tota
1458 2080 1626 2145 Urbe
1655 2078 1718 2141 in
1775 2077 1891 2142 viis
1947 2084 2013 2142 et

446 2175 756 2243 fenestris
784 2177 1071 2244 lucentes
1100 2188 1348 2244 noctem
1380 2183 1785 2262 exceperunt.
1835 2184 2013 2243 Prae-

431 2274 629 2357 ‚cipne
657 2293 811 2341 vero
842 2275 1115 2341 emnium
1150 2275 1210 2336 in
1242 2295 1312 2339 se
1340 2275 1559 2341 oculos
1587 2273 1893 2340 convertit
1914 2292 2016 2339 ce-

430 2371 832 2438 leberrimus
856 2416 876 2445 ‚
907 2372 1212 2455 idemque
1246 2373 1507 2447 unicus,
1538 2372 1590 2438 si
1640 2372 1844 2439 moles
1899 2372 2014 2437 im·

438 2489 653 2535 mensa
685 2478 747 2535 et
780 2469 1118 2537 artificium
1151 2480 1510 2552 spectetur,
1542 2471 1785 2551 Templi
1841 2468 2014 2533 Vati-

428 2567 580 2631 enni
611 2566 843 2631 Tbolus
869 2612 889 2642 ,
921 2568 1027 2650 qui
1064 2587 1212 2631 cura
1248 2575 1314 2630 R.
1348 2574 1412 2632 P.
1443 2573 1513 2630 D.
1551 2567 1810 2631 loannis
1834 2573 2012 2632 Fran-

440 2663 596 2737 eisei
626 2664 704 2730 de
732 2666 1082 2729 Abbatibus
1113 2664 1373 2729 oliverii
1413 2665 1708 2729 Fabricae
1731 2672 2010 2730 Oecono-

444 2759 531 2821 mi
552 2802 575 2834 ,
601 2760 785 2845 cujus
816 2761 1010 2826 multa
1038 2771 1184 2827 sunt
1215 2770 1560 2827 memoratu
1592 2760 1773 2847 digna
1803 2762 1885 2827 ad
1910 2780 2008 2826 or-

390 2880 393 2881 ’
428 2856 708 2921 mudum
738 2859 1039 2943 Principis
1071 2857 1507 2940 Apostolorum
1559 2858 1963 2942 sepulchrum
1988 2900 2008 2932 ,

440 2952 708 3039 ejusque
734 2974 999 3021 aeneum
1030 2957 1525 3021 vetustissimum
1573 2958 1828 3040 Signum
1889 2963 2008 3020 Do·

428 3052 648 3127 naria,
677 3058 807 3119 tam
843 3053 1061 3118 multis
1094 3054 1333 3120 facibus
1362 3066 1426 3120 et
1456 3054 1853 3140 lampadibus
1896 3055 2008 3118 mi·

430 3149 618 3216 ritice
646 3151 970 3234 dispositis
993 3195 1017 3226 ‚
1049 3161 1217 3218 totus
1242 3152 1636 3228 collucebat,
1668 3164 1732 3218 ut
1756 3162 1999 3219 noctem

426 3248 697 3313 .vineere
718 3250 1066 3316 videretur.
1096 3251 1299 3334 Hujus
1343 3250 1853 3337 ichnographiam
1914 3252 2009 3314 in·

446 3352 547 3410 ter
571 3346 888 3431 Imagines
920 3355 984 3412 et
1015 3347 1478 3415 delineamenta
1531 3349 1608 3413 ad
1664 3348 1896 3414 calcem
1929 3356 2007 3414 O·

420 3443 611 3527 ,peris
638 3446 758 3509 snb
789 3464 1033 3510 numm)
1056 3453 1258 3523 primo
1290 3447 1637 3530 appositam
1690 3445 1999 3510 invenies.

561 3546 692 3607 Nec
723 3542 951 3605 minori
980 3541 1232 3608 fuerunt
1258 3542 1595 3627 voluptati,
1648 3543 1796 3608 licet
1857 3564 2005 3625 qua-

426 3645 540 3710 ·ter
567 3638 633 3700 in
660 3658 826 3703 anno
856 3639 1182 3712 iterentur,
1208 3650 1456 3721 praeter
1485 3641 1607 3705 alia
1638 3642 1846 3706 nitrati
1870 3639 2005 3725 pul-

428 3735 613 3801 setis
643 3756 763 3818 ope
796 3735 1149 3817 spectacula
1181 3736 1241 3799 in
1270 3738 1492 3802 eadem
1524 3737 1815 3801 Hadriani
1872 3758 2005 3802 mo·

438 3829 503 3895 le
526 3875 550 3904 ,
578 3841 686 3896 aut
718 3830 1052 3897 missilium
1085 3833 1324 3917 ignium
1366 3854 1592 3918 genera
1649 3835 1856 3907 varia,
1898 3841 2005 3899 aut

432 3930 776 3993 eorundem
807 3949 932 3995 uno
958 3939 1251 4012 tempora
1299 3919 1798 4015 erumpentium
1830 3939 2000 3996 tanta

437 4025 613 4109 eopia
632 4070 654 4101 ,
677 4037 749 4092 nt
788 4034 918 4093 Arx
973 4028 1105 4110 ipsa
1158 4027 1396 4096 -montis
1452 4028 1648 4094 instar
1702 4029 1998 4114 ignivomi

441 4123 698 4190 Caelum
725 4125 997 4192 flammis
1024 4125 1302 4208 operiret
1356 4126 1741 4191 tonantibus.
1802 4126 1999 4192 Biduo

432 4220 584 4286 baec
613 4224 881 4316 spectari
916 4224 1251 4307 quotannis
1280 4223 1530 4297 solent,
1564 4245 1709 4288 eum
1764 4224 1995 4290 recoli-

416 4323 535 4382 .tur
564 4320 958 4404 triumphalis
985 4319 1296 4405 passionis
1326 4319 1744 4405 gloriosorum
1775 4321 2000 4387 Princi-

428 4433 571 4498 pum
605 4426 811 4483 terrae
842 4417 1149 4482 memoria
1180 4441 1196 4478 2
1232 4420 1461 4482 tertius
1491 4418 1606 4481 boc
1639 4437 1804 4484 anno
1861 4418 1999 4486 dies

414 4521 526 4579 est
551 4513 799 4581 additus
827 4535 1127 4580 novorum
1159 4523 1527 4582 Sanctorum
1560 4536 1768 4580 causa.
1830 4518 1993 4583 seti-

429 4629 624 4691 quum
656 4613 827 4693 quod
859 4618 990 4676 erat
1020 4611 1165 4694 ejus
1195 4611 1397 4675 noctis
1418 4653 1441 4684 ‚
1476 4629 1597 4674 non
1657 4611 1992 4679 defuerunt

414 4707 731 4792 Religioni
768 4710 1138 4791 praesertim
1169 4708 1286 4773 viri
1314 4751 1336 4781 ,
1366 4708 1472 4791 qui
1509 4709 1909 4775 traducerent
1931 4712 1993 4775 in

429 4803 821 4868 orationibus
843 4847 864 4869 .
895 4804 992 4889 (a)
1019 4825 1132 4870 cor
1158 4824 1337 4868 suum
1370 4805 1729 4879 tradentes,
1779 4818 1849 4870 nt
1904 4808 1993 4869 vi-

414 4899 697 4983 gilarent
727 4901 804 4964 ad
834 4901 1191 4974 Dominum,
1214 4909 1280 4965 et
1308 4902 1390 4968 de
1419 4900 1625 4965 futura
1660 4907 1989 4972 Beaternm

424 4996 621 5081 gloria
652 4999 956 5064 maturius
982 4999 1393 5065 laetarentur.

553 5100 811 5161 Summo
842 5116 1028 5164 mane
1060 5102 1405 5192 quotquot
1394 5117 1480 5168 ,ex
1510 5103 1780 5180 utroque
1809 5098 1992 5166 Clero

424 5196 655 5265 erant,
685 5200 755 5256 ut
784 5201 1037 5278 praesto
1067 5202 1285 5262 essem
1316 5173 1561 5260 futurae
1587 5195 1991 5279 supplicatio·

532 5385 617 5458 (a)
644 5387 825 5443 lecti.
857 5389 948 5443 89.
978 5407 1032 5444 υ.
1061 5391 1112 5444 6.
1145 5402 1200 5445 ee
1220 5409 1333 5462 seq.

2126 835 2267 877 mus
2300 812 2594 878 Dominus
2621 818 2885 881 Noster,
2918 821 2984 874 ut
3031 809 3251 879 clerus
3280 829 3445 882 nnn,
3471 829 3686 889 qnem-

2135 911 2472 976 admodum
2527 909 2702 993 prius
2773 907 3015 973 factum
3074 916 3209 973 erat
3231 952 3252 981 ‚
3311 886 3687 987 compositus

2126 1009 2274 1074 hinc
2304 1008 2446 1070 inde
2475 1030 2508 1071 a
2539 1006 2757 1072 Palatii
2793 1014 2967 1088 porta
2987 1048 3008 1079 ,
3041 1026 3227 1089 quam
3264 1010 3522 1085 ferream
3582 1025 3684 1068 vo·

2124 1115 2269 1173 cant
2293 1150 2313 1180 ‚
2344 1125 2547 1187 usque
2580 1106 2655 1167 ad
2691 1104 3050 1171 Obeliscum
3075 1147 3093 1169 0
3128 1112 3190 1166 et
3221 1105 3308 1169 ab
3339 1125 3417 1169 eo
3439 1121 3559 1185 per
3578 1106 3687 1164 Fo-

2125 1225 2268 1267 rum
2297 1224 2498 1284 usque
2525 1204 2603 1267 ad
2651 1202 3020 1285 primarium
3076 1200 3381 1265 Basilicae
3443 1199 3683 1263 Ostium

2126 1302 2282 1365 duas
2311 1303 2569 1366 inflexas
2599 1300 3049 1380 continuasque
3090 1297 3389 1364 formaret
3449 1298 3688 1368 lineas,

2125 1407 2188 1464 et
2219 1401 2308 1463 ita
2341 1398 2754 1468 consisteret,
2803 1397 3173 1461 descensum
3237 1405 3302 1460 et
3356 1395 3683 1477 transitum

2127 1515 2278 1561 suae
2310 1495 2663 1563 sanctitatis
2687 1514 2804 1577 per
2825 1514 3043 1557 earum
3071 1488 3350 1558 medium
3412 1500 3689 1575 praesto-

2126 1592 2404 1670 laturus3
2436 1593 2546 1658 sed
2577 1599 2647 1656 ut
2676 1590 3023 1674 composite
3057 1592 3457 1675 graviterque
3519 1591 3688 1653 ince-

2126 1692 2284 1757 dens
2305 1736 2329 1767 .
2355 1711 2586 1757 canens
2611 1696 2931 1774 praeterea
2957 1688 3257 1773 hymnum
3317 1692 3433 1754 Aua
3494 1691 3692 1753 Ham

2128 1793 2325 1853 Stella
2351 1795 2522 1853 recta
2547 1788 2838 1851 introiret
2867 1787 2931 1849 in
2961 1785 3094 1848 divi·
3122 1785 3285 1849 Petri
3332 1784 3684 1868 Templum.

2126 1892 2262 1961 Quo
2285 1906 2435 1950 vero
2453 1885 2672 1970 Populi
2698 1883 2991 1967 clerique
3024 1882 3216 1953 totius
3237 1903 3462 1967 proras
3483 1904 3561 1948 ac
3580 1904 3688 1947 ro-

2124 1995 2184 2048 ta
2216 1985 2296 2050 ad
2327 1984 2702 2050 exorandam
2734 1981 3233 2053 canonizationis
3293 1982 3690 2064 peragendae

2124 2081 2645 2146 deliberationem
2677 2078 2960 2142 ultimam
2987 2077 3248 2161 publice
3265 2077 3690 2151 ‚accedereuu

2119 2179 2521 2243 mandaverat
2544 2220 2564 2250 ,
2593 2184 2661 2240 ut
2687 2182 2834 2258 post
2890 2181 3112 2240 Sacrae
3171 2172 3688 2259 congregat-ionis

2122 2277 2375 2343 Rittium
2408 2273 2852 2347 consultores,
2881 2274 2988 2356 qui
3031 2270 3313 2339 omnium
3378 2271 3686 2354 postremi

2125 2375 2189 2438 in
2223 2374 2338 2439 bac
2395 2371 2857 2457 Supplicatione
2912 2369 3105 2435 futuri
3163 2376 3339 2434 erant
3361 2411 3384 2442 ‚
3443 2367 3685 2435 vexilla

2121 2492 2375 2555 quoque
2417 2469 2694 2553 quinque
2753 2474 3089 2533 Beatorum
3149 2466 3393 2532 Sanctis
3451 2467 3688 2535 adseri·

2120 2569 2470 2636 bendorum
2500 2572 3085 2647 comportarentur,
3113 2571 3184 2629 et
3237 2562 3401 2627 intra
3462 2563 3687 2629 Basili-

2120 2687 2257 2734 cam
2287 2665 2626 2730 transeunti
2654 2661 2938 2728 Pontifici
2965 2661 3285 2726 humiliter
3302 2661 3445 2726 exhi
3458 2663 3687 2726 beren-

2119 2771 2244 2829 tur.
2277 2770 2359 2827 At
2385 2764 2550 2825 viam
2583 2780 2834 2843 quoque
2866 2760 3057 2825 solito
3088 2757 3476 2841 longiorem,
3519 2780 3684 2841 quae

2117 2864 2197 2927 ab
2238 2860 2535 2925 universo
2595 2857 3066 2942 procedentium
3128 2855 3351 2921 ordine
3407 2857 3682 2923 tenenda

2118 2968 2256 3023 erat
2275 3006 2297 3034 ,
2325 2960 2388 3020 in
2420 2979 2491 3022 ea
2520 2965 2734 3038 parte,
2764 2975 2928 3036 quae
2957 2975 2992 3019 a
3021 2953 3228 3018 fronte
3268 2952 3347 3017 ad
3401 2952 3679 3019 frontem

2115 3053 2566 3140 quadrigemini
2595 3049 2904 3138 peristylii
2961 3058 3177 3134 aperta
3239 3057 3332 3114 est
3359 3092 3380 3121 ‚
3439 3060 3504 3114 et
3558 3051 3678 3115 sub

2113 3157 2219 3219 dio
2240 3198 2260 3225 ‚
2288 3152 2722 3219 Postulatores
2753 3149 3054 3233 praealtis
3080 3149 3363 3212 trabibus
3391 3149 3454 3212 in
3508 3155 3681 3213 terra

2114 3253 2379 3324 defixis,
2409 3249 2748 3332 textilique
2776 3247 2989 3313 serico
3032 3246 3227 3311 rubro
3271 3247 3351 3308 ab
3408 3245 3540 3310 imo
3597 3246 3676 3311 ad

2119 3369 2426 3417 summum
2457 3347 2819 3413 convestitis
2839 3392 2860 3420 ‚
2895 3365 3209 3427 supraque
3237 3342 3384 3409 telis
3411 3363 3489 3408 ex
3537 3364 3678 3410 can·

2117 3451 2280 3512 nabe
2352 3443 2633 3512 extensis
2656 3487 2678 3516 ,
2741 3464 2819 3508 ne
2879 3442 3200 3508 solaribus
3255 3442 3449 3506 radiis
3503 3450 3679 3506 esset

2113 3546 2324 3630 pervia
2346 3589 2366 3618 ,
2395 3542 2727 3628 tegendam
2759 3549 3150 3604 curaverunt.
3187 3544 3357 3603 Onus
3382 3558 3532 3601 vero
3565 3543 3675 3600 Ce-

2112 3662 2366 3707 reorum
2396 3637 2973 3703 distribuendorum
3007 3635 3673 3721 singulis-agminibus,

2111 3741 2219 3823 qni
2252 3737 2773 3821 supplicationem
2803 3743 3250 3816 conmonerent
3271 3777 3293 3805 ‚
3325 3734 3409 3798 ita
3440 3734 3562 3797 duo
3589 3752 3672 3796 ex

2113 3834 2659 3903 caeremoniarum
2719 3832 3035 3915 Magistris
3058 3874 3081 3905 ,
3147 3831 3492 3912 selectique
3560 3828 3673 3893 sli-

2112 3943 2267 4018 quot
2295 3940 2513 4002 Patres
2542 3950 2620 3996 ex
2680 3930 2760 3993 iis
2820 3929 3157 3994 Ordinibus
3215 3926 3674 4012 Regularibus,

2111 4031 2217 4115 qni
2250 4036 2536 4111 sumptus
2585 4026 2646 4087 in
2701 4026 3248 4089 Canonizationem
3309 4024 3669 4099 faciebant,

2112 4128 2278 4192 inter
2305 4146 2374 4191 se
2405 4121 2614 4206 partiti
2647 4120 2889 4188 fuerant
2915 4165 2937 4195 ,
2967 4128 3037 4186 ut
3063 4121 3249 4202 primi
3283 4140 3403 4202 ope
3450 4120 3671 4206 Aeoly·

2109 4225 2359 4289 thorum
2392 4219 2721 4303 cappellae
2745 4217 3106 4283 pontificiae
3118 4217 3498 4282 elericorum
3521 4237 3671 4298 qua-

2109 4321 2410 4385 drilibres
2437 4321 2668 4381 Cereos
2724 4315 3199 4387 cardinalibus,
3259 4312 3666 4384 Patriarcbis,

2107 4425 2172 4482 et
2201 4416 2575 4499 quibusdam
2610 4413 2793 4487 aliis3
2826 4413 3111 4477 trilibres
3140 4412 3370 4476 ceteris
3419 4432 3454 4476 e
3511 4418 3694 4475 Pon·'

2108 4514 2342 4579 tificiae
2390 4510 2727 4593 cappellae
2782 4528 3049 4591 corpore
3103 4507 3460 4581 traderent,
3514 4507 3665 4572 dum

2107 4609 2460 4679 successive
2493 4608 2559 4669 in
2589 4605 2796 4689 ipsum
2821 4604 3132 4678 Sacellum
3168 4605 3513 4677 intrarent3
3569 4604 3659 4666 al-

2106 4710 2223 4775 teri
2255 4715 2464 4774 autem
2497 4703 2758 4787 singulis
2803 4723 2889 4769 ex
2942 4711 3213 4784 utroque
3270 4700 3492 4773 Clero,
3550 4700 3659 4782 qui

2102 4801 2550 4890 supplicationi
2581 4800 2950 4869 intererant,
2982 4800 3127 4863 dnm
3163 4797 3290 4861 bini
3323 4796 3663 4862 transirent

2102 4912 2248 4970 ante
2277 4901 2556 4986 ligneum
2591 4907 2958 4982 suggestum
2980 4939 3003 4970 ‚
3022 4895 3201 4978 ¹quod
3231 4901 3658 4974 comparatum

2100 5003 2183 5066 ad
2211 5000 2328 5064 boe
2357 4997 2562 5062 fuerat
2592 4998 2655 5058 in
2699 4994 3122 5070 loctnlamento
3177 4993 3297 5058 sub
3350 4992 3656 5074 portieua

2103 5100 2276 5164 laeva
2307 5095 2666 5163 exeuntium
2683 5113 2799 5177 per
2826 5091 3252 5175 supradictam
3276 5094 3515 5173 portam
3537 5086 3663 5152 fer·

2103 5215 2275 5268 ream
2302 5194 2366 5259 in
2393 5190 2813 5280 peristylium.
2847 5192 3164 5255 Dabantur
3217 5205 3368 5253 nro
3421 5185 3504 5260 ab
3549 5185 3659 5254 -his
