4442 6300
1528 494 1875 564 Quinem:
1917 496 2385 551 amomum
2424 497 2592 551 nc.

3409 494 3514 548 188

462 640 706 708 stt-nm
736 635 1143 724 perfectionis
1170 594 1639 705 incitamentum
1670 640 1732 702 in
1757 638 1867 708 tali
1892 646 2026 703 tan-
2142 638 2226 703 sti
2256 644 2670 703 amoretanta
2698 638 2762 701 in
2794 646 2959 702 terra
2990 659 3213 723 pessus
3232 635 3353 703 fuit
3375 664 3393 701 z
3424 645 3711 720 Quaproe·

412 812 413 815 Ἴ
465 744 659 820 toque
690 736 838 801 viro
864 756 1094 802 censeo
1125 736 1519 802 servandum.

466 934 516 994 L
529 931 695 994 Uno
708 933 842 994 ΠΟ
856 933 948 994 US
973 932 1271 1007 Sat-amri
1293 933 1640 1007 Episcopus
1668 932 2028 1005 Tempsnsis.

2140 743 2281 818 pter
2310 756 2453 800 cum
2484 740 2983 801 SANCTlTATIS
3031 740 3347 802 VESTRAE
3404 733 3706 799 inelucta-

2141 831 2250 894 bili
2283 840 2546 897 Decreto
2569 839 2825 895 Servum
2855 833 2959 896 1¹05
2985 835 3237 897 beatum
3261 831 3593 895 Camillum
3619 832 3699 894 de

2137 931 2329 994 Lellis
2362 929 2519 994 Albo
2547 936 2909 1017 §anctorum
2939 931 3057 995 rite
3084 929 3357 996 adscribi
3388 949 3575 1013 posse
3598 928 3702 990 tir·

2143 1049 2314 1091 mum
2352 1038 2678 1109 ratumque
2710 1026 2833 1098 sit,
2862 1028 2980 1091 hoc
3009 1028 3212 1110 ipsum
3247 1028 3379 1092 fieri
3443 1025 3700 1108 expedi·

594 1123 803 1188 nabes
829 1123 890 1185 in
922 1126 990 1185 B.
1021 1122 1287 1187 Camillo
1319 1122 1396 1187 de
1427 1122 1619 1188 Lellis
1647 1124 1898 1195 Virum,
1921 1122 2031 1205 qui
2138 1146 2209 1189 re
2240 1143 2566 1190 censerem
2592 1167 2613 1198 ,
2645 1123 2699 1188 si
2731 1130 3232 1191 SANCTtTATIS
3278 1133 3447 1191 TUAE
3504 1133 3698 1190 nutus

464 1219 580 1283 Dei
609 1220 803 1303 gratia
835 1241 872 1285 e
905 1220 1232 1285 mundanis
1259 1220 1426 1284 curis
1456 1221 1532 1284 ad
1566 1220 1788 1284 salutis
1847 1220 2032 1285 semi·
2145 1222 2426 1289 accedat.
2458 1227 2535 1286 Et
2565 1220 2652 1287 ita
2680 1229 2801 1286 etc.

470 1327 598 1395 tam
631 1326 921 1390 vocatus,
951 1316 1139 1383 corde
1168 1319 1441 1383 contrito
1464 1326 1529 1382 et
1557 1316 1889 1381 humiliato
1911 1317 2035 1381 sin·

466 1414 684 1498 gulare
714 1416 1183 1496 poenitentibus
1214 1416 1413 1481 evasit
1469 1414 1832 1498 exemplum
1858 1459 1880 1489 ,
1923 1414 2032 1497 qui

467 1509 821 1575 incredibili
851 1510 1066 1576 labore
1089 1554 1110 1584 ,
1140 1533 1265 1594 quo
1292 1532 1603 1594 pauperes
1628 1512 1882 1585 levare,
1913 1511 2037 1574 eri-

470 1627 625 1691 gere
653 1627 993 1691 oppressos
1010 1653 1032 1684 ,
1064 1608 1475 1693 Infirmosque
1498 1609 1721 1693 juvare
1736 1608 1994 1673 studuit
2013 1651 2033 1683 ‚

474 1704 768 1769 eximiam
811 1704 1306 1772 misericordiam
1364 1707 1701 1790 patefecit,
1763 1707 1869 1790 qui
1930 1706 2037 1770 de·

408 1874 413 1879 ,
470 1821 641 1865 mum
673 1822 917 1867 summo
947 1801 1101 1877 illo,
1132 1825 1257 1886 quo
1289 1805 1397 1868 Dei
1433 1806 1764 1869 tenebatur
1792 1823 2034 1879 amore,

468 1890 663 1981 atque
688 1898 1123 1967 ardentissima
1161 1901 1226 1967 in
1284 1900 1632 1965 Proximum
1690 1900 1991 1965 charitate
2012 1943 2033 1972 ‚

471 1994 764 2086 Virorum
795 1996 1093 2061 Ordinem
1127 1998 1427 2073 instituit,
1459 1997 1519 2059 in
1552 1997 1782 2080 quibus
1815 2016 2034 2081 perpe·

470 2100 743 2158 tuoDeo
772 2094 1011 2160 servire
1034 2138 1055 2166 ,
1088 2092 1394 2177 spirituali
1429 2094 1817 2157 lufirmorum
1850 2094 2033 2158 saluti

472 2211 807 2265 occurrere
827 2235 848 2265 ,
879 2212 953 2257 ac
984 2193 1352 2275 contagioso
1382 2194 1600 2257 morbo
1628 2191 1886 2256 infectis
1938 2212 2035 2256 as·

474 2286 699 2351 s‘is'tere
712 2287 1054 2353 videretur.
1074 2289 1392 2352 Eximium
1419 2288 2036 2360 huncvirum,⁴BEA-

472 2390 777 2450 TlSSfflE
804 2391 1053 2451 PATER
1078 2429 1098 2458 ,
1127 2386 1507 2470 Angelorum
1539 2406 1794 2469 quoque
1819 2385 1883 2448 in
1912 2394 2037 2449 ter·

472 2480 560 2544 ris
587 2483 1033 2546 consuetudine
1064 2483 1300 2549 clarum
1324 2526 1346 2558 ,
1376 2492 1563 2566 atque
1596 2494 1688 2548 tot
1723 2483 2038 2565 tantisque

474 2574 789 2646 mii-aculis
818 2581 1302 2646 condecoratum
1325 2624 1346 2655 ,
1380 2600 1669 2665 suprema
1702 2581 2035 2646 auctorita-

473 2682 539 2741 te
573 2684 674 2739 tua
704 2682 1062 2757 Sanctorum
1096 2697 1257 2743 nunc
1284 2678 1448 2743 Albo
1497 2679 1772 2743 adscribi
1825 2687 2040 2761 optant

473 2771 650 2837 illius
677 2774 1085 2839 amantissimi
1118 2775 1287 2848 Filii,
1315 2777 1544 2841 instant
1566 2766 1907 2860 Principes,
1940 2797 2040 2841 ex·

472 2879 726 2952 pectant
755 2870 1041 2946 Fideles,
1073 2880 1263 2954 atque
1293 2880 1489 2937 Roma
1545 2871 1917 2956 finitimique
1978 2873 2039 2937 ei

473 2966 596 3032 loci
625 2968 837 3035 volunt
870 2979 935 3032 et
966 2971 1261 3047 clamant.
1284 2976 1520 3033 florum
1553 2972 1718 3035 votis
1739 2992 1879 3036 mea
1902 2991 2041 3035 sen·

470 3066 665 3141 tentia
694 3075 841 3142 est,
865 3087 1011 3132 esse
1039 3066 1505 3152 indulgendum.

577 3262 1006 3327 ANTONIUS
1036 3268 1259 3328 Franci
1284 3267 1625 3342 Episcopus
1654 3268 1932 3328 crassati.

596 3459 823 3520 Beatus
852 3457 1154 3522 Camillus
1186 3458 1267 3522 de
1297 3457 1491 3524 Lellis
1536 3455 1847 3522 Fundator
1903 3455 2038 3522 Cle-

468 3552 742 3617 ricorum
776 3555 1172 3638 Regularium
1203 3551 1685 3621 ninistrantium
1716 3554 1990 3618 infirmis
2011 3595 2033 3627 ,

472 3650 967 3716 misericordiam
1000 3673 1036 3716 a
1063 3659 1195 3717 Deo
1219 3655 1596 3715 consecutus
1615 3693 1636 3726 ,
1664 3657 1730 3714 ut
1784 3651 1848 3714 in
1907 3672 2037 3716 me-

471 3745 592 3811 lius
616 3749 1020 3822 emendaret,
1050 3769 1210 3832 quae
1238 3750 1594 3833 ignoranter
1630 3756 1991 3833 peccaverat
2012 3790 2033 3821 ,

471 3844 558 3908 ita
589 3845 676 3932 ad*
697 3855 967 3909 aratrum
995 3867 1246 3910 manum
1278 3847 1579 3919 admovit,
1609 3856 1679 3911 ut
1700 3839 2033 3928 numquam

471 3933 835 4035 respexerit
851 3952 1018 4008 retro
1040 3989 1060 4018 ,
1093 3964 1170 4009 ne
1201 3946 1365 4008 levia
1397 3944 1653 4027 quidem
1699 3945 1762 4005 in
1827 3952 2036 4025 poste·

372 4053 379 4057 ’
471 4057 611 4102 rum
642 4051 895 4122 peccata
929 4042 1353 4130 negligendo,
1381 4051 1448 4107 et
1478 4063 1619 4106 cum
1648 4060 1896 4106 omnem
1930 4040 2035 4104 ad-

469 4136 777 4202 hibuisset
806 4137 1198 4224 diligentiam
1221 4185 1242 4215 ,
1296 4148 1369 4203 ut
1423 4139 1744 4222 perfectus
1803 4137 2032 4202 Christi

469 4234 760 4330 imitator
789 4239 1123 4311 evaderet,
1157 4239 1331 4302 brevi
1359 4256 1430 4304 se
1472 4237 1762 4319 praebuit
1814 4254 2033 4299 verum

469 4330 840 4402 christianae
872 4331 1212 4428 Religionis
1240 4341 1306 4398 et
1337 4333 1654 4428 perfectae
1712 4332 2035 4398 charitatis

370 4446 387 4451 “
470 4430 834 4514 exemplar:
868 4437 1123 4497 Romam
1161 4442 1397 4496 tantum
1451 4439 1680 4495 testem
1741 4429 2033 4514 appelle,

466 4528 575 4589 ubi
614 4525 948 4592 durissima
981 4537 1304 4611 grassante
1363 4537 1581 4610 peste,
1643 4527 1850 4611 plenis
1906 4528 2035 4591 lan-

471 4625 786 4708 guentium
818 4626 1214 4690 Nosocomiis
1238 4669 1258 4699 ,
1290 4625 1596 4707 Compitis
1620 4669 1640 4698 ,
1671 4625 1843 4689 Foris
1902 4646 2031 4688 mo-

466 4723 767 4785 rientium
797 4723 1135 4806 gemitibus
1190 4722 1676 4795 resonantibus,
1733 4720 2031 4787 Camillus

472 4820 772 4888 omnibus
803 4821 1011 4886 omnia
1041 4819 1287 4893 factus,
1317 4817 1831 4901 praesentissimo
1868 4819 2038 4881 vitae

465 4916 828 4980 discrimine
848 4926 1191 5000 ,aegrotos
1223 4914 1447 4980 mortis
1478 4913 1764 4978 faucibus
1805 4914 2033 4995 eripie-

468 5012 575 5075 bat
600 5056 619 5083 ,
664 5013 948 5097 jacentes
1009 5014 1369 5088 recreabat,
1426 5005 1897 5095 migrantesque
1955 5030 2033 5074 ex

468 5107 585 5172 hac
614 5109 745 5172 vita
773 5103 1014 5186 ani‘mas
1045 5108 1373 5178 sacrificiis
1426 5108 1844 5190 precibusque
1902 5112 2033 5170 Deo

467 5206 971 5270 commendabat.
1003 5213 1151 5271 Post
1191 5207 1551 5270 innumeros
1613 5203 1862 5269 tandem
1922 5215 2048 5285 pro·

462 5303 677 5368 salute
706 5301 1010 5369 Fidelium
1044 5313 1373 5385 susceptos
1426 5302 1686 5366 labores
1712 5343 1734 5376 ,
1790 5301 2028 5367 meruit

2278 1417 2608 1483 THOMAS
2632 1419 2981 1481 ALEXIUS
3013 1422 3185 1481 Rosci
3232 1421 3581 1497 Episcopus
3651 1481 3680 1503 ⁴

2752 1518 3107 1593 Api-urinas.

2271 1712 2419 1773 Cum
2453 1728 2575 1771 una
2614 1708 2813 1772 simus
2872 1708 2937 1771 in
2988 1708 3257 1775 Domino
3315 1709 3435 1773 suh
3491 1707 3707 1774 Nostri

2142 1805 2533 1870 sanctissimi
2565 1805 2764 1872 Patris
2794 1815 2853 1870 et
2887 1805 3201 1872 Pontificis
3222 1807 3478 1872 Maximi
3505 1807 3713 1891 auspi·

2142 1904 2300 1979 ciis,
2333 1925 2557 1969 omnes
2589 1924 2712 1969 non
2740 1903 3019 1968 diffiteor
3040 1947 3061 1978 ,
3091 1905 3224 1969 sine
3255 1905 3380 1968 mei
3424 1904 3705 1969 humilli-

2145 2004 2232 2065 mi
2266 2002 2556 2086 Episcopi
2581 2002 2892 2066 sententia
2916 2002 2980 2063 in
3002 2002 3170 2067 beati
3200 2001 3444 2067 Camilli
3478 2006 3557 2068 de
3574 2001 3711 2066 Lel-

2142 2099 2224 2164 lis
2253 2100 2800 2164 canonizationem
2831 2099 3176 2165 asserendo
3205 2121 3599 2166 concurrere.

2276 2197 2340 2260 td
2370 2215 2561 2260 nuum
2594 2205 2694 2259 est
2727 2195 2942 2260 dicere
2966 2241 2987 2271 ‚
3014 2196 3329 2280 integrum
3358 2218 3502 2262 esse
3526 2199 3715 2262 virtu·

2145 2292 2319 2357 tibus
2351 2292 2723 2377 theologicis
2749 2291 2899 2358 fidei
2931 2291 3139 2377 (scire
3182 2293 3379 2375 licet)
3441 2296 3713 2378 Religio·

2148 2391 2386 2455 sissimi
2415 2390 2545 2454 viri
2569 2434 2591 2463 ,
2624 2391 2757 2473 spei
2784 2434 2806 2465 ,
2858 2398 2919 2454 et
2979 2390 3345 2454 charitatis=
3409 2392 3718 2476 Prodigiis

2147 2488 2382 2562 etiam,
2410 2488 2648 2581 quibus
2676 2486 2845 2553 clare
2892 2487 2958 2549 in
3018 2486 3303 2552 Ecclesia
3359 2485 3582 2574 fulget.
3641 2496 3713 2555 Ut

2146 2594 2488 2668 eapropter
2520 2594 2860 2651 veneretur
2892 2583 2955 2645 in
2989 2584 3175 2649 terris
3198 2628 3219 2657 ,
3248 2585 3352 2667 qui
3399 2586 3477 2651 ad
3538 2606 3718 2671 prae.

2150 2704 2298 2748 sens
2318 2725 2339 2755 ‚
2370 2690 2435 2747 et
2462 2682 2528 2744 in
2557 2701 2783 2746 aevum
2815 2687 3032 2764 regnat
3061 2681 3123 2742 in
3157 2681 3386 2746 Caelis.

2276 2779 2459 2843 Brevi
2495 2799 2595 2842 me
2627 2777 2976 2863 expediam.
3027 2775 3206 2841 illam
3269 2778 3506 2842 etenim
3562 2799 3716 2865 erga

2149 2898 2218 2942 se
2249 2876 2411 2941 male
2439 2876 2743 2941 habentes
2775 2872 3132 2940 mirabilem
3196 2874 3564 2960 charitatem
3590 2923 3611 2951 ,
3639 2877 3715 2940 il·

2147 2973 2257 3041 lud
2288 2973 2859 3038 laboriosissimum
2888 2973 3055 3036 vitae
3086 2991 3281 3056 genus
3314 2973 3716 3039 morientium

2148 3070 2525 3154 pientissimi
2558 3068 2861 3153 sospitis,
2889 3077 2958 3133 et
2981 3068 3114 3155 jugi
3156 3068 3377 3147 labore
3438 3071 3715 3154 singula·

2151 3188 2281 3231 rem
2313 3167 2714 3236 sedulitatem
2745 3167 3186 3249 amplexatus,
3220 3178 3316 3233 sat
3373 3170 3717 3251 specimina

2147 3266 2319 3331 dedit
2352 3267 2413 3327 in
2445 3266 2568 3330 vita
2600 3265 2793 3329 sancti
2826 3265 3090 3347 Spiritus
3137 3266 3512 3331 charismata
3570 3288 3709 3334 san-

2145 3371 2287 3429 ctae
2318 3364 2566 3426 animae
2600 3361 2934 3427 affluenter
2962 3360 3169 3427 infusa
3201 3363 3558 3428 retinuisse.

2274 3459 2571 3523 Dubitare
2603 3459 2792 3543 igitur
2820 3479 2942 3523 non
2976 3460 3326 3534 debemus,
3358 3459 3528 3543 quod
3556 3467 3705 3524 San·

2144 3558 2471 3622 ctissimus
2499 3563 2679 3621 Pater
2703 3556 2990 3621 Pontifex
3039 3557 3391 3631 Maximus,
3449 3566 3516 3623 et
3573 3577 3716 3623 san·

2144 3665 2284 3720 ctae
2312 3654 2684 3719 universalis
2711 3652 3031 3720 Ecclesiae
3062 3655 3360 3739 magister
3380 3655 3529 3739 jure
3555 3676 3708 3737 quo·

2143 3773 2269 3835 que
2299 3751 2539 3834 optimo
2568 3749 2632 3812 in
2661 3750 2892 3814 Album
2926 3757 3290 3816 Sanctorum
3321 3759 3562 3814 tantum
3606 3751 3716 3815 Vi·

2142 3867 2280 3910 rum
2305 3847 2671 3913 adscribere
2698 3858 2918 3931 pergat
2940 3892 2960 3922 ,
2992 3849 3082 3912 uti
3114 3847 3249 3913 fere
3307 3868 3531 3913 omnes
3589 3846 3705 3911 hu·

2145 3943 2414 4009 millime
2446 3942 2873 4027 deprecamur.
2983 3997 2988 4000 .

2143 4144 2217 4204 D.
2248 4142 2347 4204 ΙΝ
2355 4143 2411 4205 Ν
2414 4138 2715 4203 Ocfflvw
2723 4141 2819 4201 US
2850 4139 3126 4216 Gor-acm·
3184 4143 3536 4218 Episcopus
3567 4142 3713 4205 Pin·

2557 4243 2761 4302 nemis
2791 4248 2848 4316 et
2882 4241 3277 4302 fisariensis.
3335 4285 3344 4294 ,

2269 4432 2422 4494 Cum
2451 4426 2515 4491 in
2545 4434 2908 4493 Sanctorum
2969 4427 3451 4493 canonizatione
3507 4427 3714 4495 heroi-

2143 4545 2250 4589 cas
2278 4526 2542 4589 virtutes
2570 4523 2938 4600 imitandas,
2969 4517 3230 4590 caelesti
3291 4526 3534 4591 aeterni
3597 4535 3714 4591 Re·

2145 4621 2241 4706 gis
2271 4619 2433 4687 stola
2475 4623 2929 4706 condecoratos
2986 4624 3418 4698 venerandos,
3471 4644 3546 4688 ac
3601 4623 3713 4689 Dei

2142 4719 2387 4783 amicos
2415 4725 2707 4803 tanquam
2739 4721 2930 4786 utiles
2956 4723 3130 4804 apud⁴
3154 4742 3299 4786 eum
3330 4722 3710 4786 intercesso-

2144 4835 2249 4880 res
2277 4814 2603 4897 Fidelibus
2631 4825 2937 4899 proponat
2967 4818 3251 4884 Ecclesia
3274 4862 3296 4892 ,
3327 4820 3581 4883 beatum
3606 4822 3716 4882 Ca·

2146 4912 2391 4975 millum
2423 4914 2504 4979 de
2535 4914 2720 4978 Lellis
2745 4915 2887 4997 jure
2919 4915 3159 4997 optimo
3216 4922 3408 4996 atque
3471 4913 3702 4980 merito

2143 5010 2206 5072 in
2237 5017 2595 5075 Sanctorum
2637 5032 2965 5075 numerum
3028 5031 3318 5094 suprema
3372 5020 3562 5093 atque
3622 5011 3713 5072 in-

2140 5105 2402 5171 fallibili
2432 5110 2802 5172 auctoritate
2835 5119 2939 5172 tua
2970 5108 3372 5173 referendum
3405 5128 3552 5173 esse
3607 5127 3708 5170 ar·

2148 5206 2364 5269 bitror.
2403 5211 2468 5267 ln
2498 5227 2577 5270 eo
2608 5207 2769 5269 enim
2819 5204 3069 5269 Fideles
3122 5221 3344 5271 omnes
3401 5204 3703 5269 eximium

2140 5299 2375 5372 habent
2406 5303 2782 5368 humilitatis
2801 5346 2823 5377 ,
2853 5303 3407 5387 patientiaeatque
3449 5302 3712 5372 mirabi-

425 5399 612 5481 sscum
643 5398 895 5466 Christo
922 5396 1275 5485 regnat-ein
1303 5397 1507 5464 Caelis
1528 5440 1553 5473 ,
1580 5397 1687 5481 qui
1720 5417 1833 5483 pro
1863 5395 2031 5466 Chri·
2145 5395 2229 5462 lis
2261 5399 2330 5461 in
2353 5419 2660 5485 pauperes
2702 5399 3178 5488 misericordiae
3239 5400 3566 5488 exemplar
3577 5424 3606 5478 3
3631 5399 3715 5484 ‘in
