<?xml version="1.0" encoding="UTF-8"?>
<!DOCTYPE html PUBLIC "-//W3C//DTD XHTML 1.0 Transitional//EN"
    "http://www.w3.org/TR/xhtml1/DTD/xhtml1-transitional.dtd">
<html xmlns="http://www.w3.org/1999/xhtml" xml:lang="en" lang="en">
 <head>
  <title>
</title>
<meta http-equiv="Content-Type" content="text/html;charset=utf-8" />
  <meta name='ocr-system' content='tesseract 3.04.00' />
  <meta name='ocr-capabilities' content='ocr_page ocr_carea ocr_par ocr_line ocrx_word'/>
</head>
<body>
  <div class='ocr_page' id='page_1' title='image "benedictixivpon00benegoog_0332.png"; bbox 0 0 4442 6300; ppageno 0'>
   <div class='ocr_carea' id='block_1_1' title="bbox 1000 539 1109 590">
    <p class='ocr_par' dir='ltr' id='par_1_1' title="bbox 1000 539 1109 590">
     <span class='ocr_line' id='line_1_1' title="bbox 1000 539 1109 590; baseline 0.018 -2"><span class='ocrx_word' id='word_1_1' title='bbox 1000 539 1109 590; x_wconf 69' lang='lat' dir='ltr'><strong>2⁴.)ss</strong></span> 
     </span>
    </p>
   </div>
   <div class='ocr_carea' id='block_1_2' title="bbox 816 685 3546 768">
    <p class='ocr_par' dir='ltr' id='par_1_2' title="bbox 816 685 3546 768">
     <span class='ocr_line' id='line_1_2' title="bbox 816 685 3546 768; baseline 0.002 -24"><span class='ocrx_word' id='word_1_2' title='bbox 816 685 1113 749; x_wconf 82' lang='lat' dir='ltr'><strong>comitatu</strong></span> <span class='ocrx_word' id='word_1_3' title='bbox 1133 728 1154 758; x_wconf 92' lang='lat'><strong>,</strong></span> <span class='ocrx_word' id='word_1_4' title='bbox 1185 686 1410 768; x_wconf 85' lang='lat' dir='ltr'><strong>Capita</strong></span> <span class='ocrx_word' id='word_1_5' title='bbox 1445 685 1884 767; x_wconf 75' lang='lat' dir='ltr'><strong>Apostolorum</strong></span> <span class='ocrx_word' id='word_1_6' title='bbox 1916 687 2270 752; x_wconf 86' lang='lat' dir='ltr'><strong>veneraturi</strong></span> <span class='ocrx_word' id='word_1_7' title='bbox 2302 707 2380 752; x_wconf 90' lang='lat' dir='ltr'><strong>eo</strong></span> <span class='ocrx_word' id='word_1_8' title='bbox 2493 688 2703 752; x_wconf 87' lang='lat' dir='ltr'><strong>datam</strong></span> <span class='ocrx_word' id='word_1_9' title='bbox 2745 686 3110 753; x_wconf 75' lang='lat' dir='ltr'><strong>facinorosis</strong></span> <span class='ocrx_word' id='word_1_10' title='bbox 3140 688 3502 752; x_wconf 82' lang='lat' dir='ltr'><strong>bominibus</strong></span> <span class='ocrx_word' id='word_1_11' title='bbox 3525 733 3546 760; x_wconf 89' lang='lat'><strong>,</strong></span> 
     </span>
    </p>
   </div>
   <div class='ocr_carea' id='block_1_3' title="bbox 1997 543 2897 599">
    <p class='ocr_par' dir='ltr' id='par_1_3' title="bbox 1997 543 2897 599">
     <span class='ocr_line' id='line_1_3' title="bbox 1997 543 2897 599; baseline 0.001 -3"><span class='ocrx_word' id='word_1_12' title='bbox 1997 543 2202 597; x_wconf 73' lang='lat' dir='ltr'><strong>ACTA</strong></span> <span class='ocrx_word' id='word_1_13' title='bbox 2244 543 2897 599; x_wconf 70' lang='lat' dir='ltr'><strong>‹tANONtzATtONts</strong></span> 
     </span>
    </p>
   </div>
   <div class='ocr_carea' id='block_1_4' title="bbox 3589 686 4051 753">
    <p class='ocr_par' dir='ltr' id='par_1_4' title="bbox 3589 686 4051 753">
     <span class='ocr_line' id='line_1_4' title="bbox 3589 686 4051 753; baseline 0 -1"><span class='ocrx_word' id='word_1_14' title='bbox 3589 686 3905 753; x_wconf 79' lang='lat' dir='ltr'><strong>scelerum</strong></span> <span class='ocrx_word' id='word_1_15' title='bbox 3937 687 4051 752; x_wconf 87' lang='lat' dir='ltr'><strong>im·</strong></span> 
     </span>
    </p>
   </div>
   <div class='ocr_carea' id='block_1_5' title="bbox 813 781 4055 869">
    <p class='ocr_par' dir='ltr' id='par_1_5' title="bbox 813 781 4055 869">
     <span class='ocr_line' id='line_1_5' title="bbox 813 781 4055 869; baseline 0.002 -29"><span class='ocrx_word' id='word_1_16' title='bbox 813 781 1375 862; x_wconf 75' lang='lat' dir='ltr'><strong>progrederentur:</strong></span> <span class='ocrx_word' id='word_1_17' title='bbox 1426 781 1593 865; x_wconf 92' lang='lat' dir='ltr'><strong>quod</strong></span> <span class='ocrx_word' id='word_1_18' title='bbox 1638 782 1768 865; x_wconf 84' lang='lat' dir='ltr'><strong>jam</strong></span> <span class='ocrx_word' id='word_1_19' title='bbox 1823 795 2046 866; x_wconf 88' lang='lat' dir='ltr'><strong>quater</strong></span> <span class='ocrx_word' id='word_1_20' title='bbox 2085 782 2380 869; x_wconf 80' lang='lat' dir='ltr'><strong>religiose</strong></span> <span class='ocrx_word' id='word_1_21' title='bbox 2489 786 2769 865; x_wconf 88' lang='lat' dir='ltr'><strong>punitate</strong></span> <span class='ocrx_word' id='word_1_22' title='bbox 2798 785 3105 865; x_wconf 84' lang='lat' dir='ltr'><strong>promissa</strong></span> <span class='ocrx_word' id='word_1_23' title='bbox 3131 829 3150 857; x_wconf 92' lang='lat'><strong>,</strong></span> <span class='ocrx_word' id='word_1_24' title='bbox 3181 785 3580 849; x_wconf 68' lang='lat' dir='ltr'>habitandam</span> <span class='ocrx_word' id='word_1_25' title='bbox 3611 782 3943 849; x_wconf 83' lang='lat' dir='ltr'><strong>concessit.</strong></span> <span class='ocrx_word' id='word_1_26' title='bbox 3976 791 4055 848; x_wconf 79' lang='lat' dir='ltr'><strong>At</strong></span> 
     </span>
    </p>
   </div>
   <div class='ocr_carea' id='block_1_6' title="bbox 816 890 1271 943">
    <p class='ocr_par' dir='ltr' id='par_1_6' title="bbox 816 890 1271 943">
     <span class='ocr_line' id='line_1_6' title="bbox 816 890 1271 943; baseline 0.002 -4"><span class='ocrx_word' id='word_1_27' title='bbox 816 891 1121 940; x_wconf 71' lang='lat' dir='ltr'><strong>servatum</strong></span> <span class='ocrx_word' id='word_1_28' title='bbox 1153 890 1271 943; x_wconf 86' lang='lat' dir='ltr'><strong>est.</strong></span> 
     </span>
    </p>
   </div>
   <div class='ocr_carea' id='block_1_7' title="bbox 1096 1078 2098 1540">
    <p class='ocr_par' dir='ltr' id='par_1_7' title="bbox 1096 1078 2098 1540">
     <span class='ocr_line' id='line_1_7' title="bbox 1133 1078 2063 1140; baseline 0.006 -5"><span class='ocrx_word' id='word_1_29' title='bbox 1133 1078 1611 1137; x_wconf 77' lang='lat' dir='ltr'><strong>BENEDlCTUS</strong></span> <span class='ocrx_word' id='word_1_30' title='bbox 1657 1080 2063 1140; x_wconf 80' lang='lat' dir='ltr'><strong>EPISCOPUS</strong></span> 
     </span>
     <span class='ocr_line' id='line_1_8' title="bbox 1195 1272 2000 1333; baseline 0.002 -3"><span class='ocrx_word' id='word_1_31' title='bbox 1195 1272 1434 1330; x_wconf 74' lang='lat' dir='ltr'><strong>Sr-:avus</strong></span> <span class='ocrx_word' id='word_1_32' title='bbox 1492 1273 1834 1332; x_wconf 72' lang='lat' dir='ltr'><strong>ssnvonca</strong></span> <span class='ocrx_word' id='word_1_33' title='bbox 1882 1275 2000 1333; x_wconf 76' lang='lat' dir='ltr'><strong>Dm</strong></span> 
     </span>
     <span class='ocr_line' id='line_1_9' title="bbox 1096 1465 2098 1540; baseline 0.004 -18"><span class='ocrx_word' id='word_1_34' title='bbox 1096 1465 1188 1523; x_wconf 73' lang='lat' dir='ltr'><strong>Aa</strong></span> <span class='ocrx_word' id='word_1_35' title='bbox 1207 1475 1567 1540; x_wconf 69' lang='lat' dir='ltr'><strong>perpetuam</strong></span> <span class='ocrx_word' id='word_1_36' title='bbox 1600 1470 1691 1527; x_wconf 76' lang='lat' dir='ltr'><strong>roi</strong></span> <span class='ocrx_word' id='word_1_37' title='bbox 1728 1471 2098 1530; x_wconf 73' lang='lat' dir='ltr'><strong>memoriam.</strong></span> 
     </span>
    </p>
   </div>
   <div class='ocr_carea' id='block_1_8' title="bbox 811 1655 2374 2130">
    <p class='ocr_par' dir='ltr' id='par_1_8' title="bbox 811 1655 2374 2130">
     <span class='ocr_line' id='line_1_10' title="bbox 940 1655 2372 1741; baseline 0.004 -25"><span class='ocrx_word' id='word_1_38' title='bbox 940 1655 1345 1721; x_wconf 80' lang='lat' dir='ltr'><strong>Admirabilis</strong></span> <span class='ocrx_word' id='word_1_39' title='bbox 1392 1658 1741 1741; x_wconf 70' lang='lat' dir='ltr'><strong>Sapientiae</strong></span> <span class='ocrx_word' id='word_1_40' title='bbox 1790 1659 1901 1721; x_wconf 82' lang='lat' dir='ltr'><strong>Dei</strong></span> <span class='ocrx_word' id='word_1_41' title='bbox 1965 1656 2372 1728; x_wconf 84' lang='lat' dir='ltr'><strong>sublimitas,</strong></span> 
     </span>
     <span class='ocr_line' id='line_1_11' title="bbox 811 1752 2372 1837; baseline 0.003 -22"><span class='ocrx_word' id='word_1_42' title='bbox 811 1752 990 1833; x_wconf 80' lang='lat' dir='ltr'><strong>cujus</strong></span> <span class='ocrx_word' id='word_1_43' title='bbox 1038 1754 1296 1835; x_wconf 87' lang='lat' dir='ltr'><strong>provida</strong></span> <span class='ocrx_word' id='word_1_44' title='bbox 1342 1754 1756 1837; x_wconf 72' lang='lat' dir='ltr'><strong>dispositione</strong></span> <span class='ocrx_word' id='word_1_45' title='bbox 1806 1756 2116 1820; x_wconf 89' lang='lat' dir='ltr'><strong>mundana</strong></span> <span class='ocrx_word' id='word_1_46' title='bbox 2166 1763 2372 1837; x_wconf 73' lang='lat' dir='ltr'><strong>Regna</strong></span> 
     </span>
     <span class='ocr_line' id='line_1_12' title="bbox 812 1850 2373 1939; baseline 0.002 -25"><span class='ocrx_word' id='word_1_47' title='bbox 812 1850 1313 1939; x_wconf 78' lang='lat' dir='ltr'><strong>constituuntur,</strong></span> <span class='ocrx_word' id='word_1_48' title='bbox 1359 1864 1428 1916; x_wconf 90' lang='lat' dir='ltr'><strong>ut</strong></span> <span class='ocrx_word' id='word_1_49' title='bbox 1461 1854 1776 1918; x_wconf 85' lang='lat' dir='ltr'><strong>Ecclesiae</strong></span> <span class='ocrx_word' id='word_1_50' title='bbox 1820 1853 2166 1925; x_wconf 78' lang='lat' dir='ltr'><strong>Fidelium,</strong></span> <span class='ocrx_word' id='word_1_51' title='bbox 2211 1874 2373 1934; x_wconf 79' lang='lat' dir='ltr'><strong>qnae</strong></span> 
     </span>
     <span class='ocr_line' id='line_1_13' title="bbox 813 1948 2374 2035; baseline 0.004 -28"><span class='ocrx_word' id='word_1_52' title='bbox 813 1948 1027 2010; x_wconf 85' lang='lat' dir='ltr'><strong>divino</strong></span> <span class='ocrx_word' id='word_1_53' title='bbox 1054 1952 1343 2013; x_wconf 85' lang='lat' dir='ltr'><strong>comitata</strong></span> <span class='ocrx_word' id='word_1_54' title='bbox 1372 1950 1685 2035; x_wconf 84' lang='lat' dir='ltr'><strong>adjutorio</strong></span> <span class='ocrx_word' id='word_1_55' title='bbox 1703 1951 2139 2034; x_wconf 79' lang='lat' dir='ltr'><strong>peregrinatur</strong></span> <span class='ocrx_word' id='word_1_56' title='bbox 2168 1951 2228 2013; x_wconf 92' lang='lat' dir='ltr'><strong>in</strong></span> <span class='ocrx_word' id='word_1_57' title='bbox 2252 1959 2374 2014; x_wconf 83' lang='lat' dir='ltr'><strong>ter·</strong></span> 
     </span>
     <span class='ocr_line' id='line_1_14' title="bbox 812 2044 2370 2130; baseline 0.002 -25"><span class='ocrx_word' id='word_1_58' title='bbox 812 2046 942 2115; x_wconf 86' lang='lat' dir='ltr'><strong>ris,</strong></span> <span class='ocrx_word' id='word_1_59' title='bbox 988 2044 1082 2108; x_wconf 82' lang='lat' dir='ltr'><strong>vel</strong></span> <span class='ocrx_word' id='word_1_60' title='bbox 1116 2047 1628 2130; x_wconf 84' lang='lat' dir='ltr'><strong>amplificandae,</strong></span> <span class='ocrx_word' id='word_1_61' title='bbox 1671 2047 1767 2111; x_wconf 83' lang='lat' dir='ltr'><strong>vel</strong></span> <span class='ocrx_word' id='word_1_62' title='bbox 1802 2049 2229 2119; x_wconf 81' lang='lat' dir='ltr'><strong>exercendae,</strong></span> <span class='ocrx_word' id='word_1_63' title='bbox 2275 2046 2370 2111; x_wconf 87' lang='lat' dir='ltr'><strong>vel</strong></span> 
     </span>
    </p>
   </div>
   <div class='ocr_carea' id='block_1_9' title="bbox 814 2143 2377 2217">
    <p class='ocr_par' dir='ltr' id='par_1_9' title="bbox 814 2143 2377 2217">
     <span class='ocr_line' id='line_1_15' title="bbox 814 2143 2377 2217; baseline 0.001 -13"><span class='ocrx_word' id='word_1_64' title='bbox 814 2143 1296 2217; x_wconf 82' lang='lat' dir='ltr'><strong>custodiendae,</strong></span> <span class='ocrx_word' id='word_1_65' title='bbox 1338 2143 1796 2209; x_wconf 79' lang='lat' dir='ltr'><strong>alternantibus</strong></span> <span class='ocrx_word' id='word_1_66' title='bbox 1840 2144 1994 2208; x_wconf 87' lang='lat' dir='ltr'><strong>miro</strong></span> <span class='ocrx_word' id='word_1_67' title='bbox 2023 2145 2245 2207; x_wconf 81' lang='lat' dir='ltr'><strong>ordine</strong></span> <span class='ocrx_word' id='word_1_68' title='bbox 2289 2144 2377 2205; x_wconf 88' lang='lat' dir='ltr'><strong>vi·</strong></span> 
     </span>
    </p>
   </div>
   <div class='ocr_carea' id='block_1_10' title="bbox 796 2238 2375 5332">
    <p class='ocr_par' dir='ltr' id='par_1_10' title="bbox 796 2238 2375 5332">
     <span class='ocr_line' id='line_1_16' title="bbox 810 2238 2375 2313; baseline 0.004 -13"><span class='ocrx_word' id='word_1_69' title='bbox 810 2238 1025 2311; x_wconf 86' lang='lat' dir='ltr'><strong>cibus,</strong></span> <span class='ocrx_word' id='word_1_70' title='bbox 1056 2241 1416 2313; x_wconf 75' lang='lat' dir='ltr'><strong>inserviant,</strong></span> <span class='ocrx_word' id='word_1_71' title='bbox 1446 2241 1862 2307; x_wconf 88' lang='lat' dir='ltr'><strong>voluntariam</strong></span> <span class='ocrx_word' id='word_1_72' title='bbox 1894 2241 2144 2305; x_wconf 85' lang='lat' dir='ltr'><strong>humani</strong></span> <span class='ocrx_word' id='word_1_73' title='bbox 2176 2248 2375 2306; x_wconf 85' lang='lat' dir='ltr'><strong>Gene-</strong></span> 
     </span>
     <span class='ocr_line' id='line_1_17' title="bbox 804 2336 2374 2421; baseline 0.003 -25"><span class='ocrx_word' id='word_1_74' title='bbox 804 2336 890 2399; x_wconf 84' lang='lat' dir='ltr'><strong>ris</strong></span> <span class='ocrx_word' id='word_1_75' title='bbox 919 2337 1278 2403; x_wconf 89' lang='lat' dir='ltr'><strong>caecitatem</strong></span> <span class='ocrx_word' id='word_1_76' title='bbox 1301 2382 1323 2411; x_wconf 85' lang='lat'><strong>,</strong></span> <span class='ocrx_word' id='word_1_77' title='bbox 1353 2350 1418 2404; x_wconf 88' lang='lat' dir='ltr'><strong>et</strong></span> <span class='ocrx_word' id='word_1_78' title='bbox 1449 2339 1787 2421; x_wconf 82' lang='lat' dir='ltr'><strong>proclivem</strong></span> <span class='ocrx_word' id='word_1_79' title='bbox 1822 2339 1884 2401; x_wconf 91' lang='lat' dir='ltr'><strong>in</strong></span> <span class='ocrx_word' id='word_1_80' title='bbox 1915 2340 2232 2403; x_wconf 77' lang='lat' dir='ltr'><strong>deteriora</strong></span> <span class='ocrx_word' id='word_1_81' title='bbox 2268 2359 2374 2401; x_wconf 86' lang='lat' dir='ltr'><strong>ne·</strong></span> 
     </span>
     <span class='ocr_line' id='line_1_18' title="bbox 809 2433 2374 2518; baseline 0.003 -22"><span class='ocrx_word' id='word_1_82' title='bbox 809 2433 1071 2514; x_wconf 85' lang='lat' dir='ltr'><strong>quitiam</strong></span> <span class='ocrx_word' id='word_1_83' title='bbox 1112 2437 1433 2500; x_wconf 85' lang='lat' dir='ltr'><strong>secretiori</strong></span> <span class='ocrx_word' id='word_1_84' title='bbox 1463 2436 1727 2500; x_wconf 90' lang='lat' dir='ltr'><strong>consilio</strong></span> <span class='ocrx_word' id='word_1_85' title='bbox 1750 2481 1769 2509; x_wconf 92' lang='lat'><strong>,</strong></span> <span class='ocrx_word' id='word_1_86' title='bbox 1815 2447 1875 2500; x_wconf 91' lang='lat' dir='ltr'><strong>et</strong></span> <span class='ocrx_word' id='word_1_87' title='bbox 1907 2436 2112 2499; x_wconf 80' lang='lat' dir='ltr'><strong>altiori</strong></span> <span class='ocrx_word' id='word_1_88' title='bbox 2141 2438 2374 2518; x_wconf 86' lang='lat' dir='ltr'><strong>pietate</strong></span> 
     </span>
     <span class='ocr_line' id='line_1_19' title="bbox 804 2532 2374 2615; baseline 0.003 -21"><span class='ocrx_word' id='word_1_89' title='bbox 804 2532 1276 2608; x_wconf 84' lang='lat' dir='ltr'><strong>commiserans,</strong></span> <span class='ocrx_word' id='word_1_90' title='bbox 1308 2553 1447 2596; x_wconf 91' lang='lat' dir='ltr'><strong>cum</strong></span> <span class='ocrx_word' id='word_1_91' title='bbox 1474 2533 1836 2597; x_wconf 76' lang='lat' dir='ltr'><strong>adveniente</strong></span> <span class='ocrx_word' id='word_1_92' title='bbox 1868 2532 2219 2615; x_wconf 76' lang='lat' dir='ltr'><strong>temporum</strong></span> <span class='ocrx_word' id='word_1_93' title='bbox 2246 2534 2374 2615; x_wconf 89' lang='lat' dir='ltr'><strong>ple·</strong></span> 
     </span>
     <span class='ocr_line' id='line_1_20' title="bbox 796 2624 2371 2704; baseline 0.004 -15"><span class='ocrx_word' id='word_1_94' title='bbox 796 2624 1123 2698; x_wconf 61' lang='lat' dir='ltr'><strong>nundine,</strong></span> <span class='ocrx_word' id='word_1_95' title='bbox 1173 2631 1542 2695; x_wconf 87' lang='lat' dir='ltr'><strong>sedentibus</strong></span> <span class='ocrx_word' id='word_1_96' title='bbox 1582 2631 2000 2704; x_wconf 89' lang='lat' dir='ltr'><strong>intenebris,</strong></span> <span class='ocrx_word' id='word_1_97' title='bbox 2046 2642 2110 2696; x_wconf 89' lang='lat' dir='ltr'><strong>et</strong></span> <span class='ocrx_word' id='word_1_98' title='bbox 2152 2634 2371 2696; x_wconf 84' lang='lat' dir='ltr'><strong>ambu-</strong></span> 
     </span>
     <span class='ocr_line' id='line_1_21' title="bbox 804 2723 2367 2812; baseline 0.002 -24"><span class='ocrx_word' id='word_1_99' title='bbox 804 2723 1080 2789; x_wconf 82' lang='lat' dir='ltr'><strong>lantibus</strong></span> <span class='ocrx_word' id='word_1_100' title='bbox 1124 2727 1187 2789; x_wconf 90' lang='lat' dir='ltr'><strong>in</strong></span> <span class='ocrx_word' id='word_1_101' title='bbox 1219 2730 1435 2792; x_wconf 90' lang='lat' dir='ltr'><strong>umbra</strong></span> <span class='ocrx_word' id='word_1_102' title='bbox 1484 2728 1703 2792; x_wconf 88' lang='lat' dir='ltr'><strong>mortis</strong></span> <span class='ocrx_word' id='word_1_103' title='bbox 1748 2728 2151 2812; x_wconf 80' lang='lat' dir='ltr'><strong>Evangelicae</strong></span> <span class='ocrx_word' id='word_1_104' title='bbox 2199 2729 2367 2793; x_wconf 82' lang='lat' dir='ltr'><strong>Fidei</strong></span> 
     </span>
     <span class='ocr_line' id='line_1_22' title="bbox 803 2820 2372 2908; baseline 0.004 -25"><span class='ocrx_word' id='word_1_105' title='bbox 803 2820 1009 2886; x_wconf 86' lang='lat' dir='ltr'><strong>lucem</strong></span> <span class='ocrx_word' id='word_1_106' title='bbox 1043 2824 1367 2888; x_wconf 75' lang='lat' dir='ltr'><strong>effundere</strong></span> <span class='ocrx_word' id='word_1_107' title='bbox 1388 2824 1795 2898; x_wconf 88' lang='lat' dir='ltr'><strong>decrevisset,</strong></span> <span class='ocrx_word' id='word_1_108' title='bbox 1827 2832 2166 2888; x_wconf 83' lang='lat' dir='ltr'><strong>Romanum</strong></span> <span class='ocrx_word' id='word_1_109' title='bbox 2194 2845 2372 2908; x_wconf 84' lang='lat' dir='ltr'><strong>prae·</strong></span> 
     </span>
     <span class='ocr_line' id='line_1_23' title="bbox 805 2920 2370 3004; baseline 0.004 -22"><span class='ocrx_word' id='word_1_110' title='bbox 805 2920 1050 3001; x_wconf 87' lang='lat' dir='ltr'><strong>paravit</strong></span> <span class='ocrx_word' id='word_1_111' title='bbox 1080 2922 1417 3004; x_wconf 85' lang='lat' dir='ltr'><strong>Imperium</strong></span> <span class='ocrx_word' id='word_1_112' title='bbox 1444 2967 1463 2997; x_wconf 90' lang='lat'><strong>,</strong></span> <span class='ocrx_word' id='word_1_113' title='bbox 1497 2931 1563 2985; x_wconf 90' lang='lat' dir='ltr'><strong>ut</strong></span> <span class='ocrx_word' id='word_1_114' title='bbox 1594 2923 2013 3004; x_wconf 85' lang='lat' dir='ltr'><strong>promptiores</strong></span> <span class='ocrx_word' id='word_1_115' title='bbox 2037 2925 2114 2986; x_wconf 91' lang='lat' dir='ltr'><strong>ad</strong></span> <span class='ocrx_word' id='word_1_116' title='bbox 2146 2944 2370 2987; x_wconf 86' lang='lat' dir='ltr'><strong>omnes</strong></span> 
     </span>
     <span class='ocr_line' id='line_1_24' title="bbox 804 3015 2370 3101; baseline 0.003 -21"><span class='ocrx_word' id='word_1_117' title='bbox 804 3015 1074 3099; x_wconf 86' lang='lat' dir='ltr'><strong>Populos</strong></span> <span class='ocrx_word' id='word_1_118' title='bbox 1111 3018 1493 3101; x_wconf 86' lang='lat' dir='ltr'><strong>praedicatio</strong></span> <span class='ocrx_word' id='word_1_119' title='bbox 1533 3019 1820 3083; x_wconf 87' lang='lat' dir='ltr'><strong>veritatis</strong></span> <span class='ocrx_word' id='word_1_120' title='bbox 1863 3019 2122 3083; x_wconf 86' lang='lat' dir='ltr'><strong>baberet</strong></span> <span class='ocrx_word' id='word_1_121' title='bbox 2163 3039 2370 3085; x_wconf 87' lang='lat' dir='ltr'><strong>acces·</strong></span> 
     </span>
     <span class='ocr_line' id='line_1_25' title="bbox 807 3108 2366 3197; baseline 0.001 -20"><span class='ocrx_word' id='word_1_122' title='bbox 807 3134 956 3187; x_wconf 89' lang='lat' dir='ltr'><strong>sus,</strong></span> <span class='ocrx_word' id='word_1_123' title='bbox 987 3136 1147 3197; x_wconf 89' lang='lat' dir='ltr'><strong>quos</strong></span> <span class='ocrx_word' id='word_1_124' title='bbox 1178 3115 1358 3178; x_wconf 90' lang='lat' dir='ltr'><strong>unius</strong></span> <span class='ocrx_word' id='word_1_125' title='bbox 1387 3116 1667 3181; x_wconf 88' lang='lat' dir='ltr'><strong>Civitatis</strong></span> <span class='ocrx_word' id='word_1_126' title='bbox 1697 3108 2042 3182; x_wconf 82' lang='lat' dir='ltr'><strong>dominatio</strong></span> <span class='ocrx_word' id='word_1_127' title='bbox 2073 3117 2366 3183; x_wconf 86' lang='lat' dir='ltr'><strong>sociaret.</strong></span> 
     </span>
     <span class='ocr_line' id='line_1_26' title="bbox 805 3213 2369 3299; baseline 0.003 -25"><span class='ocrx_word' id='word_1_128' title='bbox 805 3213 1132 3276; x_wconf 84' lang='lat' dir='ltr'><strong>Imbuendi</strong></span> <span class='ocrx_word' id='word_1_129' title='bbox 1163 3221 1367 3277; x_wconf 90' lang='lat' dir='ltr'><strong>autem</strong></span> <span class='ocrx_word' id='word_1_130' title='bbox 1414 3214 1752 3299; x_wconf 82' lang='lat' dir='ltr'><strong>Evangelio</strong></span> <span class='ocrx_word' id='word_1_131' title='bbox 1796 3216 2007 3278; x_wconf 91' lang='lat' dir='ltr'><strong>mundi</strong></span> <span class='ocrx_word' id='word_1_132' title='bbox 2042 3216 2369 3297; x_wconf 88' lang='lat' dir='ltr'><strong>partibus,</strong></span> 
     </span>
     <span class='ocr_line' id='line_1_27' title="bbox 806 3309 2369 3393; baseline 0.003 -22"><span class='ocrx_word' id='word_1_133' title='bbox 806 3315 1058 3391; x_wconf 85' lang='lat' dir='ltr'><strong>accepta</strong></span> <span class='ocrx_word' id='word_1_134' title='bbox 1090 3329 1204 3391; x_wconf 90' lang='lat' dir='ltr'><strong>per</strong></span> <span class='ocrx_word' id='word_1_135' title='bbox 1231 3309 1526 3393; x_wconf 83' lang='lat' dir='ltr'><strong>Spiritum</strong></span> <span class='ocrx_word' id='word_1_136' title='bbox 1558 3317 1849 3375; x_wconf 87' lang='lat' dir='ltr'><strong>Sanctum</strong></span> <span class='ocrx_word' id='word_1_137' title='bbox 1884 3311 2154 3374; x_wconf 88' lang='lat' dir='ltr'><strong>omnium</strong></span> <span class='ocrx_word' id='word_1_138' title='bbox 2202 3310 2369 3376; x_wconf 90' lang='lat' dir='ltr'><strong>locu·</strong></span> 
     </span>
     <span class='ocr_line' id='line_1_28' title="bbox 801 3404 2371 3489; baseline 0.003 -24"><span class='ocrx_word' id='word_1_139' title='bbox 801 3405 974 3468; x_wconf 85' lang='lat' dir='ltr'><strong>tione</strong></span> <span class='ocrx_word' id='word_1_140' title='bbox 1003 3404 1394 3488; x_wconf 80' lang='lat' dir='ltr'><strong>linguarum,</strong></span> <span class='ocrx_word' id='word_1_141' title='bbox 1436 3406 1766 3472; x_wconf 89' lang='lat' dir='ltr'><strong>duodecim</strong></span> <span class='ocrx_word' id='word_1_142' title='bbox 1808 3407 2121 3489; x_wconf 84' lang='lat' dir='ltr'><strong>Apostolis</strong></span> <span class='ocrx_word' id='word_1_143' title='bbox 2164 3409 2371 3472; x_wconf 87' lang='lat' dir='ltr'><strong>distri-</strong></span> 
     </span>
     <span class='ocr_line' id='line_1_29' title="bbox 804 3502 2369 3587; baseline 0.003 -22"><span class='ocrx_word' id='word_1_144' title='bbox 804 3502 1002 3575; x_wconf 78' lang='lat' dir='ltr'><strong>huns,</strong></span> <span class='ocrx_word' id='word_1_145' title='bbox 1032 3504 1430 3568; x_wconf 86' lang='lat' dir='ltr'><strong>beatissimus</strong></span> <span class='ocrx_word' id='word_1_146' title='bbox 1459 3511 1677 3569; x_wconf 87' lang='lat' dir='ltr'><strong>Petrus</strong></span> <span class='ocrx_word' id='word_1_147' title='bbox 1709 3505 1997 3587; x_wconf 83' lang='lat' dir='ltr'><strong>Princeps</strong></span> <span class='ocrx_word' id='word_1_148' title='bbox 2026 3507 2369 3586; x_wconf 84' lang='lat' dir='ltr'><strong>Apostolici</strong></span> 
     </span>
     <span class='ocr_line' id='line_1_30' title="bbox 805 3599 2371 3685; baseline 0.001 -21"><span class='ocrx_word' id='word_1_149' title='bbox 805 3599 1060 3664; x_wconf 85' lang='lat' dir='ltr'><strong>Ordinis</strong></span> <span class='ocrx_word' id='word_1_150' title='bbox 1091 3600 1167 3663; x_wconf 88' lang='lat' dir='ltr'><strong>ad</strong></span> <span class='ocrx_word' id='word_1_151' title='bbox 1198 3608 1420 3665; x_wconf 86' lang='lat' dir='ltr'><strong>Arcem</strong></span> <span class='ocrx_word' id='word_1_152' title='bbox 1455 3601 1703 3664; x_wconf 92' lang='lat' dir='ltr'><strong>Romani</strong></span> <span class='ocrx_word' id='word_1_153' title='bbox 1724 3602 2076 3665; x_wconf 86' lang='lat' dir='ltr'><strong>destinatur</strong></span> <span class='ocrx_word' id='word_1_154' title='bbox 2092 3605 2371 3685; x_wconf 83' lang='lat' dir='ltr'><strong>Imperii,</strong></span> 
     </span>
     <span class='ocr_line' id='line_1_31' title="bbox 803 3698 2367 3783; baseline 0.004 -25"><span class='ocrx_word' id='word_1_155' title='bbox 803 3705 872 3759; x_wconf 88' lang='lat' dir='ltr'><strong>ut</strong></span> <span class='ocrx_word' id='word_1_156' title='bbox 901 3720 973 3761; x_wconf 88' lang='lat' dir='ltr'><strong>ea</strong></span> <span class='ocrx_word' id='word_1_157' title='bbox 1003 3706 1206 3779; x_wconf 84' lang='lat' dir='ltr'><strong>capta,</strong></span> <span class='ocrx_word' id='word_1_158' title='bbox 1234 3707 1299 3761; x_wconf 88' lang='lat' dir='ltr'><strong>et</strong></span> <span class='ocrx_word' id='word_1_159' title='bbox 1327 3698 1389 3759; x_wconf 91' lang='lat' dir='ltr'><strong>in</strong></span> <span class='ocrx_word' id='word_1_160' title='bbox 1418 3698 1787 3779; x_wconf 86' lang='lat' dir='ltr'><strong>obsequium</strong></span> <span class='ocrx_word' id='word_1_161' title='bbox 1825 3698 1990 3761; x_wconf 83' lang='lat' dir='ltr'><strong>Fidei</strong></span> <span class='ocrx_word' id='word_1_162' title='bbox 2015 3699 2367 3783; x_wconf 84' lang='lat' dir='ltr'><strong>subjugata,</strong></span> 
     </span>
     <span class='ocr_line' id='line_1_32' title="bbox 802 3793 2365 3861; baseline 0.003 -5"><span class='ocrx_word' id='word_1_163' title='bbox 802 3793 1050 3859; x_wconf 78' lang='lat' dir='ltr'><strong>facilius</strong></span> <span class='ocrx_word' id='word_1_164' title='bbox 1076 3793 1404 3858; x_wconf 88' lang='lat' dir='ltr'><strong>universus</strong></span> <span class='ocrx_word' id='word_1_165' title='bbox 1435 3794 1621 3857; x_wconf 86' lang='lat' dir='ltr'><strong>Orbis</strong></span> <span class='ocrx_word' id='word_1_166' title='bbox 1660 3794 1992 3857; x_wconf 80' lang='lat' dir='ltr'><strong>humilitati</strong></span> <span class='ocrx_word' id='word_1_167' title='bbox 2026 3797 2239 3859; x_wconf 89' lang='lat' dir='ltr'><strong>Crucis</strong></span> <span class='ocrx_word' id='word_1_168' title='bbox 2269 3819 2365 3861; x_wconf 90' lang='lat' dir='ltr'><strong>su·</strong></span> 
     </span>
     <span class='ocr_line' id='line_1_33' title="bbox 805 3890 2369 3974; baseline 0.001 -19"><span class='ocrx_word' id='word_1_169' title='bbox 805 3892 1003 3974; x_wconf 86' lang='lat' dir='ltr'><strong>perba</strong></span> <span class='ocrx_word' id='word_1_170' title='bbox 1023 3890 1185 3954; x_wconf 89' lang='lat' dir='ltr'><strong>colla</strong></span> <span class='ocrx_word' id='word_1_171' title='bbox 1217 3890 1632 3954; x_wconf 85' lang='lat' dir='ltr'><strong>submitteret.</strong></span> <span class='ocrx_word' id='word_1_172' title='bbox 1672 3890 1757 3953; x_wconf 87' lang='lat' dir='ltr'><strong>Ad</strong></span> <span class='ocrx_word' id='word_1_173' title='bbox 1784 3891 1938 3954; x_wconf 86' lang='lat' dir='ltr'><strong>hanc</strong></span> <span class='ocrx_word' id='word_1_174' title='bbox 1971 3900 2185 3974; x_wconf 87' lang='lat' dir='ltr'><strong>postea</strong></span> <span class='ocrx_word' id='word_1_175' title='bbox 2219 3899 2369 3957; x_wconf 86' lang='lat' dir='ltr'><strong>Coa-</strong></span> 
     </span>
     <span class='ocr_line' id='line_1_34' title="bbox 803 3986 2368 4072; baseline 0.001 -22"><span class='ocrx_word' id='word_1_176' title='bbox 803 3987 1092 4070; x_wconf 86' lang='lat' dir='ltr'><strong>postulus</strong></span> <span class='ocrx_word' id='word_1_177' title='bbox 1120 3987 1257 4071; x_wconf 84' lang='lat' dir='ltr'><strong>ejus</strong></span> <span class='ocrx_word' id='word_1_178' title='bbox 1288 3986 1538 4058; x_wconf 86' lang='lat' dir='ltr'><strong>Paulus,</strong></span> <span class='ocrx_word' id='word_1_179' title='bbox 1568 3986 1709 4051; x_wconf 85' lang='lat' dir='ltr'><strong>aliis</strong></span> <span class='ocrx_word' id='word_1_180' title='bbox 1740 3990 2087 4070; x_wconf 85' lang='lat' dir='ltr'><strong>peragratis</strong></span> <span class='ocrx_word' id='word_1_181' title='bbox 2124 3991 2368 4072; x_wconf 89' lang='lat' dir='ltr'><strong>provin·</strong></span> 
     </span>
     <span class='ocr_line' id='line_1_35' title="bbox 805 4084 2371 4156; baseline 0.003 -7"><span class='ocrx_word' id='word_1_182' title='bbox 805 4086 922 4149; x_wconf 87' lang='lat' dir='ltr'><strong>ciis</strong></span> <span class='ocrx_word' id='word_1_183' title='bbox 944 4128 965 4156; x_wconf 90' lang='lat'><strong>,</strong></span> <span class='ocrx_word' id='word_1_184' title='bbox 993 4085 1364 4156; x_wconf 83' lang='lat' dir='ltr'><strong>adveniens,</strong></span> <span class='ocrx_word' id='word_1_185' title='bbox 1410 4084 1627 4149; x_wconf 87' lang='lat' dir='ltr'><strong>labore</strong></span> <span class='ocrx_word' id='word_1_186' title='bbox 1660 4094 1724 4148; x_wconf 86' lang='lat' dir='ltr'><strong>et</strong></span> <span class='ocrx_word' id='word_1_187' title='bbox 1755 4086 1997 4150; x_wconf 85' lang='lat' dir='ltr'><strong>meritis</strong></span> <span class='ocrx_word' id='word_1_188' title='bbox 2028 4086 2119 4149; x_wconf 91' lang='lat' dir='ltr'><strong>illi</strong></span> <span class='ocrx_word' id='word_1_189' title='bbox 2150 4109 2371 4153; x_wconf 86' lang='lat' dir='ltr'><strong>conso-</strong></span> 
     </span>
     <span class='ocr_line' id='line_1_36' title="bbox 806 4184 2365 4265; baseline 0.001 -19"><span class='ocrx_word' id='word_1_190' title='bbox 806 4184 1006 4246; x_wconf 89' lang='lat' dir='ltr'><strong>ciatus</strong></span> <span class='ocrx_word' id='word_1_191' title='bbox 1049 4190 1182 4254; x_wconf 88' lang='lat' dir='ltr'><strong>est,</strong></span> <span class='ocrx_word' id='word_1_192' title='bbox 1229 4189 1295 4244; x_wconf 85' lang='lat' dir='ltr'><strong>ut</strong></span> <span class='ocrx_word' id='word_1_193' title='bbox 1330 4189 1520 4246; x_wconf 89' lang='lat' dir='ltr'><strong>Roma</strong></span> <span class='ocrx_word' id='word_1_194' title='bbox 1566 4190 1875 4245; x_wconf 88' lang='lat' dir='ltr'><strong>tantorum</strong></span> <span class='ocrx_word' id='word_1_195' title='bbox 1923 4184 2365 4265; x_wconf 81' lang='lat' dir='ltr'><strong>Apostolorum</strong></span> 
     </span>
     <span class='ocr_line' id='line_1_37' title="bbox 805 4279 2367 4362; baseline 0.002 -19"><span class='ocrx_word' id='word_1_196' title='bbox 805 4279 1027 4343; x_wconf 90' lang='lat' dir='ltr'><strong>edocta</strong></span> <span class='ocrx_word' id='word_1_197' title='bbox 1055 4279 1405 4362; x_wconf 69' lang='lat' dir='ltr'><strong>magisterio</strong></span> <span class='ocrx_word' id='word_1_198' title='bbox 1426 4321 1445 4351; x_wconf 90' lang='lat'><strong>‚</strong></span> <span class='ocrx_word' id='word_1_199' title='bbox 1477 4280 2125 4360; x_wconf 74' lang='lat' dir='ltr'><strong>quae-superstitionis</strong></span> <span class='ocrx_word' id='word_1_200' title='bbox 2156 4281 2367 4346; x_wconf 91' lang='lat' dir='ltr'><strong>studio</strong></span> 
     </span>
     <span class='ocr_line' id='line_1_38' title="bbox 804 4375 2368 4459; baseline 0.003 -20"><span class='ocrx_word' id='word_1_201' title='bbox 804 4375 1099 4458; x_wconf 76' lang='lat' dir='ltr'><strong>profanos</strong></span> <span class='ocrx_word' id='word_1_202' title='bbox 1128 4377 1402 4440; x_wconf 90' lang='lat' dir='ltr'><strong>omnium</strong></span> <span class='ocrx_word' id='word_1_203' title='bbox 1438 4376 1709 4457; x_wconf 79' lang='lat' dir='ltr'><strong>gentium</strong></span> <span class='ocrx_word' id='word_1_204' title='bbox 1743 4377 1951 4441; x_wconf 89' lang='lat' dir='ltr'><strong>cultus</strong></span> <span class='ocrx_word' id='word_1_205' title='bbox 1981 4389 2168 4459; x_wconf 88' lang='lat' dir='ltr'><strong>atque</strong></span> <span class='ocrx_word' id='word_1_206' title='bbox 2200 4397 2368 4443; x_wconf 90' lang='lat' dir='ltr'><strong>erro·</strong></span> 
     </span>
     <span class='ocr_line' id='line_1_39' title="bbox 801 4473 2367 4558; baseline 0.003 -22"><span class='ocrx_word' id='word_1_207' title='bbox 801 4493 908 4537; x_wconf 85' lang='lat' dir='ltr'><strong>res</strong></span> <span class='ocrx_word' id='word_1_208' title='bbox 937 4482 1300 4556; x_wconf 87' lang='lat' dir='ltr'><strong>receperat,</strong></span> <span class='ocrx_word' id='word_1_209' title='bbox 1340 4473 1620 4537; x_wconf 88' lang='lat' dir='ltr'><strong>veritatis</strong></span> <span class='ocrx_word' id='word_1_210' title='bbox 1650 4494 1863 4537; x_wconf 88' lang='lat' dir='ltr'><strong>amore</strong></span> <span class='ocrx_word' id='word_1_211' title='bbox 1903 4486 2149 4539; x_wconf 84' lang='lat' dir='ltr'><strong>sanctae</strong></span> <span class='ocrx_word' id='word_1_212' title='bbox 2180 4484 2367 4558; x_wconf 89' lang='lat' dir='ltr'><strong>atque</strong></span> 
     </span>
     <span class='ocr_line' id='line_1_40' title="bbox 802 4569 2369 4653; baseline 0.003 -21"><span class='ocrx_word' id='word_1_213' title='bbox 802 4569 1242 4635; x_wconf 85' lang='lat' dir='ltr'><strong>immaculatae</strong></span> <span class='ocrx_word' id='word_1_214' title='bbox 1271 4570 1457 4634; x_wconf 90' lang='lat' dir='ltr'><strong>unius</strong></span> <span class='ocrx_word' id='word_1_215' title='bbox 1485 4570 1594 4634; x_wconf 85' lang='lat' dir='ltr'><strong>Dei</strong></span> <span class='ocrx_word' id='word_1_216' title='bbox 1636 4569 1978 4653; x_wconf 79' lang='lat' dir='ltr'><strong>Religionis</strong></span> <span class='ocrx_word' id='word_1_217' title='bbox 2008 4573 2199 4636; x_wconf 85' lang='lat' dir='ltr'><strong>Sedes</strong></span> <span class='ocrx_word' id='word_1_218' title='bbox 2230 4595 2369 4636; x_wconf 87' lang='lat' dir='ltr'><strong>eva-</strong></span> 
     </span>
     <span class='ocr_line' id='line_1_41' title="bbox 807 4668 2366 4736; baseline 0.003 -5"><span class='ocrx_word' id='word_1_219' title='bbox 807 4668 1006 4732; x_wconf 87' lang='lat' dir='ltr'><strong>deret.</strong></span> <span class='ocrx_word' id='word_1_220' title='bbox 1042 4668 1149 4733; x_wconf 85' lang='lat' dir='ltr'><strong>lsti</strong></span> <span class='ocrx_word' id='word_1_221' title='bbox 1196 4668 1360 4732; x_wconf 90' lang='lat' dir='ltr'><strong>enim</strong></span> <span class='ocrx_word' id='word_1_222' title='bbox 1392 4678 1537 4731; x_wconf 90' lang='lat' dir='ltr'><strong>sunt</strong></span> <span class='ocrx_word' id='word_1_223' title='bbox 1582 4675 1895 4732; x_wconf 82' lang='lat' dir='ltr'><strong>Romanae</strong></span> <span class='ocrx_word' id='word_1_224' title='bbox 1927 4670 2109 4733; x_wconf 88' lang='lat' dir='ltr'><strong>Urbis</strong></span> <span class='ocrx_word' id='word_1_225' title='bbox 2155 4676 2366 4736; x_wconf 88' lang='lat' dir='ltr'><strong>Patres</strong></span> 
     </span>
     <span class='ocr_line' id='line_1_42' title="bbox 804 4764 2369 4850; baseline 0.001 -23"><span class='ocrx_word' id='word_1_226' title='bbox 804 4766 1065 4847; x_wconf 81' lang='lat' dir='ltr'><strong>verique</strong></span> <span class='ocrx_word' id='word_1_227' title='bbox 1099 4766 1486 4837; x_wconf 81' lang='lat' dir='ltr'><strong>conditores,</strong></span> <span class='ocrx_word' id='word_1_228' title='bbox 1520 4764 1627 4846; x_wconf 90' lang='lat' dir='ltr'><strong>qui</strong></span> <span class='ocrx_word' id='word_1_229' title='bbox 1657 4783 1795 4828; x_wconf 86' lang='lat' dir='ltr'><strong>eam</strong></span> <span class='ocrx_word' id='word_1_230' title='bbox 1828 4768 2053 4850; x_wconf 82' lang='lat' dir='ltr'><strong>Regnis</strong></span> <span class='ocrx_word' id='word_1_231' title='bbox 2082 4767 2369 4833; x_wconf 89' lang='lat' dir='ltr'><strong>caelesti-</strong></span> 
     </span>
     <span class='ocr_line' id='line_1_43' title="bbox 808 4860 2371 4946; baseline 0.002 -23"><span class='ocrx_word' id='word_1_232' title='bbox 808 4862 929 4924; x_wconf 83' lang='lat' dir='ltr'><strong>bus</strong></span> <span class='ocrx_word' id='word_1_233' title='bbox 956 4862 1430 4925; x_wconf 83' lang='lat' dir='ltr'><strong>adscribendam</strong></span> <span class='ocrx_word' id='word_1_234' title='bbox 1458 4860 1829 4924; x_wconf 88' lang='lat' dir='ltr'><strong>melioribus</strong></span> <span class='ocrx_word' id='word_1_235' title='bbox 1846 4864 2135 4946; x_wconf 85' lang='lat' dir='ltr'><strong>auspiciis</strong></span> <span class='ocrx_word' id='word_1_236' title='bbox 2162 4876 2229 4928; x_wconf 92' lang='lat' dir='ltr'><strong>et</strong></span> <span class='ocrx_word' id='word_1_237' title='bbox 2247 4864 2371 4928; x_wconf 78' lang='lat' dir='ltr'><strong>for-</strong></span> 
     </span>
     <span class='ocr_line' id='line_1_44' title="bbox 806 4956 2368 5043; baseline 0.003 -23"><span class='ocrx_word' id='word_1_238' title='bbox 806 4958 1232 5024; x_wconf 84' lang='lat' dir='ltr'><strong>tunatioribus</strong></span> <span class='ocrx_word' id='word_1_239' title='bbox 1251 4957 1452 5020; x_wconf 87' lang='lat' dir='ltr'><strong>initiis</strong></span> <span class='ocrx_word' id='word_1_240' title='bbox 1475 4956 1903 5031; x_wconf 75' lang='lat' dir='ltr'><strong>condiderunt3</strong></span> <span class='ocrx_word' id='word_1_241' title='bbox 1931 4979 2053 5022; x_wconf 88' lang='lat' dir='ltr'><strong>non</strong></span> <span class='ocrx_word' id='word_1_242' title='bbox 2071 4958 2191 5033; x_wconf 90' lang='lat' dir='ltr'><strong>illi,</strong></span> <span class='ocrx_word' id='word_1_243' title='bbox 2215 4983 2368 5043; x_wconf 90' lang='lat' dir='ltr'><strong>quo·</strong></span> 
     </span>
     <span class='ocr_line' id='line_1_45' title="bbox 804 5054 2370 5140; baseline 0.001 -22"><span class='ocrx_word' id='word_1_244' title='bbox 804 5074 946 5118; x_wconf 88' lang='lat' dir='ltr'><strong>rum</strong></span> <span class='ocrx_word' id='word_1_245' title='bbox 978 5054 1261 5117; x_wconf 87' lang='lat' dir='ltr'><strong>manibus</strong></span> <span class='ocrx_word' id='word_1_246' title='bbox 1289 5061 1550 5137; x_wconf 78' lang='lat' dir='ltr'><strong>cognato</strong></span> <span class='ocrx_word' id='word_1_247' title='bbox 1570 5055 1865 5137; x_wconf 81' lang='lat' dir='ltr'><strong>sanguine</strong></span> <span class='ocrx_word' id='word_1_248' title='bbox 1897 5055 2150 5137; x_wconf 86' lang='lat' dir='ltr'><strong>pollutis</strong></span> <span class='ocrx_word' id='word_1_249' title='bbox 2172 5059 2370 5140; x_wconf 86' lang='lat' dir='ltr'><strong>prima</strong></span> 
     </span>
     <span class='ocr_line' id='line_1_46' title="bbox 805 5151 2367 5236; baseline 0.003 -22"><span class='ocrx_word' id='word_1_250' title='bbox 805 5153 1122 5214; x_wconf 89' lang='lat' dir='ltr'><strong>moenium</strong></span> <span class='ocrx_word' id='word_1_251' title='bbox 1169 5151 1571 5214; x_wconf 74' lang='lat' dir='ltr'><strong>fundamenta</strong></span> <span class='ocrx_word' id='word_1_252' title='bbox 1612 5151 1810 5214; x_wconf 86' lang='lat' dir='ltr'><strong>locata</strong></span> <span class='ocrx_word' id='word_1_253' title='bbox 1838 5161 2025 5227; x_wconf 87' lang='lat' dir='ltr'><strong>sunt,</strong></span> <span class='ocrx_word' id='word_1_254' title='bbox 2069 5175 2104 5217; x_wconf 91' lang='lat' dir='ltr'><strong>e</strong></span> <span class='ocrx_word' id='word_1_255' title='bbox 2137 5156 2367 5236; x_wconf 88' lang='lat' dir='ltr'><strong>quibus</strong></span> 
     </span>
     <span class='ocr_line' id='line_1_47' title="bbox 804 5246 2368 5332; baseline 0.004 -23"><span class='ocrx_word' id='word_1_256' title='bbox 804 5246 902 5323; x_wconf 90' lang='lat' dir='ltr'><strong>is,</strong></span> <span class='ocrx_word' id='word_1_257' title='bbox 946 5247 1052 5332; x_wconf 90' lang='lat' dir='ltr'><strong>qui</strong></span> <span class='ocrx_word' id='word_1_258' title='bbox 1085 5247 1146 5311; x_wconf 91' lang='lat' dir='ltr'><strong>ei</strong></span> <span class='ocrx_word' id='word_1_259' title='bbox 1176 5267 1400 5311; x_wconf 87' lang='lat' dir='ltr'><strong>nomen</strong></span> <span class='ocrx_word' id='word_1_260' title='bbox 1444 5248 1657 5322; x_wconf 89' lang='lat' dir='ltr'><strong>dedit,</strong></span> <span class='ocrx_word' id='word_1_261' title='bbox 1699 5246 1971 5313; x_wconf 78' lang='lat' dir='ltr'><strong>fraterna</strong></span> <span class='ocrx_word' id='word_1_262' title='bbox 2000 5253 2192 5315; x_wconf 87' lang='lat' dir='ltr'><strong>caede</strong></span> <span class='ocrx_word' id='word_1_263' title='bbox 2239 5250 2368 5315; x_wconf 77' lang='lat' dir='ltr'><strong>foe-</strong></span> 
     </span>
    </p>
   </div>
   <div class='ocr_carea' id='block_1_11' title="bbox 912 5459 2382 5534">
    <p class='ocr_par' dir='ltr' id='par_1_11' title="bbox 912 5459 2382 5534">
     <span class='ocr_line' id='line_1_48' title="bbox 912 5459 2382 5534; baseline 0.001 -22"><span class='ocrx_word' id='word_1_264' title='bbox 912 5460 999 5534; x_wconf 78' lang='lat' dir='ltr'><strong>(a)</strong></span> <span class='ocrx_word' id='word_1_265' title='bbox 1040 5461 1089 5513; x_wconf 84' lang='lat' dir='ltr'><strong>S.</strong></span> <span class='ocrx_word' id='word_1_266' title='bbox 1134 5460 1244 5512; x_wconf 77' lang='lat' dir='ltr'><strong>Leo</strong></span> <span class='ocrx_word' id='word_1_267' title='bbox 1287 5459 1456 5513; x_wconf 78' lang='lat' dir='ltr'><strong>serm.</strong></span> <span class='ocrx_word' id='word_1_268' title='bbox 1501 5459 1558 5512; x_wconf 79' lang='lat' dir='ltr'><strong>in</strong></span> <span class='ocrx_word' id='word_1_269' title='bbox 1598 5462 1729 5515; x_wconf 83' lang='lat' dir='ltr'><strong>Nae.</strong></span> <span class='ocrx_word' id='word_1_270' title='bbox 1775 5462 1881 5531; x_wconf 77' lang='lat' dir='ltr'><strong>Ap.</strong></span> <span class='ocrx_word' id='word_1_271' title='bbox 1928 5461 2079 5514; x_wconf 63' lang='grc' dir='ltr'><em>Ῥεῖν.</em></span> <span class='ocrx_word' id='word_1_272' title='bbox 2120 5474 2171 5516; x_wconf 84' lang='lat' dir='ltr'><strong>ee</strong></span> <span class='ocrx_word' id='word_1_273' title='bbox 2215 5461 2382 5515; x_wconf 76' lang='lat' dir='ltr'><strong>Pu&#39;ul.</strong></span> 
     </span>
    </p>
   </div>
   <div class='ocr_carea' id='block_1_12' title="bbox 2475 882 4057 4830">
    <p class='ocr_par' dir='ltr' id='par_1_12' title="bbox 2475 882 4057 4830">
     <span class='ocr_line' id='line_1_49' title="bbox 2487 882 4057 947; baseline 0 -2"><span class='ocrx_word' id='word_1_274' title='bbox 2487 903 2636 946; x_wconf 90' lang='lat' dir='ltr'><strong>vero</strong></span> <span class='ocrx_word' id='word_1_275' title='bbox 2682 883 2783 946; x_wconf 89' lang='lat' dir='ltr'><strong>isti</strong></span> <span class='ocrx_word' id='word_1_276' title='bbox 2829 903 2866 947; x_wconf 91' lang='lat' dir='ltr'><strong>e</strong></span> <span class='ocrx_word' id='word_1_277' title='bbox 2894 882 3175 947; x_wconf 87' lang='lat' dir='ltr'><strong>tenebris</strong></span> <span class='ocrx_word' id='word_1_278' title='bbox 3219 882 3613 947; x_wconf 74' lang='lat' dir='ltr'><strong>idololatriae</strong></span> <span class='ocrx_word' id='word_1_279' title='bbox 3645 882 3719 944; x_wconf 86' lang='lat' dir='ltr'><strong>ad</strong></span> <span class='ocrx_word' id='word_1_280' title='bbox 3751 882 3934 946; x_wconf 79' lang='lat' dir='ltr'><strong>‘Fidei</strong></span> <span class='ocrx_word' id='word_1_281' title='bbox 3965 882 4057 945; x_wconf 90' lang='lat' dir='ltr'><strong>lu-</strong></span> 
     </span>
     <span class='ocr_line' id='line_1_50' title="bbox 2491 978 4051 1062; baseline 0.001 -24"><span class='ocrx_word' id='word_1_282' title='bbox 2491 999 2633 1042; x_wconf 89' lang='lat' dir='ltr'><strong>men</strong></span> <span class='ocrx_word' id='word_1_283' title='bbox 2661 986 3003 1051; x_wconf 85' lang='lat' dir='ltr'><strong>evocatam‚</strong></span> <span class='ocrx_word' id='word_1_284' title='bbox 3033 978 3396 1062; x_wconf 68' lang='lat' dir='ltr'><strong>Evangelica</strong></span> <span class='ocrx_word' id='word_1_285' title='bbox 3426 982 3690 1042; x_wconf 86' lang='lat' dir='ltr'><strong>veritate</strong></span> <span class='ocrx_word' id='word_1_286' title='bbox 3724 979 4051 1051; x_wconf 85' lang='lat' dir='ltr'><strong>imbutam,</strong></span> 
     </span>
     <span class='ocr_line' id='line_1_51' title="bbox 2489 1073 4051 1148; baseline -0.001 -10"><span class='ocrx_word' id='word_1_287' title='bbox 2489 1073 2847 1141; x_wconf 85' lang='lat' dir='ltr'><strong>christianis</strong></span> <span class='ocrx_word' id='word_1_288' title='bbox 2896 1085 3175 1140; x_wconf 88' lang='lat' dir='ltr'><strong>ornatam</strong></span> <span class='ocrx_word' id='word_1_289' title='bbox 3220 1077 3596 1148; x_wconf 78' lang='lat' dir='ltr'><strong>virtutibus,</strong></span> <span class='ocrx_word' id='word_1_290' title='bbox 3642 1084 3708 1140; x_wconf 92' lang='lat' dir='ltr'><strong>et</strong></span> <span class='ocrx_word' id='word_1_291' title='bbox 3753 1078 3828 1139; x_wconf 85' lang='lat' dir='ltr'><strong>ad</strong></span> <span class='ocrx_word' id='word_1_292' title='bbox 3883 1077 4051 1140; x_wconf 73' lang='lat' dir='ltr'><strong>Caeli</strong></span> 
     </span>
     <span class='ocr_line' id='line_1_52' title="bbox 2491 1172 4056 1257; baseline 0.001 -22"><span class='ocrx_word' id='word_1_293' title='bbox 2491 1172 2944 1245; x_wconf 81' lang='lat' dir='ltr'><strong>sublimitatem</strong></span> <span class='ocrx_word' id='word_1_294' title='bbox 2989 1181 3257 1239; x_wconf 84' lang='lat' dir='ltr'><strong>erectam</strong></span> <span class='ocrx_word' id='word_1_295' title='bbox 3290 1176 3571 1257; x_wconf 86' lang='lat' dir='ltr'><strong>pretioso</strong></span> <span class='ocrx_word' id='word_1_296' title='bbox 3613 1173 3910 1256; x_wconf 80' lang='lat' dir='ltr'><strong>sanguine</strong></span> <span class='ocrx_word' id='word_1_297' title='bbox 3941 1194 4056 1237; x_wconf 86' lang='lat' dir='ltr'><strong>suo</strong></span> 
     </span>
     <span class='ocr_line' id='line_1_53' title="bbox 2488 1271 4052 1353; baseline 0.001 -20"><span class='ocrx_word' id='word_1_298' title='bbox 2488 1278 2952 1343; x_wconf 82' lang='lat' dir='ltr'><strong>conseerarunt,</strong></span> <span class='ocrx_word' id='word_1_299' title='bbox 2981 1280 3045 1334; x_wconf 88' lang='lat' dir='ltr'><strong>et</strong></span> <span class='ocrx_word' id='word_1_300' title='bbox 3068 1271 3264 1336; x_wconf 82' lang='lat' dir='ltr'><strong>sacris</strong></span> <span class='ocrx_word' id='word_1_301' title='bbox 3293 1276 3638 1353; x_wconf 80' lang='lat' dir='ltr'><strong>Corporum</strong></span> <span class='ocrx_word' id='word_1_302' title='bbox 3665 1292 3915 1333; x_wconf 85' lang='lat' dir='ltr'><strong>suorum</strong></span> <span class='ocrx_word' id='word_1_303' title='bbox 3948 1278 4052 1335; x_wconf 91' lang='lat' dir='ltr'><strong>Se·</strong></span> 
     </span>
     <span class='ocr_line' id='line_1_54' title="bbox 2487 1367 4054 1447; baseline 0 -17"><span class='ocrx_word' id='word_1_304' title='bbox 2487 1368 2764 1447; x_wconf 82' lang='lat' dir='ltr'><strong>pulchris</strong></span> <span class='ocrx_word' id='word_1_305' title='bbox 2811 1369 3111 1435; x_wconf 81' lang='lat' dir='ltr'><strong>adversus</strong></span> <span class='ocrx_word' id='word_1_306' title='bbox 3155 1367 3495 1431; x_wconf 74' lang='lat' dir='ltr'><strong>furentium</strong></span> <span class='ocrx_word' id='word_1_307' title='bbox 3543 1370 3869 1433; x_wconf 78' lang='lat' dir='ltr'><strong>haeresum</strong></span> <span class='ocrx_word' id='word_1_308' title='bbox 3907 1369 4054 1430; x_wconf 80' lang='lat' dir='ltr'><strong>insi·</strong></span> 
     </span>
     <span class='ocr_line' id='line_1_55' title="bbox 2486 1458 4047 1545; baseline 0.001 -19"><span class='ocrx_word' id='word_1_309' title='bbox 2486 1464 2671 1538; x_wconf 86' lang='lat' dir='ltr'><strong>dias,</strong></span> <span class='ocrx_word' id='word_1_310' title='bbox 2700 1474 2765 1529; x_wconf 90' lang='lat' dir='ltr'><strong>et</strong></span> <span class='ocrx_word' id='word_1_311' title='bbox 2794 1465 3121 1530; x_wconf 77' lang='lat' dir='ltr'><strong>frementis</strong></span> <span class='ocrx_word' id='word_1_312' title='bbox 3149 1458 3474 1528; x_wconf 81' lang='lat' dir='ltr'><strong>infernalis</strong></span> <span class='ocrx_word' id='word_1_313' title='bbox 3502 1465 3701 1528; x_wconf 85' lang='lat' dir='ltr'><strong>hostis</strong></span> <span class='ocrx_word' id='word_1_314' title='bbox 3725 1464 4004 1545; x_wconf 79' lang='lat' dir='ltr'><strong>impetus</strong></span> <span class='ocrx_word' id='word_1_315' title='bbox 4026 1508 4047 1539; x_wconf 92' lang='lat'><strong>,</strong></span> 
     </span>
     <span class='ocr_line' id='line_1_56' title="bbox 2485 1560 4053 1644; baseline 0.003 -22"><span class='ocrx_word' id='word_1_316' title='bbox 2485 1568 2778 1644; x_wconf 86' lang='lat' dir='ltr'><strong>tanquam</strong></span> <span class='ocrx_word' id='word_1_317' title='bbox 2829 1563 3076 1627; x_wconf 85' lang='lat' dir='ltr'><strong>duobus</strong></span> <span class='ocrx_word' id='word_1_318' title='bbox 3115 1560 3504 1626; x_wconf 84' lang='lat' dir='ltr'><strong>firmissimis</strong></span> <span class='ocrx_word' id='word_1_319' title='bbox 3544 1561 3870 1623; x_wconf 86' lang='lat' dir='ltr'><strong>munivere</strong></span> <span class='ocrx_word' id='word_1_320' title='bbox 3909 1572 4053 1644; x_wconf 82' lang='lat' dir='ltr'><strong>‘pro-</strong></span> 
     </span>
     <span class='ocr_line' id='line_1_57' title="bbox 2485 1657 4050 1741; baseline 0.001 -21"><span class='ocrx_word' id='word_1_321' title='bbox 2485 1657 2885 1741; x_wconf 81' lang='lat' dir='ltr'><strong>pugnaculis.</strong></span> <span class='ocrx_word' id='word_1_322' title='bbox 2915 1664 3143 1722; x_wconf 87' lang='lat' dir='ltr'><strong>Beatus</strong></span> <span class='ocrx_word' id='word_1_323' title='bbox 3173 1667 3382 1723; x_wconf 74' lang='lat' dir='ltr'><strong>autem</strong></span> <span class='ocrx_word' id='word_1_324' title='bbox 3416 1657 3774 1740; x_wconf 80' lang='lat' dir='ltr'><strong>Apostolus</strong></span> <span class='ocrx_word' id='word_1_325' title='bbox 3786 1664 4008 1722; x_wconf 84' lang='lat' dir='ltr'><strong>Petrus</strong></span> <span class='ocrx_word' id='word_1_326' title='bbox 4027 1703 4050 1734; x_wconf 91' lang='lat'><strong>,</strong></span> 
     </span>
     <span class='ocr_line' id='line_1_58' title="bbox 2486 1754 4052 1838; baseline 0 -20"><span class='ocrx_word' id='word_1_327' title='bbox 2486 1754 2862 1820; x_wconf 80' lang='lat' dir='ltr'><strong>Sacerdotali</strong></span> <span class='ocrx_word' id='word_1_328' title='bbox 2892 1756 3048 1819; x_wconf 89' lang='lat' dir='ltr'><strong>Sede</strong></span> <span class='ocrx_word' id='word_1_329' title='bbox 3084 1764 3340 1819; x_wconf 92' lang='lat' dir='ltr'><strong>Romam</strong></span> <span class='ocrx_word' id='word_1_330' title='bbox 3371 1754 3710 1828; x_wconf 85' lang='lat' dir='ltr'><strong>translata,</strong></span> <span class='ocrx_word' id='word_1_331' title='bbox 3752 1777 3900 1820; x_wconf 88' lang='lat' dir='ltr'><strong>cum</strong></span> <span class='ocrx_word' id='word_1_332' title='bbox 3927 1757 4052 1838; x_wconf 82' lang='lat' dir='ltr'><strong>pri·</strong></span> 
     </span>
     <span class='ocr_line' id='line_1_59' title="bbox 2484 1851 4051 1934; baseline 0.003 -21"><span class='ocrx_word' id='word_1_333' title='bbox 2484 1851 2780 1934; x_wconf 81' lang='lat' dir='ltr'><strong>vilegium</strong></span> <span class='ocrx_word' id='word_1_334' title='bbox 2807 1852 3187 1934; x_wconf 82' lang='lat' dir='ltr'><strong>potestatisa</strong></span> <span class='ocrx_word' id='word_1_335' title='bbox 3212 1852 3454 1916; x_wconf 87' lang='lat' dir='ltr'><strong>Christo</strong></span> <span class='ocrx_word' id='word_1_336' title='bbox 3477 1852 3737 1917; x_wconf 88' lang='lat' dir='ltr'><strong>Domino</strong></span> <span class='ocrx_word' id='word_1_337' title='bbox 3755 1863 4051 1934; x_wconf 80' lang='lat' dir='ltr'><strong>acceptae</strong></span> 
     </span>
     <span class='ocr_line' id='line_1_60' title="bbox 2482 1948 4046 2030; baseline 0.001 -18"><span class='ocrx_word' id='word_1_338' title='bbox 2482 1949 2558 2012; x_wconf 84' lang='lat' dir='ltr'><strong>ad</strong></span> <span class='ocrx_word' id='word_1_339' title='bbox 2588 1969 2812 2013; x_wconf 90' lang='lat' dir='ltr'><strong>omnes</strong></span> <span class='ocrx_word' id='word_1_340' title='bbox 2839 1970 2987 2015; x_wconf 87' lang='lat' dir='ltr'><strong>suos</strong></span> <span class='ocrx_word' id='word_1_341' title='bbox 3022 1950 3403 2015; x_wconf 87' lang='lat' dir='ltr'><strong>transmittat</strong></span> <span class='ocrx_word' id='word_1_342' title='bbox 3431 1948 3736 2013; x_wconf 83' lang='lat' dir='ltr'><strong>haeredes</strong></span> <span class='ocrx_word' id='word_1_343' title='bbox 3756 1992 3777 2022; x_wconf 91' lang='lat'><strong>,</strong></span> <span class='ocrx_word' id='word_1_344' title='bbox 3825 1969 4046 2030; x_wconf 76' lang='lat' dir='ltr'><strong>supre-</strong></span> 
     </span>
     <span class='ocr_line' id='line_1_61' title="bbox 2488 2044 4049 2131; baseline 0.002 -26"><span class='ocrx_word' id='word_1_345' title='bbox 2488 2044 2571 2119; x_wconf 87' lang='lat' dir='ltr'><strong>mi</strong></span> <span class='ocrx_word' id='word_1_346' title='bbox 2595 2044 2886 2110; x_wconf 84' lang='lat' dir='ltr'><strong>culminis</strong></span> <span class='ocrx_word' id='word_1_347' title='bbox 2906 2046 3396 2131; x_wconf 78' lang='lat' dir='ltr'><strong>praerogativam</strong></span> <span class='ocrx_word' id='word_1_348' title='bbox 3417 2045 3886 2125; x_wconf 85' lang='lat' dir='ltr'><strong>quodammodo</strong></span> <span class='ocrx_word' id='word_1_349' title='bbox 3906 2064 4049 2110; x_wconf 84' lang='lat' dir='ltr'><strong>cum</strong></span> 
     </span>
     <span class='ocr_line' id='line_1_62' title="bbox 2481 2143 4051 2224; baseline 0.001 -19"><span class='ocrx_word' id='word_1_350' title='bbox 2481 2162 2555 2205; x_wconf 91' lang='lat' dir='ltr'><strong>ea</strong></span> <span class='ocrx_word' id='word_1_351' title='bbox 2605 2144 3135 2217; x_wconf 88' lang='lat' dir='ltr'><strong>communicavit,</strong></span> <span class='ocrx_word' id='word_1_352' title='bbox 3182 2144 3342 2208; x_wconf 91' lang='lat' dir='ltr'><strong>adeo</strong></span> <span class='ocrx_word' id='word_1_353' title='bbox 3392 2151 3460 2206; x_wconf 89' lang='lat' dir='ltr'><strong>ut</strong></span> <span class='ocrx_word' id='word_1_354' title='bbox 3506 2161 3620 2224; x_wconf 90' lang='lat' dir='ltr'><strong>per</strong></span> <span class='ocrx_word' id='word_1_355' title='bbox 3664 2143 3830 2206; x_wconf 88' lang='lat' dir='ltr'><strong>beati</strong></span> <span class='ocrx_word' id='word_1_356' title='bbox 3884 2144 4051 2208; x_wconf 89' lang='lat' dir='ltr'><strong>Petri</strong></span> 
     </span>
     <span class='ocr_line' id='line_1_63' title="bbox 2485 2238 4052 2322; baseline 0.001 -20"><span class='ocrx_word' id='word_1_357' title='bbox 2485 2240 3175 2322; x_wconf 74' lang='lat' dir='ltr'><strong>Catbedram&#39;Princeps</strong></span> <span class='ocrx_word' id='word_1_358' title='bbox 3207 2261 3278 2305; x_wconf 84' lang='lat' dir='ltr'><strong>ac</strong></span> <span class='ocrx_word' id='word_1_359' title='bbox 3307 2244 3497 2322; x_wconf 88' lang='lat' dir='ltr'><strong>Caput</strong></span> <span class='ocrx_word' id='word_1_360' title='bbox 3531 2239 3720 2302; x_wconf 86' lang='lat' dir='ltr'><strong>Orbis</strong></span> <span class='ocrx_word' id='word_1_361' title='bbox 3749 2238 3953 2312; x_wconf 77' lang='lat' dir='ltr'><strong>fieret,</strong></span> <span class='ocrx_word' id='word_1_362' title='bbox 3984 2248 4052 2304; x_wconf 87' lang='lat' dir='ltr'><strong>et</strong></span> 
     </span>
     <span class='ocr_line' id='line_1_64' title="bbox 2484 2335 4050 2421; baseline 0.003 -24"><span class='ocrx_word' id='word_1_363' title='bbox 2484 2335 2552 2397; x_wconf 85' lang='lat' dir='ltr'><strong>in</strong></span> <span class='ocrx_word' id='word_1_364' title='bbox 2581 2337 2949 2401; x_wconf 87' lang='lat' dir='ltr'><strong>immensum</strong></span> <span class='ocrx_word' id='word_1_365' title='bbox 2981 2336 3298 2421; x_wconf 77' lang='lat' dir='ltr'><strong>Religione</strong></span> <span class='ocrx_word' id='word_1_366' title='bbox 3323 2337 3535 2398; x_wconf 82' lang='lat' dir='ltr'><strong>Divina</strong></span> <span class='ocrx_word' id='word_1_367' title='bbox 3567 2335 3704 2418; x_wconf 87' lang='lat' dir='ltr'><strong>ejus</strong></span> <span class='ocrx_word' id='word_1_368' title='bbox 3733 2346 4050 2402; x_wconf 82' lang='lat' dir='ltr'><strong>cresceret</strong></span> 
     </span>
     <span class='ocr_line' id='line_1_65' title="bbox 2482 2433 4054 2519; baseline 0.001 -24"><span class='ocrx_word' id='word_1_369' title='bbox 2482 2433 2792 2517; x_wconf 78' lang='lat' dir='ltr'><strong>dignitas,</strong></span> <span class='ocrx_word' id='word_1_370' title='bbox 2832 2436 3013 2519; x_wconf 84' lang='lat' dir='ltr'><strong>cujus</strong></span> <span class='ocrx_word' id='word_1_371' title='bbox 3040 2434 3225 2498; x_wconf 86' lang='lat' dir='ltr'><strong>latins</strong></span> <span class='ocrx_word' id='word_1_372' title='bbox 3255 2452 3440 2516; x_wconf 85' lang='lat' dir='ltr'><strong>quam</strong></span> <span class='ocrx_word' id='word_1_373' title='bbox 3475 2434 3896 2498; x_wconf 86' lang='lat' dir='ltr'><strong>dominatione</strong></span> <span class='ocrx_word' id='word_1_374' title='bbox 3929 2441 4054 2498; x_wconf 89' lang='lat' dir='ltr'><strong>ter·</strong></span> 
     </span>
     <span class='ocr_line' id='line_1_66' title="bbox 2480 2532 4050 2614; baseline 0.003 -22"><span class='ocrx_word' id='word_1_375' title='bbox 2480 2549 2627 2594; x_wconf 85' lang='lat' dir='ltr'><strong>rena</strong></span> <span class='ocrx_word' id='word_1_376' title='bbox 2660 2552 2773 2614; x_wconf 89' lang='lat' dir='ltr'><strong>per</strong></span> <span class='ocrx_word' id='word_1_377' title='bbox 2812 2541 3011 2598; x_wconf 87' lang='lat' dir='ltr'><strong>totum</strong></span> <span class='ocrx_word' id='word_1_378' title='bbox 3046 2534 3276 2598; x_wconf 87' lang='lat' dir='ltr'><strong>Orbem</strong></span> <span class='ocrx_word' id='word_1_379' title='bbox 3318 2532 3813 2613; x_wconf 82' lang='lat' dir='ltr'><strong>protendebatur</strong></span> <span class='ocrx_word' id='word_1_380' title='bbox 3843 2540 4050 2596; x_wconf 89' lang='lat' dir='ltr'><strong>aucto·</strong></span> 
     </span>
     <span class='ocr_line' id='line_1_67' title="bbox 2482 2628 4046 2705; baseline 0.003 -16"><span class='ocrx_word' id='word_1_381' title='bbox 2482 2628 2654 2693; x_wconf 88' lang='lat' dir='ltr'><strong>ritas.</strong></span> <span class='ocrx_word' id='word_1_382' title='bbox 2682 2634 2886 2705; x_wconf 84' lang='lat' dir='ltr'><strong>Quare</strong></span> <span class='ocrx_word' id='word_1_383' title='bbox 2915 2630 3038 2694; x_wconf 89' lang='lat' dir='ltr'><strong>etsi</strong></span> <span class='ocrx_word' id='word_1_384' title='bbox 3064 2631 3122 2692; x_wconf 91' lang='lat' dir='ltr'><strong>in</strong></span> <span class='ocrx_word' id='word_1_385' title='bbox 3147 2636 3503 2694; x_wconf 86' lang='lat' dir='ltr'><strong>Sanctorum</strong></span> <span class='ocrx_word' id='word_1_386' title='bbox 3537 2628 4046 2693; x_wconf 86' lang='lat' dir='ltr'><strong>solemnitatibus</strong></span> 
     </span>
     <span class='ocr_line' id='line_1_68' title="bbox 2480 2726 4046 2805; baseline 0.002 -17"><span class='ocrx_word' id='word_1_387' title='bbox 2480 2745 2812 2795; x_wconf 89' lang='lat' dir='ltr'><strong>commune</strong></span> <span class='ocrx_word' id='word_1_388' title='bbox 2844 2729 3278 2791; x_wconf 81' lang='lat' dir='ltr'><strong>universorum</strong></span> <span class='ocrx_word' id='word_1_389' title='bbox 3306 2726 3616 2789; x_wconf 78' lang='lat' dir='ltr'><strong>Fidelium</strong></span> <span class='ocrx_word' id='word_1_390' title='bbox 3651 2726 3877 2805; x_wconf 67' lang='lat' dir='ltr'><strong>deceat</strong></span> <span class='ocrx_word' id='word_1_391' title='bbox 3905 2747 4046 2792; x_wconf 89' lang='lat' dir='ltr'><strong>esse</strong></span> 
     </span>
     <span class='ocr_line' id='line_1_69' title="bbox 2480 2822 4046 2907; baseline 0.001 -20"><span class='ocrx_word' id='word_1_392' title='bbox 2480 2825 2769 2906; x_wconf 80' lang='lat' dir='ltr'><strong>gaudium</strong></span> <span class='ocrx_word' id='word_1_393' title='bbox 2792 2868 2813 2898; x_wconf 90' lang='lat'>‚</span> <span class='ocrx_word' id='word_1_394' title='bbox 2857 2846 2999 2890; x_wconf 89' lang='lat' dir='ltr'><strong>cum</strong></span> <span class='ocrx_word' id='word_1_395' title='bbox 3032 2826 3114 2888; x_wconf 92' lang='lat' dir='ltr'><strong>ob</strong></span> <span class='ocrx_word' id='word_1_396' title='bbox 3146 2822 3293 2887; x_wconf 82' lang='lat' dir='ltr'><strong>fidei</strong></span> <span class='ocrx_word' id='word_1_397' title='bbox 3337 2823 3640 2887; x_wconf 89' lang='lat' dir='ltr'><strong>unitatem</strong></span> <span class='ocrx_word' id='word_1_398' title='bbox 3674 2822 3737 2883; x_wconf 93' lang='lat' dir='ltr'><strong>in</strong></span> <span class='ocrx_word' id='word_1_399' title='bbox 3769 2825 4046 2907; x_wconf 80' lang='lat' dir='ltr'><strong>acceptis</strong></span> 
     </span>
     <span class='ocr_line' id='line_1_70' title="bbox 2479 2920 4049 3004; baseline 0.001 -20"><span class='ocrx_word' id='word_1_400' title='bbox 2479 2941 2513 2984; x_wconf 89' lang='lat' dir='ltr'><strong>a</strong></span> <span class='ocrx_word' id='word_1_401' title='bbox 2558 2928 2689 2986; x_wconf 87' lang='lat' dir='ltr'><strong>Deo</strong></span> <span class='ocrx_word' id='word_1_402' title='bbox 2734 2940 2847 3004; x_wconf 92' lang='lat' dir='ltr'><strong>per</strong></span> <span class='ocrx_word' id='word_1_403' title='bbox 2887 2929 3112 2987; x_wconf 82' lang='lat' dir='ltr'><strong>Servos</strong></span> <span class='ocrx_word' id='word_1_404' title='bbox 3155 2943 3303 2987; x_wconf 84' lang='lat' dir='ltr'><strong>suos</strong></span> <span class='ocrx_word' id='word_1_405' title='bbox 3349 2920 3670 2985; x_wconf 84' lang='lat' dir='ltr'><strong>beneflciis</strong></span> <span class='ocrx_word' id='word_1_406' title='bbox 3710 2920 4049 2987; x_wconf 78' lang='lat' dir='ltr'><strong>indiscreta</strong></span> 
     </span>
     <span class='ocr_line' id='line_1_71' title="bbox 2482 3016 4049 3103; baseline -0.001 -23"><span class='ocrx_word' id='word_1_407' title='bbox 2482 3018 2560 3081; x_wconf 86' lang='lat' dir='ltr'><strong>sit</strong></span> <span class='ocrx_word' id='word_1_408' title='bbox 2591 3019 2868 3081; x_wconf 89' lang='lat' dir='ltr'><strong>omnium</strong></span> <span class='ocrx_word' id='word_1_409' title='bbox 2918 3019 3202 3093; x_wconf 77' lang='lat' dir='ltr'><strong>utilitas3</strong></span> <span class='ocrx_word' id='word_1_410' title='bbox 3245 3017 3340 3103; x_wconf 87' lang='lat' dir='ltr'><strong>(a)</strong></span> <span class='ocrx_word' id='word_1_411' title='bbox 3371 3026 3578 3099; x_wconf 82' lang='lat' dir='ltr'><strong>tamen</strong></span> <span class='ocrx_word' id='word_1_412' title='bbox 3608 3016 3848 3080; x_wconf 80' lang='lat' dir='ltr'><strong>Natalis</strong></span> <span class='ocrx_word' id='word_1_413' title='bbox 3891 3024 4049 3098; x_wconf 86' lang='lat' dir='ltr'><strong>Apo-</strong></span> 
     </span>
     <span class='ocr_line' id='line_1_72' title="bbox 2479 3111 4048 3196; baseline -0.003 -16"><span class='ocrx_word' id='word_1_414' title='bbox 2479 3113 2787 3180; x_wconf 89' lang='lat' dir='ltr'><strong>stolorum</strong></span> <span class='ocrx_word' id='word_1_415' title='bbox 2828 3115 2998 3180; x_wconf 89' lang='lat' dir='ltr'><strong>Petri</strong></span> <span class='ocrx_word' id='word_1_416' title='bbox 3024 3126 3085 3182; x_wconf 90' lang='lat' dir='ltr'><strong>et</strong></span> <span class='ocrx_word' id='word_1_417' title='bbox 3134 3113 3301 3180; x_wconf 81' lang='lat' dir='ltr'><strong>Pauli</strong></span> <span class='ocrx_word' id='word_1_418' title='bbox 3348 3113 3655 3179; x_wconf 78' lang='lat' dir='ltr'><strong>festivitas</strong></span> <span class='ocrx_word' id='word_1_419' title='bbox 3697 3120 3949 3196; x_wconf 82' lang='lat' dir='ltr'><strong>praeter</strong></span> <span class='ocrx_word' id='word_1_420' title='bbox 3976 3111 4048 3177; x_wconf 88' lang='lat' dir='ltr'><strong>il·</strong></span> 
     </span>
     <span class='ocr_line' id='line_1_73' title="bbox 2475 3209 4044 3293; baseline 0.002 -21"><span class='ocrx_word' id='word_1_421' title='bbox 2475 3209 2601 3277; x_wconf 85' lang='lat' dir='ltr'><strong>lam</strong></span> <span class='ocrx_word' id='word_1_422' title='bbox 2631 3214 3044 3278; x_wconf 85' lang='lat' dir='ltr'><strong>reverentiam</strong></span> <span class='ocrx_word' id='word_1_423' title='bbox 3068 3256 3089 3286; x_wconf 93' lang='lat'><strong>,</strong></span> <span class='ocrx_word' id='word_1_424' title='bbox 3121 3221 3305 3293; x_wconf 82' lang='lat' dir='ltr'><strong>quam</strong></span> <span class='ocrx_word' id='word_1_425' title='bbox 3340 3219 3473 3275; x_wconf 90' lang='lat' dir='ltr'><strong>toto</strong></span> <span class='ocrx_word' id='word_1_426' title='bbox 3505 3216 3831 3273; x_wconf 85' lang='lat' dir='ltr'><strong>Terrarum</strong></span> <span class='ocrx_word' id='word_1_427' title='bbox 3878 3211 4044 3275; x_wconf 84' lang='lat' dir='ltr'><strong>Orbe</strong></span> 
     </span>
     <span class='ocr_line' id='line_1_74' title="bbox 2480 3306 4047 3391; baseline -0.001 -19"><span class='ocrx_word' id='word_1_428' title='bbox 2480 3307 2868 3390; x_wconf 88' lang='lat' dir='ltr'><strong>promeruit,</strong></span> <span class='ocrx_word' id='word_1_429' title='bbox 2910 3308 3165 3391; x_wconf 83' lang='lat' dir='ltr'><strong>speciali</strong></span> <span class='ocrx_word' id='word_1_430' title='bbox 3195 3315 3260 3371; x_wconf 90' lang='lat' dir='ltr'><strong>et</strong></span> <span class='ocrx_word' id='word_1_431' title='bbox 3292 3306 3539 3389; x_wconf 87' lang='lat' dir='ltr'><strong>propria</strong></span> <span class='ocrx_word' id='word_1_432' title='bbox 3583 3313 3895 3372; x_wconf 81' lang='lat' dir='ltr'><strong>Romanae</strong></span> <span class='ocrx_word' id='word_1_433' title='bbox 3941 3314 4047 3371; x_wconf 88' lang='lat' dir='ltr'><strong>Ur·</strong></span> 
     </span>
     <span class='ocr_line' id='line_1_75' title="bbox 2481 3404 4044 3484; baseline -0.001 -16"><span class='ocrx_word' id='word_1_434' title='bbox 2481 3405 2579 3468; x_wconf 91' lang='lat' dir='ltr'><strong>bis</strong></span> <span class='ocrx_word' id='word_1_435' title='bbox 2604 3406 2991 3472; x_wconf 81' lang='lat' dir='ltr'><strong>exultatione</strong></span> <span class='ocrx_word' id='word_1_436' title='bbox 3021 3407 3369 3470; x_wconf 84' lang='lat' dir='ltr'><strong>veneranda</strong></span> <span class='ocrx_word' id='word_1_437' title='bbox 3399 3414 3546 3476; x_wconf 89' lang='lat' dir='ltr'><strong>est,</strong></span> <span class='ocrx_word' id='word_1_438' title='bbox 3572 3410 3646 3465; x_wconf 89' lang='lat' dir='ltr'><strong>ut</strong></span> <span class='ocrx_word' id='word_1_439' title='bbox 3671 3404 3779 3465; x_wconf 89' lang='lat' dir='ltr'><strong>ubi</strong></span> <span class='ocrx_word' id='word_1_440' title='bbox 3811 3404 4044 3484; x_wconf 86' lang='lat' dir='ltr'><strong>praeci·</strong></span> 
     </span>
     <span class='ocr_line' id='line_1_76' title="bbox 2476 3499 4042 3585; baseline 0 -22"><span class='ocrx_word' id='word_1_441' title='bbox 2476 3521 2741 3583; x_wconf 83' lang='lat' dir='ltr'><strong>puorum</strong></span> <span class='ocrx_word' id='word_1_442' title='bbox 2773 3500 3216 3584; x_wconf 81' lang='lat' dir='ltr'><strong>Apostolorum</strong></span> <span class='ocrx_word' id='word_1_443' title='bbox 3253 3499 3637 3585; x_wconf 77' lang='lat' dir='ltr'><strong>glorificatus</strong></span> <span class='ocrx_word' id='word_1_444' title='bbox 3670 3508 3767 3563; x_wconf 86' lang='lat' dir='ltr'><strong>est</strong></span> <span class='ocrx_word' id='word_1_445' title='bbox 3795 3500 3999 3564; x_wconf 80' lang='lat' dir='ltr'><strong>exitus</strong></span> <span class='ocrx_word' id='word_1_446' title='bbox 4019 3543 4042 3574; x_wconf 92' lang='lat'><strong>,</strong></span> 
     </span>
     <span class='ocr_line' id='line_1_77' title="bbox 2481 3596 4048 3686; baseline -0.001 -25"><span class='ocrx_word' id='word_1_447' title='bbox 2481 3599 2618 3662; x_wconf 92' lang='lat' dir='ltr'><strong>ibi</strong></span> <span class='ocrx_word' id='word_1_448' title='bbox 2601 3619 2663 3662; x_wconf 90' lang='grc' dir='ltr'><strong>ιιι</strong></span> <span class='ocrx_word' id='word_1_449' title='bbox 2691 3599 2795 3665; x_wconf 89' lang='lat' dir='ltr'><strong>die</strong></span> <span class='ocrx_word' id='word_1_450' title='bbox 2825 3599 3109 3686; x_wconf 78' lang='lat' dir='ltr'><strong>martyrii</strong></span> <span class='ocrx_word' id='word_1_451' title='bbox 3139 3617 3358 3663; x_wconf 87' lang='lat' dir='ltr'><strong>eorum</strong></span> <span class='ocrx_word' id='word_1_452' title='bbox 3387 3597 3472 3663; x_wconf 90' lang='lat' dir='ltr'><strong>sit</strong></span> <span class='ocrx_word' id='word_1_453' title='bbox 3497 3596 3780 3662; x_wconf 80' lang='lat' dir='ltr'><strong>laetitiae</strong></span> <span class='ocrx_word' id='word_1_454' title='bbox 3823 3596 4048 3662; x_wconf 81' lang='lat' dir='ltr'><strong>Princi-</strong></span> 
     </span>
     <span class='ocr_line' id='line_1_78' title="bbox 2478 3706 3776 3779; baseline -0.005 -18"><span class='ocrx_word' id='word_1_455' title='bbox 2478 3706 2675 3779; x_wconf 85' lang='lat' dir='ltr'><strong>patus.</strong></span> <span class='ocrx_word' id='word_1_456' title='bbox 3769 3751 3776 3754; x_wconf 68' lang='grc'>,</span> 
     </span>
     <span class='ocr_line' id='line_1_79' title="bbox 2601 3789 4044 3860; baseline -0.001 -3"><span class='ocrx_word' id='word_1_457' title='bbox 2601 3793 2771 3857; x_wconf 84' lang='lat' dir='ltr'><strong>Vivit</strong></span> <span class='ocrx_word' id='word_1_458' title='bbox 2800 3793 3044 3860; x_wconf 85' lang='lat' dir='ltr'><strong>adbuc’</strong></span> <span class='ocrx_word' id='word_1_459' title='bbox 3026 3813 3089 3857; x_wconf 89' lang='grc' dir='ltr'><strong>ιιι</strong></span> <span class='ocrx_word' id='word_1_460' title='bbox 3135 3801 3345 3857; x_wconf 82' lang='lat' dir='ltr'><strong>mente</strong></span> <span class='ocrx_word' id='word_1_461' title='bbox 3373 3789 3734 3860; x_wconf 85' lang='lat' dir='ltr'><strong>bominum,</strong></span> <span class='ocrx_word' id='word_1_462' title='bbox 3781 3797 3847 3854; x_wconf 91' lang='lat' dir='ltr'><strong>et</strong></span> <span class='ocrx_word' id='word_1_463' title='bbox 3874 3789 4044 3856; x_wconf 75' lang='lat' dir='ltr'><strong>nulla</strong></span> 
     </span>
     <span class='ocr_line' id='line_1_80' title="bbox 2480 3887 4044 3973; baseline -0.003 -19"><span class='ocrx_word' id='word_1_464' title='bbox 2480 3911 2747 3973; x_wconf 88' lang='lat' dir='ltr'><strong>unquam</strong></span> <span class='ocrx_word' id='word_1_465' title='bbox 2790 3891 3030 3957; x_wconf 86' lang='lat' dir='ltr'><strong>delebit</strong></span> <span class='ocrx_word' id='word_1_466' title='bbox 3077 3890 3356 3962; x_wconf 82' lang='lat' dir='ltr'><strong>oblivio,</strong></span> <span class='ocrx_word' id='word_1_467' title='bbox 3399 3896 3581 3952; x_wconf 81' lang='lat' dir='ltr'><strong>vetus</strong></span> <span class='ocrx_word' id='word_1_468' title='bbox 3628 3887 3933 3952; x_wconf 89' lang='lat' dir='ltr'><strong>memoria</strong></span> <span class='ocrx_word' id='word_1_469' title='bbox 3980 3896 4044 3950; x_wconf 89' lang='lat' dir='ltr'><strong>et</strong></span> 
     </span>
     <span class='ocr_line' id='line_1_81' title="bbox 2480 3986 4045 4071; baseline -0.003 -20"><span class='ocrx_word' id='word_1_470' title='bbox 2480 3988 2860 4061; x_wconf 87' lang='lat' dir='ltr'><strong>recordatio,</strong></span> <span class='ocrx_word' id='word_1_471' title='bbox 2894 3986 3320 4071; x_wconf 87' lang='lat' dir='ltr'><strong>quammerito</strong></span> <span class='ocrx_word' id='word_1_472' title='bbox 3348 3994 3417 4049; x_wconf 91' lang='lat' dir='ltr'><strong>et</strong></span> <span class='ocrx_word' id='word_1_473' title='bbox 3443 3994 3678 4068; x_wconf 86' lang='lat' dir='ltr'><strong>quanto</strong></span> <span class='ocrx_word' id='word_1_474' title='bbox 3699 4003 3812 4065; x_wconf 88' lang='lat' dir='ltr'><strong>per</strong></span> <span class='ocrx_word' id='word_1_475' title='bbox 3843 3991 4045 4047; x_wconf 85' lang='lat' dir='ltr'><strong>totum</strong></span> 
     </span>
     <span class='ocr_line' id='line_1_82' title="bbox 2481 4081 4045 4168; baseline -0.002 -21"><span class='ocrx_word' id='word_1_476' title='bbox 2481 4085 2713 4148; x_wconf 88' lang='lat' dir='ltr'><strong>Orbem</strong></span> <span class='ocrx_word' id='word_1_477' title='bbox 2738 4130 2758 4158; x_wconf 91' lang='lat'><strong>,</strong></span> <span class='ocrx_word' id='word_1_478' title='bbox 2791 4086 2902 4149; x_wconf 89' lang='lat' dir='ltr'><strong>sed</strong></span> <span class='ocrx_word' id='word_1_479' title='bbox 2930 4086 3263 4168; x_wconf 87' lang='lat' dir='ltr'><strong>praecipue</strong></span> <span class='ocrx_word' id='word_1_480' title='bbox 3292 4083 3354 4145; x_wconf 88' lang='lat' dir='ltr'><strong>in</strong></span> <span class='ocrx_word' id='word_1_481' title='bbox 3382 4081 3495 4146; x_wconf 85' lang='lat' dir='ltr'><strong>bac</strong></span> <span class='ocrx_word' id='word_1_482' title='bbox 3525 4081 3701 4144; x_wconf 88' lang='lat' dir='ltr'><strong>Alma</strong></span> <span class='ocrx_word' id='word_1_483' title='bbox 3733 4081 3897 4144; x_wconf 89' lang='lat' dir='ltr'><strong>Urbe</strong></span> <span class='ocrx_word' id='word_1_484' title='bbox 3934 4091 4045 4144; x_wconf 87' lang='grc' dir='ltr'><strong>ιἰο·</strong></span> 
     </span>
     <span class='ocr_line' id='line_1_83' title="bbox 2479 4176 4042 4263; baseline -0.003 -20"><span class='ocrx_word' id='word_1_485' title='bbox 2479 4191 2606 4245; x_wconf 89' lang='lat' dir='ltr'><strong>stra</strong></span> <span class='ocrx_word' id='word_1_486' title='bbox 2649 4178 2835 4246; x_wconf 79' lang='lat' dir='ltr'><strong>fuerit</strong></span> <span class='ocrx_word' id='word_1_487' title='bbox 2864 4202 2899 4246; x_wconf 89' lang='lat' dir='ltr'><strong>a</strong></span> <span class='ocrx_word' id='word_1_488' title='bbox 2928 4183 3151 4263; x_wconf 89' lang='lat' dir='ltr'><strong>primis</strong></span> <span class='ocrx_word' id='word_1_489' title='bbox 3194 4179 3516 4244; x_wconf 86' lang='lat' dir='ltr'><strong>Ecclesiae</strong></span> <span class='ocrx_word' id='word_1_490' title='bbox 3546 4177 3775 4256; x_wconf 72' lang='lat' dir='ltr'><strong>seculis</strong></span> <span class='ocrx_word' id='word_1_491' title='bbox 3803 4176 4042 4246; x_wconf 90' lang='lat' dir='ltr'><strong>celebri</strong></span> 
     </span>
     <span class='ocr_line' id='line_1_84' title="bbox 2477 4273 4043 4361; baseline -0.002 -19"><span class='ocrx_word' id='word_1_492' title='bbox 2477 4276 2685 4352; x_wconf 88' lang='lat' dir='ltr'><strong>cultu,</strong></span> <span class='ocrx_word' id='word_1_493' title='bbox 2729 4289 2796 4343; x_wconf 87' lang='lat' dir='ltr'><strong>et</strong></span> <span class='ocrx_word' id='word_1_494' title='bbox 2825 4277 3150 4361; x_wconf 87' lang='lat' dir='ltr'><strong>splendida</strong></span> <span class='ocrx_word' id='word_1_495' title='bbox 3195 4277 3593 4343; x_wconf 89' lang='lat' dir='ltr'><strong>solemnitate</strong></span> <span class='ocrx_word' id='word_1_496' title='bbox 3634 4275 3866 4339; x_wconf 84' lang='lat' dir='ltr'><strong>Natalis</strong></span> <span class='ocrx_word' id='word_1_497' title='bbox 3907 4273 4043 4339; x_wconf 86' lang='lat' dir='ltr'><strong>dies</strong></span> 
     </span>
     <span class='ocr_line' id='line_1_85' title="bbox 2479 4361 4039 4457; baseline -0.002 -21"><span class='ocrx_word' id='word_1_498' title='bbox 2479 4375 2805 4439; x_wconf 86' lang='lat' dir='ltr'><strong>beatorum</strong></span> <span class='ocrx_word' id='word_1_499' title='bbox 2837 4375 3273 4457; x_wconf 83' lang='lat' dir='ltr'><strong>Apostolorum</strong></span> <span class='ocrx_word' id='word_1_500' title='bbox 3304 4374 3682 4437; x_wconf 84' lang='lat' dir='ltr'><strong>celebratus.</strong></span> <span class='ocrx_word' id='word_1_501' title='bbox 3713 4361 4039 4454; x_wconf 84' lang='lat' dir='ltr'><strong>Siquidem</strong></span> 
     </span>
     <span class='ocr_line' id='line_1_86' title="bbox 2476 4469 4043 4547; baseline -0.003 -11"><span class='ocrx_word' id='word_1_502' title='bbox 2476 4491 2547 4536; x_wconf 87' lang='lat' dir='ltr'><strong>ea</strong></span> <span class='ocrx_word' id='word_1_503' title='bbox 2579 4473 2679 4537; x_wconf 89' lang='lat' dir='ltr'><strong>die</strong></span> <span class='ocrx_word' id='word_1_504' title='bbox 2702 4473 2990 4537; x_wconf 88' lang='lat' dir='ltr'><strong>traditum</strong></span> <span class='ocrx_word' id='word_1_505' title='bbox 3022 4484 3141 4547; x_wconf 81' lang='lat' dir='ltr'><strong>est,</strong></span> <span class='ocrx_word' id='word_1_506' title='bbox 3177 4480 3481 4536; x_wconf 86' lang='lat' dir='ltr'><strong>Romanos</strong></span> <span class='ocrx_word' id='word_1_507' title='bbox 3507 4469 3839 4535; x_wconf 86' lang='lat' dir='ltr'><strong>Pontifices</strong></span> <span class='ocrx_word' id='word_1_508' title='bbox 3867 4475 4043 4532; x_wconf 89' lang='lat' dir='ltr'><strong>Prae-</strong></span> 
     </span>
     <span class='ocr_line' id='line_1_87' title="bbox 2476 4568 4040 4651; baseline -0.003 -19"><span class='ocrx_word' id='word_1_509' title='bbox 2476 4569 2842 4634; x_wconf 83' lang='lat' dir='ltr'><strong>decessores</strong></span> <span class='ocrx_word' id='word_1_510' title='bbox 2871 4575 3128 4634; x_wconf 85' lang='lat' dir='ltr'><strong>Nostros</strong></span> <span class='ocrx_word' id='word_1_511' title='bbox 3168 4571 3439 4651; x_wconf 89' lang='lat' dir='ltr'><strong>primum</strong></span> <span class='ocrx_word' id='word_1_512' title='bbox 3473 4568 3534 4630; x_wconf 93' lang='lat' dir='ltr'><strong>in</strong></span> <span class='ocrx_word' id='word_1_513' title='bbox 3567 4568 3828 4632; x_wconf 86' lang='lat' dir='ltr'><strong>Basilica</strong></span> <span class='ocrx_word' id='word_1_514' title='bbox 3875 4568 4040 4629; x_wconf 85' lang='lat' dir='ltr'><strong>beati</strong></span> 
     </span>
     <span class='ocr_line' id='line_1_88' title="bbox 2476 4663 4040 4750; baseline -0.004 -18"><span class='ocrx_word' id='word_1_515' title='bbox 2476 4668 2639 4734; x_wconf 88' lang='lat' dir='ltr'><strong>Petri</strong></span> <span class='ocrx_word' id='word_1_516' title='bbox 2684 4669 2746 4731; x_wconf 92' lang='lat' dir='ltr'><strong>in</strong></span> <span class='ocrx_word' id='word_1_517' title='bbox 2776 4669 3115 4742; x_wconf 84' lang='lat' dir='ltr'><strong>vaticano,</strong></span> <span class='ocrx_word' id='word_1_518' title='bbox 3159 4666 3382 4730; x_wconf 88' lang='lat' dir='ltr'><strong>deinde</strong></span> <span class='ocrx_word' id='word_1_519' title='bbox 3414 4666 3475 4726; x_wconf 91' lang='lat' dir='ltr'><strong>in</strong></span> <span class='ocrx_word' id='word_1_520' title='bbox 3517 4664 3713 4728; x_wconf 89' lang='lat' dir='ltr'><strong>altera</strong></span> <span class='ocrx_word' id='word_1_521' title='bbox 3757 4663 4040 4750; x_wconf 86' lang='lat' dir='ltr'><strong>Apostoli</strong></span> 
     </span>
     <span class='ocr_line' id='line_1_89' title="bbox 2477 4762 4040 4830; baseline -0.004 -1"><span class='ocrx_word' id='word_1_522' title='bbox 2477 4765 2647 4830; x_wconf 84' lang='lat' dir='ltr'><strong>Pauli</strong></span> <span class='ocrx_word' id='word_1_523' title='bbox 2694 4765 2804 4827; x_wconf 82' lang='lat' dir='ltr'><strong>Via</strong></span> <span class='ocrx_word' id='word_1_524' title='bbox 2837 4765 3104 4830; x_wconf 86' lang='lat' dir='ltr'><strong>Ostiensi</strong></span> <span class='ocrx_word' id='word_1_525' title='bbox 3147 4772 3399 4829; x_wconf 89' lang='lat' dir='ltr'><strong>Sacrum</strong></span> <span class='ocrx_word' id='word_1_526' title='bbox 3431 4762 3768 4826; x_wconf 90' lang='lat' dir='ltr'><strong>immortali</strong></span> <span class='ocrx_word' id='word_1_527' title='bbox 3804 4769 3934 4825; x_wconf 80' lang='lat' dir='ltr'><strong>Deo</strong></span> <span class='ocrx_word' id='word_1_528' title='bbox 3980 4762 4040 4823; x_wconf 91' lang='lat' dir='ltr'><strong>in</strong></span> 
     </span>
    </p>
   </div>
   <div class='ocr_carea' id='block_1_13' title="bbox 2478 4859 4182 4950">
    <p class='ocr_par' dir='ltr' id='par_1_13' title="bbox 2478 4859 4182 4950">
     <span class='ocr_line' id='line_1_90' title="bbox 2478 4859 4182 4950; baseline -0.002 -25"><span class='ocrx_word' id='word_1_529' title='bbox 2478 4863 2771 4928; x_wconf 84' lang='lat' dir='ltr'><strong>honorem</strong></span> <span class='ocrx_word' id='word_1_530' title='bbox 2802 4863 3154 4944; x_wconf 85' lang='lat' dir='ltr'><strong>Principum</strong></span> <span class='ocrx_word' id='word_1_531' title='bbox 3188 4861 3627 4944; x_wconf 88' lang='lat' dir='ltr'><strong>Apostolorum</strong></span> <span class='ocrx_word' id='word_1_532' title='bbox 3661 4859 3884 4923; x_wconf 77' lang='lat' dir='ltr'><strong>secisse</strong></span> <span class='ocrx_word' id='word_1_533' title='bbox 3908 4905 3929 4934; x_wconf 90' lang='lat'><strong>‚</strong></span> <span class='ocrx_word' id='word_1_534' title='bbox 3974 4866 4042 4921; x_wconf 92' lang='lat' dir='ltr'><strong>et</strong></span> <span class='ocrx_word' id='word_1_535' title='bbox 4165 4933 4182 4950; x_wconf 31' lang='lat'><strong><em>⁶</em></strong></span> 
     </span>
    </p>
   </div>
   <div class='ocr_carea' id='block_1_14' title="bbox 2477 4957 4043 5325">
    <p class='ocr_par' dir='ltr' id='par_1_14' title="bbox 2477 4957 4043 5325">
     <span class='ocr_line' id='line_1_91' title="bbox 2479 4957 4043 5042; baseline -0.005 -19"><span class='ocrx_word' id='word_1_536' title='bbox 2479 4969 2819 5025; x_wconf 86' lang='lat' dir='ltr'><strong>Romanum</strong></span> <span class='ocrx_word' id='word_1_537' title='bbox 2850 4961 3151 5042; x_wconf 83' lang='lat' dir='ltr'><strong>Populum</strong></span> <span class='ocrx_word' id='word_1_538' title='bbox 3188 4957 3701 5041; x_wconf 82' lang='lat' dir='ltr'><strong>frequentissimo</strong></span> <span class='ocrx_word' id='word_1_539' title='bbox 3729 4963 3944 5026; x_wconf 89' lang='lat' dir='ltr'><strong>coetu,</strong></span> <span class='ocrx_word' id='word_1_540' title='bbox 3976 4963 4043 5038; x_wconf 70' lang='lat' dir='ltr'><strong>et</strong></span> 
     </span>
     <span class='ocr_line' id='line_1_92' title="bbox 2477 5053 4036 5137; baseline -0.006 -13"><span class='ocrx_word' id='word_1_541' title='bbox 2477 5056 2715 5124; x_wconf 79' lang='lat' dir='ltr'><strong>celebri</strong></span> <span class='ocrx_word' id='word_1_542' title='bbox 2761 5077 3059 5121; x_wconf 85' lang='lat' dir='ltr'><strong>concursu</strong></span> <span class='ocrx_word' id='word_1_543' title='bbox 3092 5068 3423 5137; x_wconf 88' lang='lat' dir='ltr'><strong>utramque</strong></span> <span class='ocrx_word' id='word_1_544' title='bbox 3457 5053 3781 5117; x_wconf 85' lang='lat' dir='ltr'><strong>Basilicam</strong></span> <span class='ocrx_word' id='word_1_545' title='bbox 3826 5071 4036 5115; x_wconf 82' lang='lat' dir='ltr'><strong>sacras</strong></span> 
     </span>
     <span class='ocr_line' id='line_1_93' title="bbox 2478 5148 4038 5234; baseline -0.003 -20"><span class='ocrx_word' id='word_1_546' title='bbox 2478 5152 2914 5234; x_wconf 87' lang='lat' dir='ltr'><strong>Apostolorum</strong></span> <span class='ocrx_word' id='word_1_547' title='bbox 2947 5152 3265 5234; x_wconf 86' lang='lat' dir='ltr'><strong>Reliquias</strong></span> <span class='ocrx_word' id='word_1_548' title='bbox 3292 5157 3734 5214; x_wconf 89' lang='lat' dir='ltr'><strong>veneraturum</strong></span> <span class='ocrx_word' id='word_1_549' title='bbox 3764 5148 4038 5210; x_wconf 89' lang='lat' dir='ltr'><strong>invisere</strong></span> 
     </span>
     <span class='ocr_line' id='line_1_94' title="bbox 2479 5245 4039 5325; baseline -0.006 -10"><span class='ocrx_word' id='word_1_550' title='bbox 2479 5249 2782 5325; x_wconf 69' lang='lat' dir='ltr'><strong>solitum,</strong></span> <span class='ocrx_word' id='word_1_551' title='bbox 2830 5250 2962 5315; x_wconf 84' lang='lat' dir='ltr'><strong>imo</strong></span> <span class='ocrx_word' id='word_1_552' title='bbox 3010 5249 3090 5315; x_wconf 90' lang='lat' dir='ltr'><strong>ad</strong></span> <span class='ocrx_word' id='word_1_553' title='bbox 3139 5247 3426 5315; x_wconf 86' lang='lat' dir='ltr'><strong>eamdem</strong></span> <span class='ocrx_word' id='word_1_554' title='bbox 3472 5245 3823 5311; x_wconf 90' lang='lat' dir='ltr'><strong>solemnem</strong></span> <span class='ocrx_word' id='word_1_555' title='bbox 3870 5245 4039 5308; x_wconf 87' lang='lat' dir='ltr'><strong>diem</strong></span> 
     </span>
    </p>
   </div>
  </div>
 </body>
</html>
