4442 6300
1970 461 2179 519 ACTA
2228 459 2887 531 ΒΑΠΟΝΙῌΤΙΟΠΒ

798 614 943 690 -pnt
972 603 1484 691 transfigeretur,
1514 609 1578 681 et
1609 603 1908 689 Stigmata
1934 604 2175 672 Domini
2229 611 2385 673 Jesn
2501 605 2816 681 volasset,
2844 612 3022 674 tanta·
3048 615 3190 673 sunt
3223 606 3362 693 ejus
3415 609 3854 699 niiremlorum
3912 626 4045 703 post

831 701 898 767 in
925 721 1187 782 corpore
1216 722 1330 767 sno
1356 708 1655 783 portaret.
1674 700 2062 773 numilitate,
2088 702 2387 769 obedien·

827 798 915 864 tis
933 842 956 873 ,
985 798 1338 883 virginitate
1364 841 1386 873 ,
1409 806 1775 880 paupertate
1800 843 1823 873 ,
1872 798 2172 865 charitate
2191 844 2215 876 ,
2269 799 2383 863 mi·

825 895 1206 969 sericordia,
1234 893 1531 960 omnibus
1559 893 1828 978 denique
1864 895 2202 962 virtutibus
2259 893 2385 960 cla·

823 1011 933 1069 ra,
959 991 1346 1077 insignisque
1378 989 1549 1058 dono
1579 989 2023 1057 miraculorum
2054 1013 2090 1059 a
2118 990 2378 1059 caelesti

825 1098 1065 1174 sponso
1090 1089 1151 1152 in
1178 1085 1432 1154 caelum
1463 1096 1681 1155 evecta
1707 1095 1829 1162 est,
1855 1089 1966 1152 nbi
1992 1089 2193 1174 gloria
2216 1109 2381 1155 sem-

820 1190 1059 1272 piterna
1085 1185 1423 1251 trueretur.
1450 1190 1653 1261 Quare
1682 1204 1868 1253 nemo
1905 1185 2372 1252 catholicorum

823 1296 956 1360 est,
982 1283 1088 1368 qui
1119 1301 1244 1348 non
1273 1281 1637 1358 desideret,
1664 1293 1735 1348 nt
1774 1282 1833 1349 ei
1888 1302 2117 1353 norum
2178 1283 2378 1350 decus
2505 1360 2510 1367 .

818 1404 938 1469 per
958 1380 1308 1447 solemnem
1338 1380 1879 1447 canonizationem
1907 1381 2181 1447 accedat.

840 1576 1168 1642 JOSEPB
1199 1576 1543 1652 Episcopus
1582 1574 1958 1637 ruentem
1983 1577 2338 1641 caminatis

1343 1669 1850 1734 scema-ame.

939 1863 1244 1943 Quoniam
1300 1869 1430 1929 Deo
1487 1862 1746 1946 Optimo
1800 1862 2118 1937 mxima,
2174 1861 2371 1948 cujus

810 1961 1250 2035 sermocinatio
1282 1967 1394 2032 est
1446 1978 1590 2024 cum
1644 1959 2035 2043 simplicibus
2054 2004 2077 2037 ,
2127 1961 2362 2026 nedum

808 2062 1046 2151 placuit
1076 2057 1395 2144 praeclara
1435 2058 1661 2122 beatae
1716 2058 2081 2124 catharinae
2138 2057 2362 2125 merita

810 2158 1101 2244 supernis
1128 2153 1608 2220 charismatibus
1630 2198 1653 2227 ,
1682 2176 1822 2221 cum
1865 2153 2101 2220 vireret
2121 2198 2143 2229 ,
2204 2154 2364 2218 libe-

807 2257 1025 2324 raliter
1048 2251 1409 2325 cumulare,
1448 2272 1665 2316 rerum
1723 2253 1913 2317 etiam
1969 2253 2357 2319 uberrimam

806 2375 927 2440 qna
956 2351 1207 2417 nuncin
1236 2348 1442 2415 caelis
1471 2347 1702 2415 fruitur
1730 2394 1752 2420 ,
1779 2350 2039 2435 gloriam
2085 2349 2364 2436 singula·

804 2453 984 2520 ribus
1014 2446 1333 2514 miraculis
1360 2452 1653 2511 testatem
1685 2444 1893 2513 iacere
1920 2473 1937 2510 z
1969 2453 2117 2512 lure
2144 2447 2357 2531 proin-

804 2549 887 2614 de
912 2546 1261 2626 meritoque
1289 2546 1716 2611 emenus
1752 2547 2055 2609 VBSTRA
2084 2563 2226 2608 eam
2257 2542 2360 2606 ni·

802 2663 1023 2716 vorum
1051 2640 1249 2707 rasti·
1275 2638 1618 2711 ιᾱιοτίιιοι.

722 2810 733 2821 ’
833 2838 1142 2907 mucan
1153 2835 1342 2899 rms
1372 2836 1724 2911 apiacam
1747 2835 2092 2899 sabama
2123 2838 2334 2899 caras·

1339 2935 1506 2999 eolis
1538 2934 1811 2994 Biebtus.

921 3122 1212 3193 Proiecto
1240 3121 1431 3207 virgo
1460 3122 1713 3207 sapiens
1742 3120 1858 3187 tuit
1897 3124 2079 3190 beata
2130 3123 2349 3190 catha-

794 3226 934 3293 rina
965 3222 1046 3288 de
1074 3220 1303 3292 Ricciis
1331 3220 1619 3287 uonialis
1646 3218 1927 3303 professa
1952 3220 2016 3284 in
2043 3226 2357 3288 Honeste·

794 3322 895 3390 rio
918 3316 1199 3386 Pratensi
1228 3315 1484 3390 ordinis
1511 3316 2009 3385 Praedicatorum
2031 3360 2053 3392 ,
2082 3337 2245 3399 qnae
2288 3315 2353 3379 ia

791 3417 1019 3484 diebus
1042 3413 1559 3499 peregrinationis
1588 3434 1738 3478 suae
1766 3413 1959 3478 divini
1987 3413 2247 3496 spiritus
2264 3412 2356 3476 in·

793 3516 1042 3583 fusione
1073 3511 1502 3595 Apostolicum
1532 3510 1864 3577 consilium
1915 3516 2127 3576 secuta
2181 3510 2351 3594 cogi·

792 3612 947 3679 tavit
976 3628 1136 3694 quae
1165 3618 1310 3673 sunt
1341 3607 1629 3682 Domini,
1659 3614 1729 3672 ut
1754 3615 1930 3673 esset
1958 3614 2171 3672 sancta
2216 3629 2353 3673 cor-

788 3729 945 3796 pre
969 3712 1037 3772 et
1062 3704 1550 3790 spiritu‚,atque
1590 3724 1735 3768 cnm
1794 3703 2050 3770 caelesti
2109 3711 2350 3792 §penso

788 3805 857 3872 tn
883 3806 1067 3890 beata
1082 3810 1376 3887 regnaret
1402 3801 1798 3870 aeternitate.
1820 3806 1950 3868 Nee
1966 3802 2031 3865 in
2052 3822 2350 3885 praecon-

788 3908 974 3983 cepto
1001 3895 1316 3963 desiderio
1342 3895 1551 3960 defuit
1578 3897 1940 3964 catharinae
1972 3896 2178 3966 divina
2215 3920 2355 3985 gra-

785 3997 875 4063 ti'a
896 4038 918 4069 ,
940 4013 1108 4102 guae
1132 3990 1309 4058 illam
1329 3992 1714 4076 specialibus
1741 4004 2125 4079 prosequuta
2157 3998 2344 4063 bene-

781 4091 972 4166 ficiis,
1002 4110 1080 4157 ea
1103 4088 1311 4156 omnia
1338 4090 1649 4156 mirabilia
1677 4090 1795 4174 ipsi
1828 4093 2164 4169 concessit,
2184 4114 2349 4177 quae

783 4190 868 4255 de
891 4186 1120 4252 sanctis
1144 4185 1500 4272 Virginibus
1520 4194 1679 4258 Rosa
1705 4188 1979 4266 timaus,
2010 4199 2077 4254 et
2103 4196 2345 4275 Agnete

788 4305 824 4351 a
852 4289 1064 4353 Monte
1092 4282 1404 4350 Folitiano
1433 4285 1497 4348 in
1527 4305 1742 4351 earnm
1793 4287 2347 4354 canonizationum

781 4380 1164 4466 ApoatQicis
1191 4380 1393 4446 literis
1421 4383 1840 4448 continentur.
1871 4382 2206 4467 Impletum
2255 4385 2347 4450 vi-

785 4479 881 4555 diss
904 4478 1235 4545 catharina
1264 4478 1599 4544 oraculum
1654 4479 1935 4545 divinum
1958 4504 1977 4542 ε
2033 4485 2343 4560 sponsabo

790 4581 870 4642 To
892 4582 1052 4660 „mihi
1070 4582 1149 4654 ,is
1174 4581 1289 4654 fide
1310 4598 1339 4648 ‚-
1371 4583 1437 4638 et
1466 4576 1628 4642 facta
1657 4584 1893 4661 spensa
1942 4578 2173 4648 christi
2192 4622 2215 4653 ,
2272 4580 2347 4643 il-

783 4676 909 4740 lius
934 4679 1200 4758 experta
1231 4672 1349 4736 tuit
1375 4674 1768 4748 Passionem,
1792 4682 1867 4739 ut
1893 4696 2035 4741 enm
2070 4675 2210 4758 ipso
2239 4697 2338 4741 es·

778 4782 881 4838 set
912 4771 977 4834 in
1010 4768 1269 4835 caelesti
1310 4769 1532 4853 gloria.
1586 4770 1793 4853 Hujus
1846 4775 1916 4856 ᾖ.
1974 4770 2338 4836 catharinae

778 4887 1069 4954 magnum
1100 4864 1221 4931 fuit
1248 4865 1598 4933 sanctitatis
1629 4867 1923 4933 indicium
1946 4910 1968 4941 ,
1997 4867 2163 4952 quod
2203 4869 2337 4951 ipsa

775 4966 941 5033 Prati
968 4983 1359 5044 commorans
1388 4971 1447 5030 S.
1478 4964 1741 5047 Philippi
1771 4963 1941 5029 Nerii
1974 4972 2206 5031 Romae
2227 4965 2336 5030 de·

778 5063 986 5147 gentis
1008 5072 1404 5142 praesentem
1462 5060 1758 5126 habuerit
1814 5069 2136 5143 aspectum
2159 5105 2183 5134 ,
2240 5063 2336 5145 ip·

779 5176 1047 5239 sumque
1071 5157 1257 5222 fuerit
1286 5156 1559 5222 allocuta
1581 5200 1602 5230 ,
1628 5166 1699 5221 nt
1728 5164 1996 5220 testatur
2022 5155 2203 5224 Bulla
2227 5164 2336 5224 Ca·

775 5253 1190 5320 nouitationis
1238 5253 1524 5337 ejusdem
1585 5260 1646 5319 s.
1701 5251 1966 5338 Philippi
1984 5278 2011 5330 ι
2065 5274 2335 5341 cumque

777 5352 966 5437 plena
997 5349 1247 5416 meritis
1275 5352 1457 5417 beata
1486 5349 1819 5418 catharina
1844 5351 1925 5416 ad
1972 5350 2227 5419 Caelum
2272 5376 2337 5422 e·

2497 710 2764 770 mortem
2797 711 3178 787 patratorum
3211 707 3571 775 testimonia
3594 752 3616 783 ,
3648 720 3715 773 nt
3744 711 3823 776 de
3881 711 4046 782 illins

2497 801 2828 866 sanctitate
2861 821 2983 867 non
3013 802 3096 867 sit
3126 801 3383 868 relictus
3410 806 3763 893 ambigendi
3827 807 4040 887 locus,

2495 907 2556 963 et
2584 898 2729 1057 ifll'eo
2761 907 3084 964 mereatur
3114 900 3282 966 inter
3307 912 3557 989 sanctas
3607 903 3892 989 Virgines
3947 908 4048 971 ad·

2493 1014 2614 1063 sen
2662 1013 2702 1057 1.

2491 1188 2801 1253 mcou
2817 1189 2914 1251 ns
2940 1188 3191 1251 unu
3227 1191 3345 1251 Tse.
3379 1191 3441 1253 s.
3478 1193 3647 1255 mers
3668 1199 3752 1259 aa
3795 1158 4041 1263 rinc-1·

2781 1282 3103 1364 Presbyter
3127 1290 3477 1350 cardinalis
3502 1291 3777 1355 sercou-t.

2619 1474 2937 1542 Gloriosas
2953 1474 3206 1541 Ordinis
3236 1476 3737 1560 praedicatorum
3765 1481 4048 1569 vtrgines
4119 1470 4124 1475 ⁴

2486 1570 2803 1637 aemulata
2830 1573 3014 1638 beata
3040 1570 3371 1638 catharina
3396 1573 3482 1638 de
3507 1576 3745 1643 Ricciis
3761 1621 3782 1651 ‚
3826 1583 4046 1651 oratio·

2487 1684 2569 1733 ne
2587 1711 2612 1743 ,
2636 1666 2997 1734 hnmilitate
3018 1710 3042 1743 ,
3070 1666 3373 1734 altissima
3412 1691 3631 1736 rerum
3687 1674 4045 1745 caelestium

2487 1765 3045 1849 contemplatione,
3073 1787 3147 1832 ac
3174 1765 3364 1830 divini
3385 1768 3622 1835 amoris
3651 1771 3868 1838 ardore
3890 1776 4043 1845 adeo

2483 1858 2605 1927 fuit
2631 1860 2729 1928 eis
2757 1859 3077 1927 simillima
3101 1904 3123 1935 ,
3150 1870 3222 1927 nt
3246 1882 3461 1946 parem
3491 1884 3638 1931 cum
3695 1868 3793 1934 eis
3848 1871 4044 1943 caele·

2482 1960 2674 2037 stium
2704 1959 3009 2025 donorum
3039 1967 3282 2042 partem
3312 1959 3375 2024 in
3406 1962 3596 2030 terris
3625 1965 3842 2033 vivens
3870 1989 4035 2041 rece·

2480 2055 2682 2139 perit,
2712 2056 2936 2122 eadem
2967 2053 3032 2118 in
3084 2075 3352 2139 corpore
3379 2077 3499 2123 suo
3523 2063 3804 2142 patentia
3866 2066 4034 2151 signa

2477 2153 2858 2234 portaverit,
2888 2152 3290 2236 eandemque
3320 2154 3381 2217 in
3399 2156 3605 2221 caelis
3639 2179 3933 2225 coronam
3956 2163 4040 2229 vi·

2476 2256 2580 2314 tae
2610 2248 2758 2314 inde
2786 2249 3211 2333 promeruerit
3230 2276 3249 2313 a
3304 2252 3482 2327 Quod
3543 2275 3690 2320 cum
3747 2264 4036 2335 testatu-

2476 2343 2703 2413 taciant
2726 2344 3022 2413 miracula
3043 2366 3115 2414 ac
3136 2345 3414 2434 prodigia
3431 2349 3572 2437 eius
3591 2351 4039 2431 intercessione

2473 2442 2776 2508 divinitus
2800 2450 3038 2527 patrata
3057 2486 3079 2517 ,
3109 2445 3339 2510 merito
3351 2447 3702 2514 catholicae
3725 2451 4035 2523 Ecclesiae

2474 2544 2689 2606 Fastos
2712 2538 2855 2625 ejus
2881 2539 3134 2605 nomine
3154 2542 3372 2631 angeri
3402 2543 3589 2609 enixe
3615 2547 4030 2630 postulamus.

2478 2734 2859 2799 urnam
2890 2733 3249 2800 cosmus
3284 2738 3403 2798 ru.
3436 2739 3501 2801 s.
3532 2728 3836 2825 morboque
3888 2740 4031 2808 νὴ.
4155 2710 4160 2713 ⁴

2681 2838 2883 2913 ὠνίου·
2907 2836 3250 2896 cardinatis
3278 2840 3348 2896 de
3412 2838 3826 2917 Hierony-nio.

2595 3029 3054 3091 Bnartssmss
3109 3028 3385 3091 PATER.
3445 3030 3726 3109 Sponsus
3797 3029 4032 3097 divinus

2469 3123 2578 3210 qni
2603 3123 2878 3209 pascitur
2902 3122 3066 3186 inter
3089 3120 3252 3197 lilia,
3277 3119 3740 3207 pulcherrimos
3764 3126 3828 3190 in
3848 3128 4036 3194 sacris

2465 3224 2665 3291 hortis
2693 3219 2988 3290 excolere
3015 3218 3339 3286 consuevit
3359 3221 3571 3295 flores,
3602 3243 3872 3305 quorum
3896 3245 4033 3290 cae.

2466 3320 2612 3387 lesti
2643 3320 2838 3385 odore
2867 3316 2948 3383 ad
2975 3314 3337 3397 Angelicam
3371 3316 3787 3402 -Virginitatis
3844 3322 4030 3386 virtu·

2470 3427 2598 3484 tem
2628 3415 2905 3483 suaviter
2931 3422 3110 3497 capta
3128 3418 3198 3478 B.
3225 3412 3415 3498 virgo
3435 3414 3770 3482 catharina
3794 3418 3874 3484 de
3897 3420 4032 3486 Ric-

2462 3516 2619 3590 ciis,
2647 3519 2821 3579 tanto
2849 3509 3043 3576 divini
3066 3509 3296 3575 amoris
3324 3520 3502 3577 aestu
3534 3510 3599 3574 in
3633 3515 3865 3580 mediis
3895 3517 4030 3581 Vir-

2465 3609 2750 3697 ginitatis
2779 3607 3023 3671 nivibus
3045 3606 3220 3688 arsit,
3251 3614 3549 3689 tantaque
3580 3608 3719 3692 ejus
3753 3607 3872 3674 suit
3894 3632 4032 3677 cae-

2462 3709 2719 3776 lestium
2762 3706 3061 3770 virtutum
3120 3702 3455 3788 fragrantia
3475 3746 3496 3776 ,
3555 3697 3638 3770 ut'
3677 3705 4021 3774 caelestem

2462 3815 2767 3893 sponsum
2797 3801 3089 3869 allexerit
3149 3801 3225 3868 ad
3286 3799 3459 3864 illam
3522 3803 3756 3869 annulo
3813 3810 4029 3873 subar-

2464 3904 2789 3973 rhandam.
2821 3900 2999 3965 Illam
3031 3898 3260 3984 igitur,
3293 3918 3477 3981 quam
3529 3903 3693 3972 Deus
3749 3914 3895 3968 ante
3952 3913 4015 3969 et

2460 4008 2603 4086 post
2633 4006 2898 4064 mortem
2934 3994 3251 4062 miraculis
3281 4015 3531 4079 quoque
3572 3995 3867 4081 dignatus
3921 4009 4018 4067 est

2456 4097 2770 4162 illustrare
2792 4139 2814 4170 ,
2841 4098 3201 4158 Sanctarum
3235 4110 3500 4157 numero
3539 4091 4017 4162 adscribendam

2457 4215 2496 4259 a
2525 4195 3006 4264 SANCTtTATE
3049 4193 3354 4253 vEs'ruA
3412 4187 3658 4273 dignam
3717 4193 4020 4260 existimo

2455 4291 2534 4357 ad
2566 4290 2857 4356 solatium
2887 4303 3011 4351 non
3046 4283 3250 4348 minus
3280 4305 3465 4367 qnam
3512 4286 3592 4349 ad
3648 4291 4012 4374 exemplum

2461 4395 2809 4452 ceterorum
2841 4379 3167 4452 Fidelium,
3198 4379 3306 4463 qui
3339 4380 3624 4445 eamdem
3654 4383 4014 4470 Angelicam

2454 4490 2774 4551 sectantur
2800 4479 3124 4546 virtutem.

2455 4677 2822 4746 σηοως
2861 4678 2978 4736 νει.
3014 4675 3075 4746 ε,
3108 4675 3349 4736 Martae
3381 4680 3452 4734 aa
3487 4673 3811 4739 Ara-caen·
3871 4657 4048 4744 md

2703 4775 2906 4853 ὢνιον
2931 4774 3278 4835 cardinatis
3328 4774 3759 4849 calceantem.

2576 4966 2980 5052 Omnipotens
3008 4962 3354 5029 Dominus!
3384 4963 3526 5048 quia
3555 4962 3620 5027 in
3679 4966 4004 5064 uncntatg

2447 5063 2678 5130 nullam
2709 5062 2844 5128 vult
2872 5064 3040 5125 inter
3087 5070 3427 5148 utrumque
3487 5080 3702 5146 sexu-,m
3760 5063 4010 5132 merito.

2445 5182 2583 5226 rum
2615 5158 3072 5243 disparitatem,
3102 5153 3283 5237 eligit
3326 5154 3567 5220 infirma
3626 5156 3879 5230 Mundi,
3938 5159 4010 5223 uf
4029 5143 4056 5182 ἱ·

2447 5259 2635 5326 fortia
2665 5253 3005 5322 confundat
3023 5261 3056 5332 ς’
3080 5254 3261 5320 sicuti
3296 5254 3568 5319 ostendit
3591 5253 3653 5315 in
3678 5253 3868 5324 beata
3880 5255 4005 5319 vir.

2447 5357 2595 5452 gine
2633 5353 2951 5436 catharina
2979 5352 3062 5420 de
3108 5350 3336 5419 Ricciis
3393 5350 3785 5427 Florentina,
3837 5374 3996 5438 quae
