4442 6300
1484 559 1828 627 QUINQUE
1898 558 2366 613 SANCTORUM
2408 559 2574 613 ETc.
2999 640 3012 648 Ο
3387 556 3457 608 411

405 702 572 769 omni
604 704 752 768 vita.
795 710 1063 779 Quarum
1091 703 1389 767 virtutum
1420 703 1571 768 satis
1615 701 1691 766 sit
1737 721 1967 783 genera

406 803 536 884 ipsa
567 802 889 885 attigisse,
933 820 1012 864 ne
1038 844 1057 870 ,
1104 803 1156 864 si
1188 796 1478 881 exempla
1509 799 1717 862 omnia
1759 819 1969 881 perse-

404 899 511 982 qui
549 899 777 970 velim,
822 920 984 980 quae
1023 898 1159 979 ipse
1204 897 1402 961 edidit
1444 918 1516 960 ac
1560 902 1699 959 suut
1740 895 1970 959 litteris

402 995 649 1068 tradita,
672 996 877 1073 oratio
907 994 1060 1058 baec
1090 1015 1231 1058 mea
1264 994 1512 1057 modum
1544 994 1839 1065 excedat;
1875 1002 1962 1055 at·

404 1113 530 1175 que
572 1093 637 1156 id
680 1112 872 1159 unum
918 1091 1232 1154 addidisse
1278 1089 1536 1154 sufficiat
1570 1091 1655 1154 ita
1688 1110 1830 1153 eum
1862 1090 1971 1153 flo-

403 1191 608 1254 ruisse
648 1189 711 1251 in
742 1189 911 1253 omni
944 1187 1145 1252 laudis
1188 1197 1252 1251 et
1292 1187 1539 1251 virtutis
1581 1207 1856 1270 genere,
1904 1194 1969 1250 ut

406 1307 595 1351 nemo
624 1286 752 1348 late
778 1294 952 1350 esset
978 1285 1105 1350 illis
1138 1287 1198 1347 in
1231 1284 1617 1369 Regionibus
1638 1325 1657 1355 ,
1688 1284 1871 1367 cujus
1904 1284 1968 1346 in
2022 1334 2023 1337 η

410 1403 519 1448 313
549 1403 671 1447 non
705 1383 804 1467 (a)
835 1403 1128 1465 magnum
1163 1392 1331 1446 esset
1381 1382 1653 1466 Regalati
1696 1401 1970 1457 nomen3

407 1502 629 1564 magna
658 1482 808 1544 item
841 1492 906 1544 et
929 1480 1100 1564 jugis
1139 1481 1480 1544 sanctitatis
1524 1479 1665 1563 ejus
1705 1480 1974 1544 admira·

410 1578 519 1640 tio.
550 1577 825 1641 Tandem
859 1597 1047 1655 quum
1081 1577 1315 1641 instare
1345 1577 1464 1639 sibi
1498 1585 1764 1639 mortem
1798 1595 1972 1656 prae·

408 1673 647 1736 videret
667 1672 1000 1756 Regalatus
1027 1673 1165 1756 (b),
1197 1672 1504 1738 sollicitus
1529 1693 1651 1736 non
1683 1694 1844 1752 quae
1863 1693 1970 1737 sua

408 1776 666 1841 essent,
711 1769 820 1832 sed
864 1788 1028 1848 quae
1057 1775 1206 1832 1333
1238 1768 1508 1843 Christi,
1552 1768 1704 1830 311111
1751 1767 1974 1833 11311311

410 1867 729 1948 antiquius
759 1887 941 1947 quam
973 1865 1341 1929 Ficonedam
1363 1867 1674 1949 Oppidum
1700 1866 1870 1931 adire
1895 1867 1973 1930 ad

410 1970 646 2047 Lupum
681 1963 1082 2034 Salazarium,
1112 1985 1236 2045 quo
1266 1966 1439 2029 socio
1466 1971 1655 2045 atque
1684 1964 1970 2047 adjutore

408 2063 680 2145 impigro
722 2061 1100 2142 assiduoque
1144 2082 1292 2125 usus
1321 2062 1522 2125 fuerat
1567 2063 1631 2123 in
1673 2060 1970 2144 rigidiore

411 2159 520 2223 illa
565 2157 910 2222 invehenda
961 2155 1427 2239 ordinandaque
1476 2156 1846 2239 disciplina;
1894 2156 1971 2220 ad

410 2278 599 2338 quem
643 2264 712 2318 ut
739 2257 906 2318 venit
935 2298 954 2324 ,
1008 2262 1245 2319 Fratres
1273 2253 1380 2326 ei,
1431 2255 1762 2337 ipsumque
1813 2254 1973 2318 adeo

409 2354 764 2420 Institutum
808 2351 1287 2416 custodiendum
1347 2351 1971 2433 propagandumque,

410 2472 486 2516 ex
514 2451 630 2513 hac
668 2448 789 2509 vita
820 2449 1218 2511 discessurus
1263 2468 1444 2528 quam
1492 2447 1971 2531 diligentissime

412 2543 890 2611 commendavit.
919 2543 1107 2624 Cujus
1135 2552 1386 2625 accepta
1417 2543 1543 2630 fide
1565 2586 1587 2614 ,
1630 2543 1785 2605 nibil
1829 2563 1970 2607 eum

412 2662 665 2726 prorsus
715 2638 1136 2722 neglecturum
1189 2659 1400 2701 earum
1455 2660 1708 2711 rerum,
1749 2640 1975 2721 quibus

418 2739 686 2803 maxime
718 2738 909 2799 rebus
931 2736 1161 2799 nedum
1197 2744 1384 2807 stare,
1418 2737 1527 2799 sed
1550 2737 1764 2815 augeri
1784 2737 1973 2800 etiam

415 2833 872 2919 propagarique
903 2840 1118 2913 posset
1160 2853 1316 2897 nova
1349 2851 1421 2895 ea
1454 2832 1688 2914 Regula
1713 2877 1732 2904 ,
1776 2832 1976 2897 laetus

422 2955 488 2999 se
518 2931 851 2995 Tribulnm
886 2932 961 2992 ad
995 2951 1141 2993 suos
1170 2931 1446 3011 recepit,
1480 2932 1584 2992 ubi
1616 2932 1805 2993 rebus
1834 2949 1979 2992 con·

416 3031 684 3101 31113ίὶ3,
717 3026 1097 3109 Aquileriam
1131 3028 1207 3088 ad
1241 3027 1526 3100 alteram,
1558 3048 1716 3108 quae
1750 3027 1809 3087 in
1841 3026 1976 3108 ejus

415 3135 546 3192 erat
575 3126 763 3191 etiam
795 3124 1234 3208 procuratione
1258 3168 1277 3194 ,
1322 3122 1616 3187 familiam
1665 3123 1972 3187 discessit.

413 3227 524 3290 Hic
554 3224 729 3288 annis
760 3223 1048 3302 curisque
1083 3221 1438 3293 consectus,
1468 3243 1608 3285 cum
1641 3222 1972 3284 decumbe·

414 3342 481 3385 re
512 3322 861 3401 coepisset,
894 3321 1356 3401 ingravescente
1392 3327 1519 3381 tum
1555 3319 1778 3383 morbo
1811 3360 1827 3386 ι,
1872 3318 1976 3380 die

415 3419 579 3483 festo
610 3417 1079 3495 Paschaessacra
1105 3421 1307 3480 Coena
1327 3415 1626 3482 resectus,
1657 3415 1978 3479 adstantes

408 3515 663 3579 ‘Fratres
692 3537 760 3575 ac
786 3533 957 3576 suam
989 3512 1187 3575 virem
1220 3513 1557 3585 deflentes,
1576 3510 1805 3574 blande
1836 3531 1976 3574 con·

421 3613 656 3676 solatus
685 3622 819 3682 3315
850 3617 978 3671 tum
1015 3608 1159 3671 illos
1184 3610 1263 3671 ad
1297 3610 1544 3689 pietatis
1578 3608 1852 3671 studium
1888 3616 1975 3670 at-

418 3727 541 3789 que
583 3708 657 3769 ad
691 3727 828 3768 eam
875 3704 1124 3769 fortiter
1166 3707 1523 3787 naviterque
1571 3706 1971 3769 insistendam

417 3824 601 3886 quam
631 3802 897 3886 ingressi
928 3811 1103 3865 erant
1149 3803 1534 3883 asperiorem
1570 3803 1753 3865 vitam
1778 3845 1799 3874 ,
1845 3812 1974 3864 tum

417 3902 494 3966 ad
524 3920 739 3981 pacem
759 3945 776 3968 ,
806 3899 1197 3963 concordiam
1217 3943 1238 3968 ,
1273 3910 1338 3961 et
1364 3898 1727 3962 charitatem
1762 3900 1976 3964 multis

413 4000 623 4063 verbis
654 3996 1082 4079 exemplisque
1114 4006 1212 4059 est
1232 3995 1537 4069 bortatus;
1567 4017 1635 4059 33
1670 3997 1972 4079 postridie

416 4096 554 4180 ejus
599 4095 772 4166 diei,
815 4116 993 4159 sacro
1039 4092 1194 4158 Oleo
1242 4102 1617 4173 perunctus,
1658 4102 1971 4157 terrenam

413 4191 831 4276 fragilemque
870 4193 1061 4253 vitam
1104 4211 1241 4253 cum
1286 4189 1543 4254 caelesti
1598 4198 1970 4271 aeternaque

416 4288 610 4353 altera
637 4287 1039 4352 commutavit
1083 4307 1241 4356 anno
1271 4287 1495 4349 aetatis
1527 4306 1672 4349 suae
1719 4307 1974 4369 sexage-

417 4386 584 4449 simo
627 4395 828 4448 sexto.
876 4381 1193 4462 Divulgata
1237 4383 1372 4465 ejus
1405 4393 1606 4446 morte
1645 4382 1973 4447 confestim

417 4502 679 4565 magnus
718 4501 1057 4545 concursus
1102 4480 1190 4563 (c)
1237 4501 1616 4562 magnusque
1661 4482 1843 4543 fletus
1889 4480 1976 4545 fa-

416 4588 553 4640 ctus
580 4585 677 4639 est
721 4578 996 4640 omnium
1042 4576 1239 4636 omnis
1280 4595 1468 4637 sexus
1512 4576 1743 4639 ordinis
1786 4585 1975 4658 atque

420 4672 643 4736 aetatis
672 4671 1021 4740 hominum,
1041 4672 1146 4751 qui
1180 4671 1496 4733 turmatim
1528 4672 1802 4753 undique
1829 4693 1972 4736 con·

416 4769 696 4832 volantes
752 4767 1015 4831 conferti
1064 4775 1125 4830 et
1170 4768 1382 4848 stipati
1447 4769 1604 4832 circa
1654 4767 1971 4839 loculum,

418 4874 474 4926 et
521 4863 624 4947 (d)
669 4865 1155 4944 procumbentes
1199 4885 1379 4945 supra
1428 4886 1651 4944 corpus
1695 4865 1971 4930 defuncti

418 4979 634 5020 manus
674 4961 994 5039 pedesque
1037 4962 1170 5043 ejus
1213 4958 1480 5023 osculari
1512 4980 1818 5042 nunquam
1871 4982 1976 5024 ex·

418 5054 771 5135 plebarum,
802 5055 1087 5119 dolentes
1109 5056 1376 5122 maxime
1410 5059 1574 5138 quod
1598 5057 1862 5138 amplius
1886 5058 1971 5121 fa-

521 5293 603 5359 (a)
648 5293 738 5342 Ps.
767 5291 855 5342 75.
889 5309 945 5341 υ.
976 5290 1029 5340 2.

519 5378 609 5445 (b)
650 5382 698 5430 1.
736 5380 861 5431 Cor.
889 5395 935 5428 c.
962 5379 1014 5428 7.
1042 5395 1099 5428 v.
1131 5377 1217 5426 33·

519 5466 601 5536 (3)
641 5468 768 5519 Act.
797 5467 884 5518 20.
917 5484 972 5516 v.
1002 5465 1091 5516 37.

2048 702 2239 773 ,ciem
2284 703 2436 784 ejus·
2466 721 2585 765 non
2618 709 2832 765 essent
2860 701 3071 765 visuri.
3117 702 3388 763 Cadaver
3428 708 3640 766 3111331

2078 799 2283 879 ipsum
2315 801 2580 881 primum
2613 798 2828 862 flexile
2857 845 2876 872 ,
2921 810 3051 861 tum
3100 820 3351 861 suavem
3396 818 3648 881 quoque

2082 896 2326 978 spirans
2368 896 2624 959 odorem
2653 898 3013 977 spectac-nlo
3058 896 3175 959 suit
3205 896 3421 978 plures
3464 899 3644 973 dies;

2079 1011 2207 1071 quo
2240 989 2434 1054 ferme
2466 999 2744 1070 tempore
2773 1000 3166 1074 praesentem
3202 1014 3382 1076 opem
3415 1015 3494 1059 ex
3538 1004 3651 1060 Re·

2080 1087 2263 1171 galati
2295 1089 2643 1168 patrocinio
2672 1089 2774 1153 alii
2808 1090 2868 1151 in
2904 1092 3168 1161 morbis,
3199 1100 3262 1153 et
3295 1091 3424 1155 suis
3452 1093 3516 1153 in
3544 1113 3648 1155 an-

2085 1185 2310 1267 gustiis
2339 1184 2442 1247 alii
2471 1186 2659 1250 etiam
2694 1187 2871 1261 multi
2906 1208 3184 1252 sensere.
3210 1194 3285 1251 Ut
3312 1207 3434 1252 non
3456 1190 3537 1253 de
3565 1189 3648 1252 ni-

2083 1281 2210 1345 hilo
2242 1291 2441 1354 esset,
2470 1302 2688 1366 magua
2718 1282 3038 1346 hominum
3073 1282 3426 1364 frequentia
3454 1307 3527 1351 ac
3556 1307 3653 1351 re·

2084 1379 2318 1461 ligione
2340 1380 2734 1461 sepulchrum
2769 1380 2908 1463 ejus
2937 1382 3145 1446 subito
3173 1381 3478 1447 celebrari
3509 1404 3650 1448 coe·

2082 1476 2294 1555 pisse,
2327 1476 2688 1557 cultumque
2721 1477 2811 1538 illi
2846 1478 3116 1543 divinum
3149 1478 3446 1561 deinceps
3493 1502 3652 1546 sem·

2087 1593 2197 1653 per
2226 1572 2419 1637 fuisse
2463 1575 2828 1637 adhibitum.
2874 1577 3071 1641 Venio
3115 1598 3279 1640 nunc
3322 1578 3400 1641 ad
3442 1580 3651 1661 prodi-

2083 1670 2182 1754 gia
2227 1671 2327 1753 (e)
2368 1680 2430 1735 et
2476 1672 2645 1753 signa
2671 1716 2692 1744 ,
2736 1694 2895 1754 quae
2926 1675 3066 1739 data
3100 1684 3237 1738 sunt
3272 1675 3366 1737 illi
3402 1675 3649 1747 facere,

2083 1787 2210 1846 quo
2240 1768 2377 1850 ejus
2408 1777 2470 1831 et
2504 1769 2622 1831 vivi
2652 1779 2712 1833 et
2747 1772 2971 1833 mortui
2997 1772 3282 1835 testatior
3312 1782 3475 1837 esset
3514 1795 3647 1839 san·

2083 1863 2288 1926 ctitas.
2335 1870 2428 1927 Ex
2456 1865 2683 1946 quibus
2712 1873 2921 1930 tamen
2953 1887 3074 1930 non
3104 1868 3394 1949 exempla
3441 1871 3650 1937 omnia

2085 1981 2243 2042 quae
2273 1971 2413 2026 sunt
2447 1964 2735 2026 mandata
2762 1966 3127 2037 memoriae,
3163 1967 3272 2029 sed
3307 1987 3378 2032 33
3410 1967 3644 2032 dumta-

2080 2067 2186 2124 xat
2217 2060 2553 2143 proferam,
2585 2081 2744 2142 quae
2774 2060 3059 2143 legitimo
3089 2072 3388 2144 certoque
3404 2064 3647 2147 judicio

2084 2157 2341 2238 probata
2371 2164 2510 2219 sunt
2544 2155 2728 2239 hujus
2760 2167 3010 2220 sanctae
3029 2159 3206 2221 Sedis
3227 2161 3644 2241 Apostolicae.

2081 2258 2356 2325 Quorum
2405 2251 2558 2314 illud
2601 2253 2910 2335 primum,
2954 2254 3122 2335 quod
3163 2277 3303 2320 cum
3352 2260 3528 2338 panis
3584 2270 3648 2323 et

2083 2349 2360 2411 carnium
2407 2348 2707 2430 reliquias
2738 2373 2771 2414 a
2806 2372 2998 2416 coena
3028 2351 3326 2419 collectas
3369 2356 3648 2439 aliqnan-

2085 2446 2165 2510 do
2207 2445 2481 2508 det'erret
2530 2448 2862 2529 Regalatus
2902 2451 2978 2512 ad
3021 2471 3365 2533 pauperes,
3410 2475 3643 2536 easque

2085 2543 2293 2608 celare
2341 2550 2580 2608 Fratres
2611 2547 2931 2618 studeret,
2977 2549 3079 2629 qui
3114 2549 3298 2630 paulo
3343 2553 3646 2617 morosio-
3735 2538 3752 2548 ⁷

2084 2662 2187 2706 res
2215 2654 2510 2706 venerant
2533 2642 2594 2704 in
2627 2644 3070 2724 suspicionem,
3093 2648 3428 2729 questique
3459 2650 3648 2715 etiam

2086 2747 2287 2809 erant,
2311 2740 2567 2802 modum
2593 2742 2671 2803 ab
2694 2739 2805 2804 illo
2826 2742 2885 2803 in
2908 2742 3234 2824 largiendo
3254 2766 3642 2828 nequaquam

2088 2839 2320 2901 servari
2347 2882 2367 2910 ,
2398 2836 2560 2900 forte
2592 2839 2858 2910 accidit,
2892 2850 2957 2902 31
2988 2841 3337 2906 offenderet
3367 2845 3427 2906 in
3472 2846 3646 2911 Vica-

2090 2937 2256 3014 ι3111111
2307 2935 2651 3016 praesidem
2687 2938 3030 3009 coenobii,
3074 2940 3171 3002 cui
3220 2946 3642 3020 percunctanti

2085 3032 2376 3112 quidnam
2402 3042 2571 3095 esset
2591 3034 2758 3113 quod
2779 3035 2900 3097 sub
2914 3034 3169 3116 palliolo
3189 3046 3484 3119 gestaret,
3503 3060 3644 3104 cum

2086 3127 2283 3193 flores
2313 3149 2457 3192 esse
2499 3131 2968 3211 respondisset,
2993 3129 3224 3217 'jussus
3269 3138 3643 3209 ostendere,

2090 3246 2277 3308 quam
2326 3247 2587 3298 securus
2629 3226 2801 3291 illico
2845 3232 3163 3294 sacculum
3206 3236 3540 3314 produxit,
3582 3238 3646 3299 in

2088 3344 2290 3405 eoque
2340 3344 2512 3388 rosas
2548 3323 2641 3386 1111
2673 3326 2848 3388 311133
2878 3337 2942 3391 31
2975 3350 3316 3410 purpureas
3358 3334 3651 3398 visendas

2089 3429 2153 3484 et
2184 3424 2602 3486 attrectandas
2624 3466 2644 3493 ,
2675 3443 2745 3486 ac
2776 3425 2961 3487 etiam
2994 3427 3249 3507 insuper
3277 3429 3651 3495 auferendas

2087 3518 2391 3598 praebuit.
2438 3518 2616 3591 Quod
2648 3518 2879 3583 factum
2911 3522 3318 3587 vehementer
3361 3525 3647 3592 admirati

2088 3621 2332 3678 Fratres
2388 3616 2702 3689 universi,
2748 3620 2915 3699 quod
2960 3639 3080 3681 non
3128 3620 3286 3685 illud
3329 3632 3458 3687 erat
3505 3626 3646 3687 anni

2090 3720 2334 3792 tempus
2377 3733 2500 3793 quo
2547 3735 2727 3778 rosae
2761 3714 2925 3780 ullae
2953 3727 3051 3781 aut
3087 3716 3276 3782 flores
3317 3741 3460 3785 esse
3505 3742 3646 3803 pos·

2086 3815 2223 3871 sent
2246 3853 2267 3881 ,
2314 3809 2688 3873 destiterunt
2728 3834 2801 3875 ea
2834 3815 2894 3874 in
2925 3835 2991 3877 re
3021 3815 3110 3875 1111
3141 3817 3408 3897 amplius
3454 3820 3648 3883 mole·

2086 3905 2264 3967 stiam
2314 3905 2637 3970 exhibere.
2694 3909 2914 3971 Mirum
2946 3920 3011 3973 et
3037 3911 3193 3973 illud
3228 3913 3413 3975 etiam
3459 3926 3648 3995 atque

2087 4000 2331 4064 illustre
2357 4046 2376 4074 ,
2409 4005 2577 4083 quod
2607 4005 2801 4069 semel
2837 4007 2945 4069 Dei
2976 4008 3283 4073 beneficio
3317 4021 3481 4074 tanta
3514 4012 3649 4077 fue·

2082 4097 2161 4160 rit
2191 4098 2470 4177 agilitate
2492 4142 2512 4170 ,
2543 4110 2610 4162 ut
2639 4100 2972 4166 conficeret
2996 4104 3180 4167 unius
3211 4107 3397 4170 horae
3447 4111 3649 4188 spatio

2084 4192 2287 4256 millia
2315 4213 2606 4273 passuum
2653 4198 3059 4280 quadraginta
3099 4201 3179 4262 ab
3224 4202 3648 4282 Aquileriensi

2084 4291 2161 4353 ad
2191 4291 2605 4353 'tribulanum
2654 4294 3062 4357 coenobium.
3094 4303 3171 4359 At
3199 4296 3354 4360 illud
3387 4319 3509 4363 non
3554 4322 3649 4365 se·

2088 4388 2206 4451 mel
2245 4389 2355 4451 sed
2390 4388 2722 4470 frequens,
2755 4411 2826 4454 33
2856 4412 3047 4472 prope
3078 4394 3279 4457 dicam
3313 4396 3643 4469 familiare,

2087 4494 2548 4566 proptereaque
2595 4489 2792 4570 magis
2835 4490 3203 4555 admirabile
3232 4536 3250 4561 ,
3296 4494 3463 4573 quod
3506 4515 3642 4556 cum

2086 4602 2274 4661 saepe
2325 4583 2729 4665 trajiciendus
2781 4585 2899 4648 sibi
2945 4599 3114 4650 esset
3171 4591 3372 4653 amnis
3413 4592 3645 4655 -Durius

2083 4679 2603 4760 quotiescumque
2634 4679 2711 4743 ad
2738 4702 2880 4746 eum
2909 4686 3277 4754 accederet,
3308 4706 3513 4768 neque
3545 4707 3646 4748 na-

2084 4773 2284 4838 vicula
2318 4786 2485 4839 esset
2518 4779 2576 4837 in
2608 4789 2893 4860 promptu
2926 4803 3046 4861 qua
3080 4785 3505 4862 reciperetur,
3552 4787 3639 4845 ni·

2084 4868 2170 4930 bil
2208 4875 2513 4936 cuctando
2542 4875 2804 4954 pallium
2841 4878 2970 4957 ipse
3004 4880 3123 4940 sibi
3156 4880 3515 4942 detrahebat
3561 4901 3642 4943 ex

2084 4964 2388 5038 humeris,
2414 4973 2866 5053 sternebatque
2892 4975 3064 5038 illico
3094 4997 3279 5057 super
3304 4997 3520 5057 aquas,
3540 4997 3651 5038 en-

2092 5083 2213 5142 que
2247 5064 2530 5130 insrenso
2572 5070 2647 5129 ad
2683 5070 2880 5150 ripam
2907 5070 3167 5132 atteram
3207 5073 3645 5139 transmeabat.

2209 5301 2297 5370 (d)
2337 5303 2467 5356 ibid.
2498 5325 2550 5356 v.
2582 5307 2666 5357 38.

2194 5389 2275 5457 (e)
2315 5395 2488 5460 Apoc.
2520 5410 2562 5443 c.
2597 5396 2641 5443 1.
2673 5413 2725 5446 v.
2758 5396 2808 5447 5.
