4442 6300
956 502 1060 555 ¹62

1932 501 2137 555 ACTA
2178 499 2839 556 CANONuA'rtoms

760 648 1256 710 ALEXANDER
1289 648 1350 709 S.
1391 648 1635 708 uariae
1666 653 1734 708 in
1767 651 1993 726 Aqm'ro
2026 652 2337 710 Diaconus
2448 644 2657 727 copias
2716 644 3171 730 Religiosorum
3226 645 3464 712 suffecit
3492 689 3510 720 ‚
3562 645 3669 729 qui
3720 644 3797 709 ad
3842 665 4010 711 asse-

1182 749 1531 809 Gardt'nalt'e
1578 749 1874 809 ranarius
1894 791 1909 806 .

2450 742 2759 824 quendam
2804 762 3101 808 coronam
3147 742 3385 826 gloriae
3430 744 3750 809 Fidelibus
3780 744 4011 808 ceteris

2447 839 2510 901 in
2568 849 2853 906 extremo
2907 840 3076 905 vitae
3120 840 3462 905 certamine
3508 841 4009 925 periclitantibus

887 935 1263 1004 Beatissimo
1319 918 1536 1004 Pater.
1612 943 1843 1003 Beatus
1898 937 2196 1002 Camillus
2253 938 2333 1003 de
2443 949 2696 1018 praesto
2725 946 2978 1002 essent.
3009 943 3178 1012 Quae
3208 939 3467 1020 quidem
3500 941 3817 1023 praeclara
3860 940 4010 1003 taci-

759 1033 998 1107 tellis,
1043 1035 1200 1099 utin
1232 1043 1469 1100 rectam
1516 1037 1944 1100 mandatorum
1993 1035 2101 1098 Pei
2145 1036 2335 1099 semi-

2445 1053 2596 1097 nora
2629 1054 2770 1098 cum
2804 1042 2862 1099 et
2895 1033 3293 1115 Apostolicae
3322 1035 3508 1101 istius
3537 1045 3785 1101 sanctae
3828 1037 4010 1101 Sedis

753 1140 885 1195 tam
910 1175 931 1206 ‚
964 1154 998 1197 a
1038 1154 1159 1214 qua
1190 1133 1552 1203 deflexerat,
1583 1131 2087 1197 constantissime
2115 1132 2334 1195 amhu·
2435 1129 2717 1214 judicio,
2747 1137 2808 1195 et
2837 1129 3212 1196 clarissimis
3254 1133 3335 1198 de
3379 1131 3570 1197 Caelo
3610 1133 3807 1218 signis
3844 1152 4011 1197 com-

754 1231 955 1305 laret‚
1006 1230 1148 1295 luce
1205 1230 1285 1294 de
1329 1228 1516 1293 Caelo
1558 1228 1720 1293 facta
1745 1273 1767 1303 ‚
1797 1229 1860 1292 in
1890 1226 2329 1293 admirabilem
2441 1231 2698 1309 probata
2727 1229 2855 1312 jam
2888 1227 3163 1299 fixerint,
3192 1240 3261 1294 nt
3289 1231 3545 1295 beatum
3575 1229 3736 1295 hunc
3778 1231 4004 1293 Virum

753 1328 1233 1411 perfectumque
1268 1328 1848 1392 misericordiarum
1889 1325 2085 1389 virum
2131 1336 2334 1390 muta·

2442 1345 2562 1390 non
2595 1327 2798 1390 solum
2830 1326 2911 1391 de
2943 1326 3255 1392 militante
3288 1327 3567 1392 Ecclesia
3589 1371 3610 1402 ‚
3652 1329 3764 1394 sed
3811 1329 4004 1393 etiam

755 1437 857 1491 tus
882 1436 997 1492 est.
1021 1432 1259 1500 Quanta
1290 1444 1441 1490 vero
1474 1424 1774 1505 deinceps
1806 1423 2136 1508 singularis
2166 1423 2329 1489 vitae
2439 1424 2515 1488 de
2544 1426 2970 1509 triumphante
2997 1426 3234 1509 optime
3265 1430 3552 1492 meritum
3574 1426 3735 1490 inter
3753 1439 4004 1492 sanctos

754 1524 1165 1593 sanctimonia
1192 1521 1524 1594 claruerit,
1556 1530 1620 1584 et
1653 1542 1837 1604 quam
1865 1520 2183 1586 luculenta
2213 1520 2327 1583 im-

2436 1521 2587 1588 illos
2628 1525 2810 1588 Cives
2854 1523 3205 1591 Jerusalem
3248 1523 3542 1590 caelestis
3580 1525 3937 1599 adscribat,
3966 1546 4005 1592 a

753 1644 1012 1690 mensae
1060 1620 1386 1688 charitatis
1432 1620 1496 1682 in
1547 1619 1869 1687 Proximos
1911 1625 1976 1682 et
2018 1619 2325 1684 ardentis-
2438 1625 2920 1686 SANCTITATE
2946 1628 3246 1687 VESTRA
3261 1621 3559 1705 precibus
3578 1623 3866 1689 omnibus
3886 1644 4003 1690 oro

752 1724 898 1789 simi
931 1720 1161 1786 amoris
1180 1719 1244 1782 in
1267 1725 1463 1782 Deum
1487 1715 1731 1782 dederit
1756 1716 2133 1782 testimonia:
2162 1722 2323 1780 Tum
2433 1726 2621 1800 atque
2648 1720 2945 1785 obsecro.

753 1842 868 1894 ea,
902 1839 1063 1901 quae
1087 1817 1205 1880 hac
1232 1815 1296 1877 in
1325 1814 1492 1878 Urbe
1513 1856 1535 1886 ‚
1565 1811 1850 1895 alibique
1881 1812 2185 1883 locorum,
2215 1830 2325 1894 pe-

751 1918 1028 1987 stilentia
1073 1912 1442 1997 praesertim
1490 1920 1852 1995 grassante,
1907 1908 2322 1992 hominesque

749 2020 1127 2084 absumente
1167 2010 1306 2092 ipse
1349 2007 1650 2092 perfecitz
1708 2014 1866 2073 Tum
1927 2027 2047 2081 ea,
2089 2026 2254 2090 quae
2283 2026 2318 2071 a

749 2114 949 2183 Sociis
988 2130 1147 2177 nova
1190 2109 1385 2179 etiam
1430 2126 1544 2190 pro
1584 2114 1840 2173 aeterna
1866 2104 2317 2188 aegrotantium

744 2214 990 2285 salute,
1036 2208 1493 2293 Religiosorum
1526 2203 1846 2270 bominum
1877 2203 2313 2287 congregatio·

2458 1915 2950 1980 Doulmctss
2978 1919 3080 1981 SS.
3119 1920 3245 1980 Vin·
3272 1928 3329 1978 et
3366 1920 3631 1980 Modesti
3656 1920 3970 1981 Dureau

2871 2018 3220 2077 cardinatis
3255 2016 3514 2076 Ursinus
3538 2058 3555 2075 .

2554 2206 2923 2272 Beatissimo
2952 2214 3154 2272 Pater.
3178 2205 3501 2272 praeclaro
3530 2205 3825 2271 caelestis
3856 2226 3995 2293 gra·

742 2333 824 2378 ne
868 2310 1155 2373 instituta
1187 2302 1569 2389 perficienda
1611 2307 1895 2375 curavit,
1937 2300 2313 2368 manifestia-
2424 2302 2551 2367 tiae
2610 2304 2844 2369 lumine
2894 2305 3196 2369 Camillus
3239 2304 3412 2369 velut
3462 2305 3622 2370 alter
3663 2303 3884 2369 Saulus
3928 2305 3994 2367 in

746 2410 910 2477 sime
954 2406 1329 2471 ostendunt.
1362 2402 1778 2475 Quamobrem
1812 2419 1951 2463 cum
1985 2400 2191 2464 omnia
2221 2400 2337 2463 di-'

2424 2399 2648 2467 itinere
2681 2400 3029 2485 perculsus,
3058 2423 3140 2466 ex
3164 2420 3312 2467 vase
3342 2402 3475 2466 irae
3504 2402 3566 2464 in
3594 2423 3704 2467 vas
3734 2402 3995 2468 electio·
4043 2460 4058 2475 .

740 2507 1017 2593 ligenter
1046 2509 1299 2587 peracta
1330 2499 1449 2562 sint
1478 2541 1499 2569 .,
1532 2517 1691 2580 quae
1723 2497 1801 2559 nd
1833 2496 2010 2560 illius
2051 2497 2312 2561 Canoni·
2425 2497 2523 2563 nis
2542 2507 2958 2564 commutatus
2988 2508 3109 2571 est,
3140 2509 3206 2565 et
3234 2499 3312 2564 ad
3341 2499 3605 2564 virtutes
3634 2520 3855 2564 omnes
3884 2500 3991 2564 he-

741 2604 1056 2671 zationem
1088 2599 1171 2664 ab
1197 2597 1315 2661 hac
1346 2605 1560 2661 sancta
1592 2596 1752 2659 Sede
1784 2593 2199 2678 postulantur-3
2217 2596 2312 2657 ni·

739 2701 826 2767 hil
873 2698 1043 2765 aliud
1075 2712 1403 2778 superesse
1438 2690 1619 2756 video
1643 2735 1666 2764 ,η
1697 2711 1884 2774 quam
1915 2698 1981 2755 ut
2012 2698 2167 2790 Eum
2201 2711 2308 2754 ve-

739 2794 1079 2865 racissimo
1110 2791 1362 2856 tandem
1411 2793 1907 2853 SANCTlTATlS
1947 2795 2113 2853 TUAE
2159 2795 2307 2852 Ora-

739 2896 884 2963 oulo
913 2900 1276 2958 Sanctorum
1299 2885 1494 2952 Fastis
1516 2886 1894 2969 adscriptum
1914 2905 2305 2951 veneremur.

788 3085 1354 3154 HIERONYMUS
1382 3085 1443 3146 S.
1481 3082 1739 3145 Adriani
1776 3086 2079 3146 macoma
2119 3086 2264 3145 Cor·

1203 3187 1430 3247 diaulia
1473 3188 1542 3246 ds
1585 3184 1808 3244 Bautis
1825 3226 1842 3243 .

864 3388 933 3444 ln
963 3378 1171 3463 primo
1190 3376 1443 3460 quidem
1469 3374 1695 3440 aetatis
1712 3393 1896 3438 cursu
1922 3372 2307 3439 B.Camillus

741 3481 821 3545 de
850 3477 1039 3543 Lellis
1066 3477 1148 3541 de
1179 3475 1279 3538 via
1310 3473 1743 3536 mandatorum
1777 3470 2157 3546 deflexerat3
2193 3470 2303 3534 sed

736 3577 890 3644 satis
909 3576 971 3638 in
993 3585 1274 3657 ternpore
1292 3571 1388 3655 (a)
1408 3568 1911 3634 misericordiam
1941 3587 2113 3631 suam
2133 3575 2300 3632 Deus

741 3695 932 3757 super
978 3673 1159 3736 illum
1205 3668 1422 3733 effudit
1450 3711 1470 3740 ,
1513 3667 1617 3750 (b)
1658 3675 1727 3729 ut
1770 3672 2090 3730 anteactae
2132 3665 2298 3729 vitae

735 3791 932 3837 annos
956 3769 1019 3832 in
1042 3765 1462 3832 amaritudine
1485 3765 1732 3827 animae
1751 3763 2147 3846 recogitaret;
2165 3762 2298 3848 jam

735 3871 885 3934 inde
915 3876 1127 3933 autem
1161 3873 1369 3927 tantos
1404 3864 1465 3925 in
1492 3861 1762 3928 heroicis
1788 3860 2130 3928 virtutihus
2160 3881 2301 3943 pro·

734 3986 988 4052 gressus
1015 3962 1185 4033 fecit,
1217 3969 1281 4026 ut
1316 3961 1411 4044 (c)
1438 3960 1633 4024 veteri
1667 3959 1921 4023 homin'e
1951 3959 2293 4023 secundum

597 4129 608 4142 ,
733 4063 1062 4151 pristinam
1095 4059 1635 4127 conversationem
1670 4056 1960 4141 deposito
1983 4098 2004 4129 ‚
2063 4077 2290 4122 novum

727 4165 913 4248 plane
967 4159 1028 4222 in
1080 4158 1325 4245 justitia
1378 4164 1443 4221 et
1489 4156 1816 4221 sanctitate
1866 4152 2153 4221 veritatis
2201 4158 2293 4220 in·

729 4260 971 4324 dueret.

861 4363 950 4420 Ex
983 4373 1102 4438 qua
1136 4353 1389 4437 quidem
1426 4350 1528 4436 (d)
1556 4351 1852 4415 dexterae
1881 4349 2132 4414 Excelsi
2162 4369 2296 4414 mu-

728 4456 966 4521 tatione
998 4497 1020 4528 ,
1062 4473 1201 4519 cum
1251 4450 1483 4516 multos
1510 4449 1674 4532 cepit
1705 4447 1979 4512 Ecclesia
2008 4447 2255 4514 fructus
2276 4494 2297 4524 ‚

728 4552 892 4619 hunc
920 4552 983 4615 in
1018 4548 1234 4636 primis
1257 4594 1277 4623 ‚
1311 4548 1474 4629 quod
1508 4567 1584 4610 eo
1614 4543 1873 4610 authore
1906 4545 2076 4609 Ordo
2105 4545 2298 4610 Cleri-

733 4673 947 4717 rorum
995 4646 1473 4715 ministrantium
1524 4642 1791 4707 infirmis
1835 4642 2158 4708 extiterit.
2206 4645 2298 4711 Ad

730 4771 870 4814 eam
901 4749 1015 4813 ille
1047 4769 1176 4812 rem
1213 4741 1585 4810 sanctissimi
1618 4740 1884 4826 Philippi
1929 4742 2099 4806 Nerii
2143 4748 2301 4806 Con·

726 4847 979 4911 fessarii
1026 4844 1120 4908 sui
1163 4840 1445 4907 consiliis
1499 4860 1648 4904 usus
1691 4840 2068 4922 plurimum,
2097 4841 2296 4904 immo

732 4952 799 5009 et
842 4940 1070 5007 Christi
1101 4938 1346 5002 Domini
1382 4936 1580 5020 ipsius
1624 4936 1722 5020 (e)
1768 4936 1927 5001 facie
1957 4937 2037 5001 ad
2066 4934 2295 5001 faciem

726 5039 1047 5124 loquentis
1089 5057 1240 5101 voce
1284 5033 1634 5107 excitatus,
1666 5033 2072 5102 subsidiarias
2117 5033 2297 5118 quasi

831 5251 917 5321 (a)
945 5249 1158 5306 Echesz
1201 5248 1285 5300 18.

834 5339 925 5407 (b)
958 5341 1061 5391 Isa.
1094 5338 1179 5388 38.

831 5427 916 5498 (c)
948 5424 1149 5494 Ephe-s.
1183 5423 1232 5474 4.

2420 2597 2590 2662 roice
2618 2600 2934 2663 excitatus
2953 2641 2973 2672 ‚
3003 2597 3448 2663 ardentissimo
3477 2597 3849 2679 praesertim
3884 2598 3991 2662 fla·

2420 2694 2624 2778 gravit
2650 2716 2865 2762 amore
2909 2697 2974 2759 in
3020 2702 3217 2761 Deum
3261 2703 3327 2759 et
3371 2696 3728 2760 Proximum
3760 2716 3987 2774 suum,

2419 2793 2495 2855 ad
2529 2794 2708 2878 cujus
2735 2813 3076 2875 perennem
3107 2801 3604 2876 perpetuamque
3645 2791 3985 2858 utilitatem

2421 2889 2634 2954 divino
2677 2890 2865 2973 plane
2906 2890 3175 2957 oonsilio
3205 2888 3483 2955 Clericus
3513 2890 3857 2973 Regulares
3884 2899 3978 2956 ln-

2421 2986 2618 3053 tirmis
2677 2988 3103 3054 ministrantes
3161 2989 3469 3053 instituit:
3519 2994 3713 3063 Quam
3755 2982 3987 3055 charus

2418 3084 2830 3160 Hominibus,
2862 3085 3115 3170 Angelis
3143 3084 3299 3169 ipsis
3333 3083 3726 3151 admirabilis
3747 3129 3770 3162 ‚
3799 3092 3863 3151 et
3892 3086 3986 3150 di·

2420 3182 2621 3248 lectus
2653 3190 2782 3252 Deo
2812 3183 3002 3249 fuerit
3029 3182 3366 3257 Camillus,
3410 3184 3736 3247 innumera
3783 3182 3985 3248 fermo

2418 3280 2702 3364 prodigia
2725 3282 2803 3345 ab
2825 3281 2964 3364 ipso
2994 3287 3234 3365 patrata
3266 3280 3635 3364 plenissime
3665 3283 3984 3346 obtestan-

2415 3384 2557 3442 tur:
2591 3387 2794 3454 Quare
2821 3379 3051 3443 merito
3080 3378 3243 3443 inter
3269 3379 3533 3442 Caelites
3566 3378 3984 3443 numerandus

2415 3484 2514 3539 est
2554 3474 2632 3541 ad
2676 3474 2943 3559 gloriam
2990 3473 3434 3558 triumphantis
3461 3474 3783 3543 Ecclesiae
3814 3474 3981 3538 mili·

2414 3572 2729 3657 tantisque
2758 3572 3138 3655 praesidium
3162 3616 3180 3635 .

2413 3771 2907 3834 HUNDILLUS
2945 3773 3207 3832 vnisse
3237 3771 3605 3833 Patr-teretes
3634 3772 3981 3832 Constanti-

2815 3872 3218 3944 nopolitanae
3242 3868 3571 3944 dameam.

2534 4060 2911 4127 Beatissime
2953 4068 3177 4136 Pater.
3234 4067 3592 4127 Innumeras
3634 4078 3866 4142 easque
3907 4080 3974 4129 o·

2411 4177 2599 4223 mnes
2620 4158 2908 4223 heroicas
2938 4159 3106 4224 beati
3138 4156 3382 4220 Camilli
3411 4157 3710 4228 virtutes,
3745 4155 3975 4238 quibus

2408 4265 2690 4340 Regnum
2723 4257 2833 4322 Dei
2870 4256 3199 4337 possidere
3222 4255 3475 4326 meruit,
3498 4254 3771 4317 libenter
3796 4272 3975 4335 prae-

2411 4353 2655 4417 teribo.
2700 4353 2864 4418 Illud
2906 4361 3151 4418 tantum
3196 4352 3443 4426 dicam
3485 4351 3801 4417 neminem
3849 4348 3976 4412 for-

2409 4459 2576 4515 tasse
2606 4451 2889 4533 reperiri
2922 4470 3107 4531 posse
3134 4493 3156 4523 ‚
3187 4450 3294 4531 qui
3322 4468 3465 4514 cum
3496 4446 3739 4511 venerit
3780 4446 3972 4515 Filius

2409 4547 2681 4614 bominis
2710 4548 2775 4611 in
2805 4549 2957 4613 sede
3002 4547 3351 4632 majestatis
3391 4564 3582 4618 snae,
3625 4546 3816 4611 verba
3859 4545 3970 4610 illa

2406 4645 2635 4727 potiori
2679 4646 2822 4730 jure
2867 4644 3188 4711 auditurus
3230 4645 3349 4710 sit:
3404 4649 3610 4710 Venite
3660 4646 3974 4707 Benedicti

2412 4748 2620 4807 Patris
2646 4748 2770 4806 mei
2784 4788 2804 4817 ,
2828 4748 3128 4819 possidete
3152 4755 3437 4819 paratum
3478 4745 3651 4805 vobis
3697 4744 3964 4817 Boanum

2411 4861 2450 4905 a
2480 4845 2914 4904 constitutions
2946 4842 3204 4911 Mundu-
3236 4843 3456 4901 esurivi
3499 4841 3658 4900 enim
3698 4847 3759 4900 ct
3799 4842 3966 4899 deda·-

2406 4944 2519 5000 m‘s
2563 4942 2715 4999 milui
2759 4942 3128 5000 mamea-0
3150 4956 3179 5007 ς
3225 4938 3398 4997 sitivi
3442 4945 3500 4997 st
3540 4935 3787 4995 dedistis
3815 4937 3969 4995 mihi

2405 5039 2602 5100 bibere
2628 5055 2652 5106 3
2683 5038 2899 5112 hospes
2940 5050 3102 5096 oram
3144 5044 3201 5096 st
3244 5033 3569 5110 collectatio
3597 5048 3687 5093 ms
3712 5050 3737 5102 3
3768 5035 3964 5096 udus

2506 5243 2600 5313 (d)
2627 5243 2780 5297 Psat.
2807 5241 2900 5295 vs.

2513 5332 2596 5402 (e)
2623 5330 2812 5385 Eaeoa.
2842 5330 2933 5382 aa,
