4442 6300
1501 500 1850 569 Quinem
1890 497 2358 591 ammonens
2403 501 2565 551 arc.
3386 499 3451 552 st

397 659 565 726 ulte
588 658 722 722 ictu
755 653 923 720 male
952 652 1266 725 affectam,
1297 668 1411 712 r-ec
1440 655 1650 715 tanen
1680 646 1967 725 meite-
2080 655 2214 717 τοι,
2260 642 2492 711 victum
2537 664 2650 726 pro
2693 641 2832 706 illia*
2867 642 3286 723 eruditam,
3326 648 3642 709 animaret

397 757 653 829 Etenim
702 765 827 827 tam
873 753 1003 817 alte
1046 748 1291 815 sublata
1334 753 1472 809 erat
1515 745 1576 808 in
1622 752 1859 816 Deum,
1903 750 1969 809 ut
2080 745 2305 809 iisdem
2338 742 3097 813 distribuet-eunomiam
3128 762 3416 813 vacuum,
3447 763 3638 823 quum

397 858 501 918 vix
548 853 827 935 denique
873 872 943 915 se
986 847 1109 911 levi
1142 846 1370 929 capitis
1416 843 1637 906 dolore
1686 841 1973 905 laborm
2081 843 2465 909 nonasteri-
2495 846 2815 925 praeerat,
2848 839 3076 903 dimitti
3104 841 3403 922 juberetg
3431 839 3642 923 vulga.

400 951 721 1025 senserit,
761 969 905 1013 curn
940 946 1115 1011 illinc
1144 945 1213 1009 tn
1238 942 1585 1033 {iceles-iam
1614 936 1845 1031 fuisset
1871 936 1979 1001 de·
2090 940 2182 1004 ria
2204 948 2345 1004 sunt
2379 940 2630 1021 pietatis
2660 941 3050 1003 documenta.
3071 939 3245 1011 Quod
3271 937 3553 1001 Patribus
3581 945 3641 1001 S.

404 1049 559 1115 lata.
589 1048 827 1123 Quibus
857 1055 1063 1107 tamen
1094 1042 1172 1105 de
1202 1036 1395 1104 rebus
1422 1058 1543 1104 non
1577 1046 1677 1101 est
1702 1054 1813 1109 cur
1845 1055 1974 1099 ma·
2088 1039 2394 1102 Dominici
2425 1038 2736 1102 Pratensis
2760 1036 2862 1100 vel
2891 1036 3174 1101 omnibus
3195 1079 3215 1109 ,
3255 1036 3350 1099 vel
3381 1035 3654 1119 siegfiia

406 1162 689 1230 gnopere
717 1144 1209 1211 miremurvcum
1243 1136 1327 1200 d&
1354 1138 1673 1223 lnqfifsuo
1702 1151 1812 1215 per
1838 1139 1980 1196 ecto
2091 1139 2491 1207 subveniret,
2534 1135 2796 1198 infirmis
2823 1135 3151 1213 Sororibus
3178 1145 3426 1216 praesto
3453 1144 3650 1209 esset,

406 1251 474 1308 et
499 1241 725 1325 viginti
754 1241 938 1303 horas
967 1236 1254 1300 assiduas
1283 1230 1565 1315 qualibet
1590 1230 1982 1305 hebdomada
2091 1234 2280 1299 flexis
2294 1236 2558 1319 genibus
2578 1235 2756 1299 cibos
2785 1234 2939 1314 ipsis
2970 1232 3372 1307 ministraret,
3404 1254 3523 1298 non
3545 1235 3654 1299 ad-

410 1343 561 1405 nixa
602 1339 875 1423 genibus
919 1355 1104 1398 orans
1148 1338 1459 1415 perstaret
1488 1350 1625 1401 „ac
1669 1349 1855 1412 porro
1898 1329 1986 1407 ita
2099 1334 2353 1409 modum
2395 1333 2948 1399 mirumvidetur.
2992 1332 3167 1406 Quod
3210 1331 3399 1395 etiam
3453 1332 3656 1398 somni

420 1439 719 1505 sensibus
747 1441 980 1503 amota,
1006 1439 1076 1493 ut
1106 1431 1312 1509 divina
1340 1435 1632 1492 movente
1661 1427 1987 1508 vizssepis-
2099 1432 2459 1513 quietisque
2491 1430 2739 1513 jactura
2769 1448 2992 1512 aegrae
3022 1429 3382 1493 monialium
3424 1429 3660 1495 valetu-

418 1536 584 1601 sime
617 1531 861 1597 sublata
892 1529 1035 1593 solo
1075 1527 1397 1611 singulare
1428 1527 1522 1590 sui
1551 1525 1879 1619 exhiberet
1918 1545 1992 1590 ao
2102 1528 2234 1593 dini
2267 1549 2428 1591 nunc
2458 1527 2726 1592 lectulos
2753 1535 3066 1598 sternens,
3097 1546 3255 1592 nunc
3284 1529 3461 1592 cibos
3489 1547 3662 1609 prae·

423 1630 720 1705 mirabile
749 1636 1110 1713 portentum
1149 1654 1172 1680 ·
2102 1645 2326 1709 parans
2356 1626 2620 1691 serviret
2640 1671 2658 1699 ,
2698 1625 2863 1706 quod
2893 1643 3103 1688 earum
3133 1625 3329 1706 pedes
3356 1627 3475 1691 etsi
3521 1626 3663 1691 labe

559 1757 582 1782 ·
632 1728 876 1795 Utinam
932 1724 1177 1789 veroid
1208 1721 1418 1786 facere
1438 1719 1569 1791 sibi
1619 1737 1881 1802 semper
1919 1717 1996 1781 li-
2034 1750 2041 1755 ·
2105 1723 2370 1789 infectos
2399 1723 2664 1788 suismet
2704 1723 2990 1786 manibus
3019 1722 3343 1796 ablueret,
3388 1724 3666 1790 ablutos·

428 1826 704 1899 cuissrt,
737 1832 801 1888 et
830 1820 1080 1888 assidua
1117 1841 1325 1884 rerum
1358 1819 1707 1882 divinarum
1739 1818 2001 1885 medita·
2108 1843 2233 1905 que
2261 1822 2683 1894 oscularetur,
2711 1821 2877 1903 quod
2908 1820 3117 1884 ulcera
3147 1821 3309 1902 putri
3338 1823 3510 1887 sanie
3543 1844 3668 1888 ma·

426 1925 600 1990 tione
639 1922 873 1987 versari
905 1925 921 1983 l
969 1930 1183 1986 coacta
1214 1926 1313 1983 est
1342 1918 1460 1981 sibi
1491 1925 1883 2000 temperare,
1924 1925 2003 1982 nt

436 2021 742 2085 Coenohii
787 2019 989 2101 quieti
1021 2016 1402 2080 consuleret.
1436 2022 1525 2091 Eo
1554 2015 1783 2096 quippe
1810 2059 1831 2087 ,
1875 2034 2001 2095 quo

437 2119 712 2181 nondum
736 2116 1024 2181 clausura
1046 2115 1263 2179 aditus
1282 2108 1749 2196 prohibebatur,
1766 2114 1852 2177 ita
1883 2112 2003 2175 fre-

430 2238 633 2299 quens
661 2216 1016 2279 confluebat
1044 2213 1323 2292 undique
1354 2211 1644 2293 populus,
1674 2221 1743 2275 ut
1773 2213 2005 2275 Monia-

436 2314 535 2380 les
578 2334 823 2392 summa
854 2310 1149 2391 molestia
1180 2309 1589 2375 afficerentur.
1621 2315 1822 2382 Quare
1854 2307 2005 2373 dile·

321 2433 325 2437 ·
434 2417 603 2476 ctum
647 2409 769 2473 sihi
803 2415 1112 2490 Sponsum
1149 2426 1367 2495 rogare
1390 2406 1564 2487 jussa
1596 2415 1728 2477 est,
1776 2425 1856 2469 ne
1899 2406 2008 2469 hu-

429 2506 707 2591 jusmodi
731 2515 1011 2568 ecstases
1031 2502 1500 2567 incommodum
1524 2509 1816 2567 Sororum
1836 2502 2009 2583 quie-

437 2606 484 2667 ti
513 2606 928 2686 imponantes
957 2600 1252 2681 deinceps
1281 2600 1672 2682 elargiretur.
1705 2605 1883 2663 Facta
1910 2609 2011 2664 est

440 2702 693 2786 quidem
728 2700 835 2765 illa
866 2701 963 2764 sui
989 2697 1112 2763 voti
1145 2718 1439 2779 compos,
1478 2712 1609 2763 'non
1641 2698 1724 2761 ita
1758 2707 2008 2772 tamen,

439 2806 510 2860 ut
532 2796 847 2876 charitate
876 2794 1185 2875 diminuta
1218 2795 1296 2856 ab
1327 2793 1466 2874 ipso
1494 2793 1744 2856 deserta
1768 2814 2012 2861 aresce·

430 2901 542 2959 Tet
567 2938 586 2969 ,
614 2895 713 2959 vel
740 2891 1200 2977 jucundissimo
1231 2891 1515 2974 ejusdem
1544 2900 1800 2972 aspectu
1836 2912 2010 2955 care·

448 3000 585 3065 ret,
616 2992 768 3073 quin
802 2989 1012 3083 potius
1057 2988 1117 3048 in
1162 2990 1351 3052 corde
1398 3009 1509 3051 suo
1553 2988 1781 3051 ardens
1825 2988 2009 3051 vehe-

448 3090 751 3181 mentius,
772 3087 1132 3169 quominus
1163 3085 1452 3160 solemni,
1485 3106 1563 3151 eo
1593 3087 1845 3151 arctiori
1877 3085 2015 3150 dul-

450 3186 728 3267 ciorique
750 3183 1035 3264 alloquio
1059 3181 1406 3246 fruebatur.
1437 3189 1822 3264 Quapropter
1852 3205 2012 3266 quae

452 3290 782 3348 senensem
816 3281 1255 3354 catharinam
1238 3300 1302 3343 in
1336 3301 1485 3348 suae
1518 3282 1741 3344 mentis
1784 3280 2016 3345 aliena·

457 3381 741 3446 tionibus
778 3379 1127 3451 referebat,
1170 3380 1429 3465 eandem
1454 3400 1724 3461 ¹quoqne
1766 3399 2018 3461 expres·

457 3478 533 3541 sit
562 3478 797 3552 ceteris
824 3476 1165 3559 privilegiis
1210 3476 1700 3557 muneribusque
1729 3476 1805 3542 de
1840 3476 2017 3541 caelo

456 3574 1050 3657 praestantissimis,
1094 3573 1323 3654 quihus
1364 3573 1559 3655 ipsam
1594 3593 1628 3635 a
1659 3573 2017 3640 dulcissimo

442 3677 601 3738 ‘lesu
630 3671 819 3755 „large
851 3672 1146 3740 donatam
1186 3669 1381 3734 fuisse
1412 3670 1790 3752 accepimus.
1838 3668 2021 3735 Tule-

457 3778 553 3832 rat
579 3767 689 3832 illa
724 3769 785 3829 in
812 3789 1077 3851 corpore
1111 3789 1227 3832 suo
1255 3768 1487 3830 Christi
1523 3767 1832 3849 stigmata3
1861 3768 2016 3833 haec

459 3865 599 3930 tulit
630 3876 845 3929 nostra
873 3865 1097 3949 Virgo.
1142 3871 1327 3928 Passa
1356 3862 1558 3930 luerat
1590 3865 1697 3929 illa
1736 3866 2015 3947 spineam

456 3963 519 4024 in
552 3964 755 4045 capite
786 3968 1129 4053 Coronam,
1174 3962 1357 4045 hujus
1388 3984 1638 4044 quoque
1666 3972 1848 4043 caput
1878 3963 2013 4044 spi·

456 4079 572 4125 nae
601 4061 1049 4144 perfoderunt,
1079 4059 1307 4130 adeout
1336 4082 1545 4141 parem
1579 4071 1917 4142 utramque
1954 4060 2017 4122 in

466 4160 759 4222 omnihus
789 4158 1006 4224 feeerit
1036 4165 1243 4231 Jesus,
1274 4160 1498 4240 quippe
1533 4169 1864 4240 utramque
1893 4159 2014 4221 sibi

453 4253 749 4320 dilectam
774 4254 1113 4340 delegerat,
1144 4268 1472 4338 utramque
1505 4256 1734 4334 annulo
1754 4257 2019 4335 despon-

460 4363 643 4418 sarat.
673 4359 845 4427 Quae
873 4376 1013 4419 cum
1048 4355 1132 4416 ita
1165 4356 1311 4427 siut,
1333 4355 1483 4421 satis
1514 4353 1751 4434 liquido
1781 4364 2021 4442 consta·

458 4453 1128 4534 re-arbittor,..quanta
1160 4455 1220 4514 in
1255 4460 1445 4516 Deum
1476 4450 1775 4515 charitate
1803 4452 2016 4533 flagra·

460 4561 561 4614 ret
590 4557 657 4642 ξ.
686 4549 1038 4621 catharina,
1070 4571 1257 4632 quam
1289 4550 1351 4612 in
1387 4572 1464 4614 eo
1494 4557 1557 4612 et
1600 4549 1833 4616 vixisse
1873 4550 2024 4611 lide·

455 4646 621 4720 liter,
653 4655 716 4712 et
748 4646 1049 4722 mansisse
1082 4656 1440 4712 constanter
1466 4647 1670 4711 carnis
1696 4647 2024 4711 desideriis

460 4751 712 4826 prorsus
740 4751 1041 4808 semotam
1078 4746 1258 4827 plane
1290 4745 1724 4827 intelligimus.
1765 4772 1787 4799 ι

593 4869 614 4896 ·
656 4842 775 4905 Sed
808 4845 1099 4925 quoniam
1130 4844 1405 4928 (Auctor
1424 4832 1810 4926 Apostolus)
1832 4842 2029 4926 pleni-

465 4939 616 5003 tudo
646 4938 809 5022 legis
838 4948 938 5003 est
977 4941 1241 5004 Proximi
1275 4939 1574 5012 dilectio,
1620 4949 1688 5002 ut
1731 4940 1834 5020 qui
1883 4961 2024 5004 eum

463 5035 663 5118 diligit
688 5081 707 5107 ,
740 5032 985 5118 penitus
1014 5036 1571 5119 legem‘implerit3
1613 5036 1841 5100 iccirco
1885 5056 2027 5102 num

467 5140 628 5196 tanta
658 5135 871 5219 Virgo,
902 5156 1087 5216 quam
1121 5136 1275 5202 satis
1301 5156 1411 5217 pro
1441 5135 1753 5218 dignitate
1775 5134 2030 5199 laudare

468 5250 588 5294 non
616 5252 992 5313 possumus,
1039 5232 1099 5293 id
1131 5252 1424 5312 quoque,
1456 5247 1579 5312 qua
1610 5250 1718 5312 par
1760 5240 1897 5304 est,
1940 5251 2032 5294 ra·

470 5328 638 5394 tione
667 5329 1079 5410 praestiterit,
1113 5328 1386 5392 breviter
1410 5314 1905 5393 consideremus·
1942 5335 2030 5392 Ac

467 5425 750 5508 profecto
773 5471 806 5506 ,
825 5425 988 5509 qued
1019 5446 1325 5508 pauperes
1354 5425 1521 5489 omni
1550 5446 1668 5509 ope
1715 5433 2021 5489 sustenta-

795 5549 1006 5592 anrsn.
1048 5551 1165 5590 xiv.
1208 5551 1357 5591 rom.
1397 5541 1525 5590 VH.

2112 1919 2320 1982 nantia
2351 1920 2618 2001 quadam
2651 1939 2789 1982 cum
2835 1917 3154 2000 voluptate
3196 1927 3531 1993 tractaret·
3575 1940 3669 1985 ra-

2114 2038 2252 2080 rum
2278 2016 2535 2099 quidem
2572 2016 2822 2099 pietatis
2845 2016 3368 2100 genusexistimo.
3399 2016 3558 2080 Illud
3584 2028 3696 2082 ta·

2113 2136 2256 2180 men
2289 2135 2512 2179 novum
2547 2123 2732 2196 atque
2763 2113 3132 2187 inauditum,
3158 2115 3320 2195 quod
3352 2124 3550 2180 semet
3580 2117 3672 2199 ip

2114 2232 2246 2277 sam
2282 2211 2548 2275 hostiam
2582 2218 2714 2274 Deo
2743 2212 2971 2275 otl'erre
3004 2229 3115 2292 pro
3142 2211 3480 2275 animarum
3513 2211 3674 2276 salu·

2117 2318 2180 2375 te
2210 2329 2332 2373 non
2366 2309 2729 2382 dubitaret,
2758 2308 2926 2391 quod
2956 2307 3452 2372 ferventissimas
3481 2311 3679 2372 effun-

2118 2409 2298 2473 deret
2355 2408 2474 2489 ipsi
2523 2426 2780 2488 preces,
2824 2425 2900 2468 ne
2942 2414 3305 2487 peccatores
3345 2427 3488 2470 cum
3531 2407 3679 2472 labe

2116 2505 2399 2569 criminis
2442 2504 2752 2568 decedere
2795 2510 3161 2584 pateretur,
3204 2505 3371 2585 quod
3416 2524 3559 2568 cum
3602 2524 3680 2570 eo

2121 2603 2390 2684 denique
2413 2648 2434 2677 ,
2461 2611 2530 2665 ut
2562 2603 2648 2664 ita
2678 2601 2878 2666 dicam
2903 2644 2923 2673 ,
2954 2602 3376 2682 pacisceretur
3400 2622 3469 2666 se
3512 2600 3680 2667 ultro

2122 2721 2354 2782 poenas
2385 2701 2676 2771 laturam,
2697 2720 2853 2782 qiias
2879 2700 3161 2781 ejusdem
3192 2699 3578 2781 justitiapro
3607 2699 3683 2762 il·
3761 2776 3764 2781 Ι

2123 2797 2332 2865 lorum
2362 2798 2714 2879 expiatione
2744 2798 3079 2861 statuisset.
3109 2802 3238 2871 Qua
3270 2796 3523 2880 quidem
3554 2799 3684 2862 exi-

2119 2897 2243 2959 mia
2266 2897 2567 2960 charitate
2589 2894 2910 2977 complexa
2932 2904 3029 2958 est
3049 2895 3288 2958 animas
3309 2915 3527 2960 omnes
3545 2898 3686 2959 ubi·

2123 3016 2246 3077 que
2280 3005 2581 3059 terrarum
2617 3003 2683 3056 et
2713 2992 2994 3057 locorum
3039 3014 3119 3057 ex
3162 2992 3276 3056 hac
3316 2994 3443 3056 vita
3489 2994 3686 3058 demi·

2123 3103 2375 3177 grantes
2405 3092 2534 3156 sive
2551 3091 3031 3155 naereticorum
3057 3133 3078 3164 ,
3121 3091 3253 3155 sive
3295 3090 3640 3157 infidelium
3661 3134 3684 3165 ,

2124 3189 2353 3254 nedum
2384 3185 2872 3261 catholicorum
2899 3196 2968 3249 ut
2998 3188 3321 3251 anathema
3349 3207 3461 3270 pro
3490 3189 3688 3253 omni·

2127 3289 2247 3351 bus
2274 3286 2412 3350 lieri
2447 3285 2861 3348 libentissime
2893 3283 3116 3356 vellet,
3148 3305 3259 3366 pro
3291 3286 3583 3352 omnibus
3611 3285 3686 3347 li⁴

2126 3385 2494 3449 hentiss³me
2517 3382 2802 3464 ‘quodvis
2833 3384 3047 3447 subire
3077 3383 3468 3463 supplicium.
3513 3383 3686 3446 Adeo

2129 3482 2377 3547 scilicet
2426 3480 2694 3545 Proximi
2748 3497 2965 3543 amore
3011 3481 3479 3552 concitabatur,
3530 3479 3688 3544 adeo

2127 3587 2260 3666 erat
2299 3579 2378 3642 de
2423 3579 2621 3660 ipsius
2666 3577 2864 3642 salute
2889 3575 3216 3648 -sollicita,
3260 3577 3419 3640 adeo
3445 3577 3524 3639 de
3553 3577 3688 3636 nni·

2128 3676 2290 3741 versi
2320 3676 2568 3738 humani
2602 3675 2848 3759 generis
2874 3675 3083 3738 futura
3115 3675 3176 3737 in
3205 3672 3401 3738 caelis
3426 3674 3686 3738 beatita-

2126 3781 2190 3838 le
2222 3773 2560 3854 cogllabal.
2599 3802 2622 3828 ο

2266 3900 2290 3924 ·
2323 3872 2478 3933 Hinc
2501 3914 2520 3942 ,
2566 3877 2637 3934 ut
2665 3871 2741 3934 ad
2789 3869 3126 3953 singularia
3173 3869 3494 3934 deneniam
3521 3912 3542 3941 ,
3583 3871 3694 3940 vix

2129 3968 2254 4030 diri
2285 3976 2489 4049 potest
2521 3977 2747 4050 quanta
2776 3967 2991 4032 fecerit
3017 4012 3039 4041 ,
3072 3978 3299 4051 quanta
3330 3967 3579 4040 tulerit,
3623 3978 3694 4033 ut

2129 4065 2409 4130 nonnulli
2440 4066 2758 4129 hominum
2789 4066 3190 4147 perditissimi
3225 4065 3300 4131 ad
3330 4072 3525 4128 Deum
3547 4083 3693 4128 con-

2127 4171 2538 4233 verterentur,
2569 4162 2826 4244 orcique
2853 4161 3139 4225 faucibus
3167 4163 3580 4244 eriperentur.
3604 4163 3693 4223 Ex

2131 4259 2248 4323 hoc
2280 4279 2538 4324 numero
2584 4259 2691 4321 ille
2724 4259 2928 4342 largas
2959 4268 3215 4342 propter
3241 4257 3693 4343 ‚eleemosynas

2130 4359 2362 4444 optime
2407 4358 2487 4421 de
2536 4364 2593 4421 S.
2646 4357 2952 4421 vincentii
3005 4357 3325 4436 Coenobio
3387 4357 3648 4419 meritus
3670 4399 3692 4427 ,

2133 4476 2318 4536 quem
2353 4455 2415 4516 in
2443 4454 2724 4517 tenebris
2738 4454 3136 4534 pervicaciter
3164 4448 3583 4516 ambulantem
3616 4452 3693 4514 ad

2132 4574 2344 4616 veram
2376 4554 2539 4615 vitae
2565 4551 2769 4615 lucem
2805 4552 3139 4623 revocavit,
3166 4551 3549 4637 deduxitque
3565 4570 3696 4612 mo-

2135 4651 2399 4713 rientem
2423 4650 2498 4714 ad
2530 4648 2768 4731 gloriae
2797 4668 3110 4713 coronam.
3137 4654 3223 4709 Ex
3245 4647 3361 4709 hoc
3380 4647 3691 4714 latronum

2140 4746 2918 4827 quidminfestissimus,
2961 4747 3067 4827 qui
3102 4746 3175 4806 ad
3223 4743 3510 4808 ultimum
3556 4762 3699 4822 sup·

2135 4842 2386 4923 plicium
2432 4844 2707 4925 petitus,
2751 4861 2864 4924 spe
2919 4841 3091 4905 muni
3137 4849 3426 4903 aeternae
3478 4839 3695 4903 salutis

2140 4941 2384 5023 abjecta
2405 4983 2426 5012 ‚
2464 4941 2590 5023 jam
2619 4939 2749 5022 jam
2779 4940 2843 5000 in
2875 4959 3096 5003 manns
3138 4935 3388 5003 diaboli
3412 4936 3700 5000 tradeba-

2142 5045 2282 5109 tur,
2317 5038 2561 5118 -quiqne
2603 5046 2810 5101 tamen
2843 5029 3206 5100 Catharinae
3248 5054 3435 5116 opera
3481 5033 3699 5114 resipi-

2098 5181 2107 5190 ι
2142 5136 2296 5208 scit,
2339 5135 2567 5216 pieque
2610 5134 2908 5197 moritur‘z
2955 5133 3360 5204 catharinae,
3406 5133 3697 5211 inquam,

2142 5253 2303 5314 quae
2336 5233 2587 5314 impiam
2617 5231 3018 5314 obejusdem
3066 5229 3565 5311 desperationem
3614 5237 3700 5290 ta-

2142 5339 2244 5395 cta
2276 5329 2489 5393 dolore
2508 5325 2728 5404 cordis,
2746 5328 3121 5397 intrinsecus
3151 5326 3401 5391 sustulit
3422 5347 3489 5390 se
3511 5326 3717 5394 lerto‚·

2140 5446 2269 5507 quo
2293 5421 2539 5509 jacebat
2557 5424 2836 5540 (infirma,
2867 5431 3231 5505 Patremque
3252 5423 3704 5486 misericordia-

3312 5542 3379 5590 10
