4442 6300
1540 472 1888 544 QUtNQUF.
1934 474 2400 528 sanctonum
2445 476 2612 525 ιτα.
3430 476 3495 529 21

578 629 786 704 -Post
830 626 1008 702 haec
1051 623 1190 729 (ut
1225 620 1557 698 ordinem
1596 616 1811 697 initio
1849 623 2304 726 propositum
2345 618 2772 721 teneamus)
2811 618 3027 693 verba
3067 618 3394 695 facienda
3442 641 3681 698 essent

455 776 495 821 a
548 747 773 822 Nobis
822 745 917 818 de
969 743 1244 819 meritis
1293 737 1681 843 cujuslibet
1716 743 2004 813 Causae.
2036 742 2310 813 Verum
2349 741 2748 811 institutam
2790 738 3216 811 Orationem
3273 764 3675 844 parumper

452 860 1003 966 suspendimuS,
1039 876 1125 932 ut
1162 884 1319 932 eam
1355 874 1594 932 tamen
1627 855 1944 932 ordine
1924 885 2064 958 jam
2103 857 2500 930 constituto
2546 851 2811 927 deinde
2852 878 3382 956 prosequamur
3409 910 3431 943 ,
3472 861 3676 932 vide·

452 978 621 1054 licet
654 996 1040 1083 postquam
1091 991 1424 1081 apertum
1473 978 1612 1048 erit
1649 1001 1728 1050 os
1761 973 2203 1091 CardinaliS,
2240 976 2360 1045 cui
2397 971 2713 1045 clausum
2756 970 2896 1043 suit
2942 973 3148 1044 initio
3195 972 3678 1064 Consistorii,

450 1114 539 1170 ut
572 1095 986 1199 suffragium
1027 1119 1328 1197 quoque
1362 1118 1569 1166 suum
1606 1096 1680 1165 in
1717 1119 1874 1166 rem
1911 1094 2354 1201 propositam
2393 1089 2607 1178 ferat,
2635 1104 2710 1161 et
2743 1104 3124 1190 postquam
3156 1087 3285 1162 alia
3327 1117 3677 1192 praesen-

453 1218 551 1289 tia
603 1215 893 1315 negotia
947 1209 1273 1286 absoluta
1328 1210 1632 1285 fuerint.
1688 1212 1928 1283 Porro
1982 1209 2158 1284 haec
2209 1210 2559 1282 sermonis
2612 1210 3059 1309 interruptio
3096 1208 3241 1281 Vos
3282 1206 3555 1283 levabit
3590 1236 3671 1283 ea

454 1329 787 1407 molestia·
811 1385 832 1420 ,
864 1354 1081 1431 quam
1124 1328 1271 1431 pati
1309 1327 1674 1401 deberetis
1703 1381 1723 1415 ,
1760 1329 1811 1400 si
1852 1343 2209 1430 perpetua
2252 1327 2583 1399 oratione
2617 1340 3046 1413 uteremur1
3084 1340 3161 1397 et
3195 1325 3420 1399 Nobis
3453 1330 3671 1401 etiam

455 1446 752 1551 paulum
786 1448 1139 1548 temporis
1166 1442 1525 1519 concedet
1549 1500 1569 1536 ,
1598 1461 1687 1517 ut
1719 1442 1949 1518 libere
1990 1446 2444 1547 respiremus.
3173 1460 3182 1465 ’

569 1649 890 1715 Absolutis
920 1646 1339 1714 Ecclesiarum
1370 1647 1945 1730 Propositionibus,
1988 1668 2059 1709 os
2090 1644 2393 1707 Cardinaii
2438 1643 2721 1711 Panlutio
2766 1650 3049 1724 apertum
3092 1654 3190 1708 est
3235 1665 3272 1708 a
3315 1652 3478 1728 Papa
3506 1688 3526 1716 ‚
3573 1646 3678 1727 qui

444 1768 781 1815 conversus
807 1747 885 1808 ad
918 1767 1061 1810 eum
1085 1790 1103 1817 ,
1136 1754 1281 1810 tunc
1308 1746 1368 1807 in
1402 1745 1541 1808 loco
1571 1766 1684 1808 suo
1716 1752 1980 1808 stantem
2004 1789 2022 1811 ,
2054 1742 2229 1804 dixit.
2262 1745 2567 1818 Aper-imus
2598 1748 2704 1805 eibi
2738 1763 2803 1804 os
2833 1753 2942 1803 etc.

566 1842 805 1905 Deinde
837 1842 1055 1904 subdit
1079 1842 1484 1922 interceptam
1516 1860 1846 1905 resumens
1873 1845 2209 1903 Causarum
2240 1840 2631 1902 mintionem.

450 2026 569 2170 P
572 2090 989 2167 ERACTIS
1031 2087 1172 2191 jam
1211 2091 1512 2192 negotiis
1542 2143 1562 2180 ,
1596 2114 1783 2190 quae
1821 2085 2254 2163 absolvenda
2292 2103 2727 2191 supererant
2752 2142 2774 2175 ‚
2827 2088 3247 2160 Orationem
3304 2103 3623 2163 nostram
3649 2142 3675 2180 ,

452 2207 925 2283 venerabiles
958 2209 1254 2303 Fratres
1278 2261 1299 2299 ,
1336 2209 1895 2311 prosequimur:
1933 2223 2011 2283 et
2048 2207 2372 2309 breviter
2409 2204 2703 2307 quidem
2754 2203 3330 2306 complectemur
3369 2209 3621 2279 merita
3654 2261 3675 2296 ,

451 2352 641 2430 quae
675 2327 929 2399 insunt
963 2318 1208 2419 Causis
1242 2327 1575 2427 quinque
1611 2327 2030 2409 Beatorum.
2068 2325 2390 2407 Primum
2428 2321 2671 2396 locum
2708 2321 2997 2397 obtinet
3034 2321 3257 2411 Causa
3293 2321 3487 2395 beati
3550 2324 3675 2396 Fi-

450 2441 629 2517 delis
664 2471 703 2515 a
739 2440 1181 2545 Sigmaringa
1230 2438 1443 2517 Svevi
1480 2468 1577 2537 ex·
1618 2441 1897 2513 Ordine
1931 2442 2273 2527 Fratrum
2297 2438 2681 2514 Minoi-um
2714 2443 2934 2511 sancti
2971 2439 3328 2535 Francisci
3383 2440 3674 2542 Capuc-

455 2561 812 2633 cinerum.
851 2560 1081 2633 Nemo
1118 2562 1407 2663 ignorat
1444 2555 1816 2662 praeclare
1862 2548 2057 2663 gesta
2093 2588 2131 2631 a
2166 2556 2550 2661 Leopoldo
2592 2557 2926 2630 Austriae
2962 2555 3377 2632 Arcbiduce
3415 2573 3490 2629 et
3525 2558 3700 2637 Co·-⁴

453 2679 626 2749 mite
660 2675 1047 2780 Tyrolensi
1076 2730 1098 2763 ‚
1132 2674 1260 2778 qui
1306 2702 1564 2787 magno
1591 2701 1755 2747 cum
1799 2677 2124 2775 exercitu
2150 2676 2522 2749 Rhaetiam
2563 2673 3033 2776 Superiorem
3074 2673 3421 2747 invadens
3466 2676 3674 2748 initio

452 2794 833 2895 praeteriti
874 2790 1157 2865 saeculi.
1195 2810 1414 2895 gente
1451 2790 1568 2865 illa
1606 2795 1963 2896 pervicaci
2003 2794 2079 2865 in
2120 2819 2317 2866 suam
2356 2791 2707 2865 ditionem
2749 2790 3066 2875 redacta,
3102 2792 3469 2866 Ministros
3505 2791 3674 2887 Cal-

454 2911 775 2984 vinianos
808 2908 904 2982 ab
939 2908 1072 2983 illis
1104 2908 1424 2983 Vallibus
1450 2908 1765 3012 expulit,
1801 2912 1930 3009 qui
1968 2936 2117 2982 non
2158 2909 2376 2999 modo
2417 2936 2708 3011 pravam
2748 2906 3152 2982 doctrinam
3193 2910 3264 2981 in
3304 2909 3468 3012 ipsis
3501 2906 3674 2984 locis

452 3025 1127 3118 disseminaverant,
1164 3024 1287 3100 sed
1319 3029 1614 3100 miseros
1647 3023 2006 3137 popuIOS,
2040 3043 2115 3099 et
2150 3053 2277 3100 sua
2313 3024 2455 3128 jam
2490 3025 2653 3099 labe
2691 3025 2999 3099 infectos
3025 3023 3367 3101 adversus
3403 3028 3671 3100 Roma-

456 3170 622 3217 nam
674 3141 1063 3236 Ecclesiam
1116 3141 1654 3234 incendebant,
1705 3161 1781 3217 et
1834 3145 2251 3246 perniciosis
2282 3142 2592 3219 consiliis
2643 3143 3094 3254 incitabant,
3145 3160 3235 3216 ut
3269 3172 3310 3218 a
3342 3141 3669 3248 legitimis

455 3249 920 3364 Principibus
954 3260 1142 3334 facta
1180 3260 1713 3365 conspiratione
1752 3258 2181 3335 deficerent.
2921 3337 2926 3342 ,

610 3379 800 3450 Tum
855 3379 1174 3451 Joannes
1205 3375 1502 3468 Fulvius
1538 3378 1789 3450 Cariae
1833 3380 2283 3481 Episcopus,
2319 3380 2446 3480 qui
2483 3379 3032 3452 Haereticorum
3071 3375 3329 3452 furore
3381 3403 3464 3451 ac
3513 3382 3672 3453 vio-

452 3493 675 3568 lentia
727 3498 1036 3569 extorris
1070 3513 1149 3569 et
1183 3492 1459 3596 ejectus
1492 3492 1897 3568 incredibili
1940 3521 2279 3569 moerore
2332 3493 2907 3584 conficiebatur,
2959 3517 3049 3568 eo
3099 3493 3324 3595 quod
3359 3498 3672 3570 Ministri

453 3589 865 3715 Zuingliani
895 3667 917 3703 ,
965 3629 1041 3686 et
1073 3610 1467 3687 Calviniani
1504 3615 1737 3716 spatio
1775 3610 2091 3686 duorum
2130 3639 2488 3688 annorum
2527 3610 2806 3715 quadra
2857 3614 3007 3685 inta
3058 3609 3237 3685 duas
3286 3612 3673 3687 Parochias

455 3728 690 3822 eidem
728 3745 1263 3832 usurpaverant
1288 3786 1311 3819 ,
1344 3728 1804 3834 Leopoldum
1845 3731 2211 3803 Victorem
2257 3728 2542 3802 induxit
2567 3783 2589 3816 ‚
2624 3745 2713 3801 ut
2745 3640 2855 3826 ac?
2875 3726 3184 3802 Paulum
3219 3728 3308 3800 V.
3344 3727 3669 3803 Praede-

451 3872 810 3922 cessorem·
843 3865 1171 3922 nostrum
1211 3846 1691 3951 confugeret,
1727 3874 2043 3950 eumque
2082 3847 2558 3923 vehementer
2594 3861 2940 3949 rogaret,
2971 3862 3058 3918 ut
3097 3846 3611 3949 Capuccinos
3594 3875 3667 3921 in

364 4026 371 4032 .
455 3963 828 4038 Rhaetiam
866 3966 1217 4052 mitteret,
1251 3966 1378 4066 qui
1415 3989 1644 4038 sacras
1676 3967 2042 4039 Missiones
2075 3966 2549 4075 susciperent,
2585 3988 2673 4035 ex
2708 3962 2976 4084 quibus
3011 3960 3299 4036 fructus
3333 3989 3486 4037 non
3513 3967 3668 4038 exi-

450 4105 633 4185 guos
658 4099 939 4155 sanctae
976 4078 1331 4185 Religioni
1368 4081 1661 4156 futuros
1692 4081 2054 4185 sperabat.

482 4287 487 4292 ,
607 4193 944 4274 Pontifex
998 4198 1382 4302 Leopoldo
1435 4227 1711 4274 morem
1763 4202 1974 4303 gessit
2023 4198 2484 4272 libentissime
2515 4252 2536 4288 ,
2589 4221 2674 4280 ac,
2707 4213 2874 4270 tum'
2897 4221 3138 4271 sacrae
3173 4198 3539 4271 Missiones
3589 4201 3661 4273 in

458 4314 761 4392 Rhaetia
797 4317 1077 4388 initium
1117 4315 1538 4390 habuerunt
1568 4370 1588 4404 ,
1626 4342 1814 4422 quae
1852 4313 2118 4390 deinde
2157 4317 2374 4417 magis
2422 4313 2890 4389 confirmatae
2927 4330 3150 4415 atque
3201 4313 3667 4418 amplificatae

448 4449 624 4508 sunt
654 4485 676 4523 ,
710 4457 877 4505 cum
917 4450 1080 4535 post
1121 4432 1398 4510 obitum
1450 4431 1654 4508 Pauli
1685 4435 1765 4507 V.
1808 4434 2209 4538 Gregorius
2242 4431 2403 4505 XV.
2440 4431 2698 4504 Sedem
2756 4431 3240 4534 Apostolicam
3295 4432 3664 4507 obtinuit:

455 4546 671 4621 Tunc
723 4551 919 4622 enim
970 4549 1158 4623 bene
1210 4554 1599 4623 constituta
1652 4545 1868 4623 Sacra
1923 4550 2506 4652 Congregatione
2544 4548 2636 4623 de
2672 4549 3149 4654 propaganda
3183 4548 3412 4641 Fide,
3449 4553 3668 4653 ipsius

452 4664 801 4756 consilio,
836 4693 1026 4768 quae
1065 4669 1261 4742 viros
1295 4666 1596 4741 idoneos
1630 4697 1669 4741 a
1703 4669 1981 4748 Nuntio
2033 4664 2453 4770 Apostolico
2479 4683 2582 4739 -et
2633 4667 2726 4740 ab
2778 4669 3143 4770 Episcopo
3196 4668 3449 4742 Cariae
3501 4672 3669 4743 satis
3717 4750 3726 4759 ,

453 4799 948 4887 cognoverat,
997 4785 1290 4859 Fratres
1341 4787 1734 4889 Capuccini
1788 4785 1874 4860 ad
1931 4812 2049 4859 eas
2086 4787 2450 4858 Missiones
2483 4768 2859 4857 obeundas
2877 4781 3160 4869 <delecti
3196 4784 3556 4872 fuerunt,
3592 4803 3668 4859 et

453 4896 740 4973 illarum
775 4898 1202 4975 Praefectus
1235 4901 1492 4976 beatus
1523 4899 1785 4977 Fidelis
1821 4931 1860 4975 a
1898 4901 2342 5012 Sigmaringa
2381 4904 2818 4990 nominatim,
2853 4903 2979 5003 qui
3020 4930 3342 5004 magnam
3380 4903 3510 4978 sibi
3551 4903 3665 4977 fa-

453 5044 639 5091 mam
667 5016 766 5091 ob
801 5021 1149 5094 virtutem
1188 5036 1265 5092 et
1299 5017 1533 5093 zelum
1564 5016 2125 5122 Apostolicum
2103 5046 2244 5119 jam
2281 5018 2410 5092 sibi
2466 5034 3016 5122 comparaverat
3073 5016 3253 5092 Cum
3311 5017 3665 5120 ejusmodi

456 5160 762 5208 munere
799 5133 1262 5238 fungeretur,
1289 5137 1503 5210 vitam
1534 5136 1651 5209 hic
1667 5139 1932 5216 Beatus
1963 5135 2267 5212 absolvit
2301 5134 2733 5210 interfectus
2767 5136 2859 5209 ab
2884 5138 3331 5211 Haereticis
3314 5164 3387 5210 ιιι
3414 5135 3662 5212 odium

455 5250 654 5324 Fidei
683 5250 1148 5343 Catholicae,
1174 5270 1249 5325 et
1282 5253 1425 5327 hoc
1458 5270 1676 5362 pacto
1713 5251 2064 5328 illustrem
2101 5256 2344 5357 Marty
2352 5256 2435 5326 rii
2476 5252 2781 5356 palmam
2833 5269 2942 5328 est
2977 5271 3492 5355 consequutus
3547 5253 3665 5325 Si·-

456 5394 592 5469 gna
630 5389 705 5443 et
734 5366 1081 5443 Miracula
1118 5388 1573 5446 accesserunt
1607 5396 1856 5451 severe
1892 5369 2247 5461 discussa,
2284 5386 2359 5444 et
2384 5369 2871 5445 concordibus
2917 5368 3262 5472 suffragiis
3296 5370 3663 5474 approba-

769 5502 983 5542 nuno.
1030 5502 1146 5542 κη.
1187 5502 1335 5540 ron.
1378 5491 1509 5542 vlt.
3303 5492 3334 5540 ι
