4442 6300
886 460 999 515 404

813 607 1099 661 Advocato
1143 601 1528 658 Consistoriali
1586 602 1818 657 instante
1859 618 1960 670 pro
2002 599 2279 653 cardinali

703 698 769 752 ad
801 694 1178 767 postulandam
1211 692 1697 746 canonizationem
1733 674 2092 743 procuratore
2121 689 2282 742 tertio

701 784 1066 854 respondetur
1092 780 1381 835 pontificis
1407 779 1636 832 nomine
1665 781 1809 833 inter
1835 772 2285 832 canonizationis

702 875 901 927 Actum
925 912 945 939 ,
972 889 1102 942 pag.
1131 871 1258 924 310.
1287 869 1414 922 311.
1444 868 1568 921 312.
1597 900 1604 907 -

817 963 1004 1029 Cappa
1033 960 1194 1011 rubra
1223 959 1391 1009 instar
1418 956 1894 1028 cubiculariorum
1922 958 2039 1025 ipse
2060 970 2283 1023 semper

705 1049 933 1103 indutus
964 1047 1198 1113 assistit,
1225 1063 1354 1116 pag.
1384 1047 1473 1098 51.
1501 1045 1628 1096 310.

815 1139 928 1205 Qui
967 1145 1052 1190 est
1086 1154 1116 1187 a
1155 1134 1391 1189 Secretis
1428 1129 1885 1202 congregationis
1912 1132 2280 1201 Interpretum

701 1228 851 1281 Sacri
902 1226 1145 1280 concilii
1192 1222 1508 1278 Tridentini
1555 1229 1744 1275 evocat
1782 1221 1837 1272 in
1878 1219 2084 1273 Urbem
2125 1222 2281 1289 jussu

699 1315 992 1371 Pontificis
1056 1314 1374 1383 E'piscopos
1427 1311 1569 1363 intra
1622 1310 1978 1363 centesimum
2033 1308 2275 1379 lapidem

701 1412 1107 1459 commorantes
1129 1439 1146 1467 ,
1197 1409 1260 1454 ut
1313 1399 1569 1455 consilio
1618 1416 1776 1468 grave
1829 1396 2279 1450 Canonizationis

701 1492 984 1563 negotium
1027 1492 1273 1560 juvarent
1311 1504 1410 1539 suo
1436 1524 1451 1550 ,
1488 1487 1712 1557 ejusque
1754 1486 2082 1553 majestatem
2124 1501 2279 1553 auge·

697 1588 821 1635 rent
847 1578 1148 1650 praesentia
1170 1613 1186 1642 ,
1210 1591 1339 1645 pag.
1372 1577 1457 1627 10.

755 1652 770 1663 ’
805 1667 969 1723 sedes
994 1664 1355 1728 Apostoliea.
1385 1662 1528 1715 Vide
1565 1659 1835 1715 Vacatio.

805 1758 960 1812 Sella
991 1752 1312 1808 Gestatoria
1332 1791 1348 1818 ‚
1377 1769 1470 1806 seu

800 1843 1007 1899 Sellari
1023 1842 1262 1895 defertur
1275 1840 1423 1911 Papa
1443 1840 1504 1890 in
1521 1836 1867 1893 consistoria
1888 1836 2128 1907 publica,
2139 1856 2270 1909 pag.

688 1933 778 1988 32.
808 1932 899 1987 M.

803 2023 870 2072 ln
903 2019 1217 2072 Vaticanum
1238 2015 1528 2069 Basilicam
1552 2014 1702 2068 Sella
1723 2031 1944 2084 qnoque
1964 2013 2018 2066 in
2043 2013 2270 2067 sublimi

688 2109 897 2164 delatus
966 2105 1250 2161 descendit
1303 2104 1425 2174 ipso
1483 2102 1934 2157 canonizationis
1977 2102 2068 2157 dia
2090 2141 2106 2170 ,
2138 2120 2271 2175 pag.

686 2198 813 2252 308.

797 2286 861 2335 In
913 2282 1064 2336 Sella
1109 2296 1333 2351 quoqne
1379 2277 1722 2346 compositus
1770 2277 1903 2331 exiit
1948 2277 2012 2329 ad
2061 2277 2268 2347 primas

684 2373 955 2441 Vesperas
986 2370 1083 2422 SS.
1117 2368 1516 2440 Apostolorum
1555 2365 1704 2419 Petri
1733 2373 1786 2417 et
1813 2365 1967 2417 Pauli
1999 2366 2267 2421 canendas

681 2460 744 2513 in
775 2459 985 2513 sacello
1018 2457 1233 2510 Sixtino
1261 2454 1453 2511 Palatii
1489 2452 1738 2505 Vaticani
1766 2489 1782 2515 ,
1805 2470 1934 2521 pag.
1964 2453 2090 2505 301.

796 2547 946 2603 Sella
977 2555 1157 2599 vectus
1199 2545 1329 2596 dum
1381 2550 1509 2612 post
1550 2542 1820 2609 vesperas
1852 2540 2052 2594 rediret
2079 2542 2134 2593 in
2165 2542 2266 2593 Pa-

682 2644 1056 2690 ramentorum
1093 2634 1326 2697 Aulam,
1363 2631 1610 2698 Vectigal
1658 2628 1766 2680 sibi
1811 2637 1865 2679 et
1908 2630 2262 2698 Apostolicae

684 2724 813 2778 Sedi
844 2721 1088 2775 debitum
1121 2737 1223 2790 pro
1256 2722 1452 2789 Regno
1481 2718 1765 2787 utriusque
1795 2717 2014 2771 Siciliae
2056 2719 2264 2785 accepit

680 2813 748 2866 ab
778 2813 1014 2867 Oratore
1041 2818 1188 2863 extra
1219 2807 1472 2861 ordinem
1513 2807 1680 2875 Regis
1717 2806 1945 2860 nomine
1975 2804 2215 2859 oblatum
2236 2843 2257 2871 ,

670 2919 802 2974 pag.
832 2901 959 2953 301.

789 2989 1028 3041 Senator
1068 2983 1234 3039 Urbis
1268 2983 1502 3054 primam
1545 2981 1896 3034 Baldacchini
1927 2980 2130 3033 hastam
2172 2997 2256 3031 su·

677 3075 843 3129 stinet
871 3074 928 3125 in
963 3072 1378 3141 supplicatione
1412 3070 1501 3122 die
1531 3070 1666 3121 sesto
1700 3070 1970 3137 corporis
2011 3068 2214 3120 Christi
2242 3106 2257 3132 ‚

677 3165 1083 3219 Sacramentum
1114 3161 1388 3214 deferente
1416 3159 1564 3229 Papa
1584 3196 1600 3224 ‚
1625 3177 1754 3228 pag.
1786 3160 1905 3210 131.
1937 3169 1990 3210 et
2019 3158 2140 3210 132.

789 3252 1061 3316 Senator,
1107 3247 1464 3317 conscripti,
1506 3255 1556 3298 et
1599 3246 1898 3298 centuriati
1928 3263 1957 3297 e
1995 3245 2251 3295 Romano

670 3340 893 3408 Populo
933 3345 1062 3406 post
1109 3334 1397 3389 meridiem
1444 3335 1664 3386 visitant
1708 3334 1998 3386 Basilicam
2042 3335 2251 3385 Latera-

668 3443 896 3479 nensem
928 3423 1231 3476 veneraturi
1264 3424 1585 3474 Sanctorum
1616 3421 2015 3488 Apostolorum
2057 3420 2251 3489 capita

669 3514 729 3568 in
759 3513 850 3567 die
878 3513 1025 3566 Festi
1056 3529 1245 3564 eorum
1275 3512 1479 3564 Octava
1501 3546 1517 3574 ,
1539 3527 1666 3579 pag.
1694 3508 1820 3562 295.
1844 3509 1971 3562 298.

782 3604 1022 3657 Senator
1047 3603 1228 3653 locum
1257 3598 1420 3651 habet
1441 3600 1499 3650 in
1522 3596 2046 3667 contignationibus
2073 3596 2247 3649 Thea·

663 3692 733 3747 tri
757 3728 773 3758 ,
799 3708 924 3758 pag.
951 3689 1081 3742 292.
1110 3689 1254 3742 Vide
1280 3685 1754 3757 Iclmographiam
1778 3724 1791 3737 .

677 3809 690 3826 ·
777 3778 1063 3834 Sententia
1094 3776 1542 3830 canonizationis
1561 3811 1578 3839 ‚
1601 3793 1730 3844 pag.
1759 3774 1883 3825 312.

779 3865 1086 3935 Sepulchra
1128 3866 1449 3917 Sanctorum
1504 3862 1965 3913 Canonizatorum
2003 3858 2245 3911 Visitan-

664 3954 815 4007 tibus
844 3952 935 4005 die
963 3954 1215 4020 ipsorum
1243 3950 1420 4002 Natali
1446 3948 1854 4019 Indulgentiam
1885 3957 2090 4017 septem
2131 3951 2244 3998 An·

657 4057 860 4095 norum
888 4037 1180 4109 quotannis
1208 4035 1462 4090 concedit
1485 4037 1651 4106 Papa,
1669 4054 1799 4107 pag.
1828 4035 1951 4089 321.
1977 4034 2122 4090 Vide
2150 4037 2244 4088 In·-

659 4125 966 4197 dulgentia.

775 4211 1138 4285 Sepulchrum
1168 4212 1469 4266 Clementis
1508 4210 1641 4262 xil.
1682 4209 2124 4264 Praedecessoris
2152 4210 2234 4264 sui

2030 449 2271 507 mnssx
2309 449 2596 508 RERUM.

2391 600 2730 654 sianonicam
2760 600 3080 655 cantandam
3104 623 3119 669 ς
3147 612 3201 657 et
3226 602 3290 656 ad
3323 621 3508 675 preces
3538 621 3664 675 prae
3708 594 3966 661 ποιοῖ-ἰῶ

2390 707 2489 757 pro
2521 692 2689 745 Missa
2718 711 2744 741 a
2774 693 2919 761 Papa
2934 686 3199 763 ‘legendas
3222 680 3392 764 [pag.
3422 695 3547 747 315.
3578 623 3703 746 377).
3780 720 3789 731 =
3830 758 3837 765 .
3898 686 3913 699 ⁴

2502 778 2713 832 »Solium
2753 780 3139 846 pontificium,
3165 799 3277 851 quo
3306 782 3363 832 in
3394 783 3517 841 loco
3545 790 3782 851 erectum
3823 782 3960 835 iutra

2389 869 2849 923 canonizationis
2870 871 3163 923 Theatrum
3187 908 3203 935 ,
3226 887 3356 939 pag.
3386 871 3511 924 377.
3540 883 3593 922 et
3620 871 3748 923 378.

2500 957 2713 1009 Solium
2751 958 2992 1009 Romani
3038 958 3327 1011 Pontificis
3376 968 3458 1012 est
3498 958 3641 1012 beati
3683 958 3829 1011 Petri
3861 960 3975 1013 (ἓν.

2389 1044 2575 1099 thedra
2603 1083 2617 1108 ,
2640 1041 2770 1114 pagi.
2798 1046 2924 1099 309.

2497 1136 2715 1191 &atuta
2768 1139 2957 1189 AEnea
2997 1136 3053 1188 S.
3092 1135 3241 1189 Petri
3282 1136 3341 1188 in
3381 1136 3617 1190 Basilica
3655 1136 3954 1204 Vaticana,

2380 1241 2510 1295 pag.
2543 1221 2671 1277 303.
2700 1224 2834 1277 370.

2495 1312 2725 1365 Statum
2763 1311 3226 1365 canonizatorum
3268 1310 3395 1364 albo
3448 1313 3717 1385 nigroque
3770 1312 3971 1393 coloro⁸

2381 1398 2718 1452 subobscure
2748 1398 2920 1468 pictae
2948 1399 3150 1469 quibus
3178 1399 3234 1450 in
3264 1401 3645 1452 loculameutis
3685 1400 3962 1453 inferiori-

2344 1504 2351 1511 ·
2377 1485 2481 1539 bus
2512 1487 2722 1540 mediae
2749 1488 2915 1541 Navis
2943 1489 3208 1541 Basilicae
3235 1489 3528 1541 collocatae
3550 1527 3567 1555 ,
3590 1479 3719 1559 pag.
3750 1488 3877 1541 375.

2491 1577 2726 1628 Statuae
2761 1576 3140 1628 Fundatorum
3188 1577 3415 1645 alicujus
3454 1578 3695 1629 instituti
3723 1577 3957 1647 Regula·

2378 1662 2454 1716 ris
2490 1682 2521 1717 e
2551 1662 2766 1717 lunensi
2799 1682 3067 1717 marmore
3101 1664 3159 1715 in
3190 1664 3546 1718 inferioribus
3575 1658 3972 1719 loculamentis

2377 1753 2432 1804 in
2467 1753 2650 1804 medio
2683 1753 2846 1805 Navis
2875 1754 3123 1805 Vaticani
3152 1754 3370 1822 Templi
3394 1794 3413 1820 ,
3444 1752 3577 1805 ibid.

2486 1839 2696 1893 Statuis
2722 1848 2956 1910 quatuor
2981 1849 3291 1892 sanctorum
3334 1841 3666 1892 Pontificum
3691 1877 3707 1906 ,
3735 1848 3788 1892 et
3815 1838 3954 1892 duo·

2374 1947 2495 1982 rum
2525 1928 3138 1998 Archipresbyterorum
3163 1928 3539 1981 cardinalium
3568 1928 3832 1982 Basilicae
3857 1928 3951 1980 Li-

2373 2017 2623 2072 berianae
2654 2034 2792 2069 nova
2820 2018 3038 2086 Templi
3069 2017 3232 2071 facies
3259 2028 3483 2070 ornatur
3503 2056 3519 2082 ,
3540 2035 3670 2089 pag.
3704 2018 3826 2069 130.

2488 2105 2831 2166 Staebdiaconi
2864 2122 3062 2158 munus
3100 2107 3158 2157 in
3201 2108 3479 2176 cappellis
3506 2106 3815 2159 Pontificiis
3844 2107 3943 2159 Ca·

2373 2194 2605 2247 nonicus
2633 2192 2954 2246 Liberianae
2983 2194 3247 2247 Basilicae
3274 2202 3514 2258 exercet,
3537 2211 3667 2262 pag.
3695 2193 3821 2245 307.

2484 2278 2866 2335 Sabdiaconus
2891 2282 3251 2349 Apostolicus
3289 2281 3531 2334 Auditor
3568 2283 3741 2334 Rotae
3783 2280 3951 2345 mini-U

2368 2377 2494 2422 strat
2522 2370 2697 2438 Papae
2728 2368 2905 2420 Sacris
2936 2369 3182 2438 operanti
3208 2405 3224 2434 ,
3263 2369 3389 2422 308.
3442 2369 3589 2422 Vide
3638 2357 3948 2423 Auditoroe'

2367 2460 2577 2512 Rotae.
2613 2458 2784 2511 Crux.
2814 2455 3075 2510 Habitus.

2478 2544 2873 2597 Stebsellioram
2906 2544 3103 2613 triplex
3141 2542 3282 2595 ordo
3327 2542 3384 2594 in
3433 2542 3670 2609 Theatro
3701 2541 3939 2596 Canoni-

2363 2634 2594 2687 zationis
2619 2671 2635 2698 ‚
2664 2651 2791 2703 pag.
2825 2633 2949 2684 377.

2473 2722 2874 2776 Subselliorum
2900 2730 2952 2772 et
2978 2739 3128 2775 areae
3158 2730 3378 2774 ornatus
3407 2720 3464 2772 in
3494 2718 3765 2785 Theatra,
3796 2717 3932 2771 ibid.

2473 2813 2764 2864 Succorum
2810 2810 3018 2878 Regina
3076 2809 3354 2861 cbristina
3408 2808 3711 2861 Alexandra
3763 2807 3937 2859 adsuit

2361 2898 2459 2950 sub
2491 2900 2769 2951 Clemente
2786 2896 2885 2950 tx,
2908 2898 3358 2949 canonizationis
3382 2896 3677 2949 solemniis
3706 2894 3929 2949 sublimi

2361 2989 2414 3037 in
2443 2986 2706 3038 'thalamo
2732 3024 2749 3050 2
2768 3003 2895 3054 pag.
2926 2985 3051 3036 314.

2468 3071 2846 3142 Suffiagiam‚
2874 3092 2980 3142 qua
3026 3070 3285 3126 methodo
3326 3073 3561 3124 tulerunt
3615 3070 3932 3124 cardinales

2358 3163 2410 3213 in
2442 3161 2802 3214 consistoriis
2830 3160 3208 3228 semipublicis
3234 3178 3336 3230 pro
3364 3161 3606 3230 quinque
3628 3160 3924 3211 Beatorum

2358 3247 2814 3314 canonizatione,
2835 3267 2964 3318 pag.
2994 3250 3083 3301 ot.
3114 3250 3203 3302 05.
3302 3307 3309 3316 ,

2463 3333 2802 3407 Suffragium
2831 3339 3090 3405 scriptum
3121 3344 3174 3389 et
3201 3335 3570 3405 subscriptum
3595 3373 3611 3400 ,
3638 3344 3696 3387 ut
3722 3335 3782 3386 in
3809 3336 3915 3387 Ta·

2351 3425 2564 3477 bulario
2595 3415 3051 3494 congregationis
3099 3426 3386 3476 Sacrorum
3441 3425 3669 3476 Rituum
3720 3420 3922 3474 servari

2352 3522 2525 3582 posset
2552 3551 2567 3576 ‚
2596 3513 2794 3582 singuli
2846 3530 2874 3562 a
2928 3511 3277 3563 consistorio
3331 3521 3586 3565 exeuntes
3640 3508 3913 3563 tradidere

2348 3601 2622 3672 magistris
2653 3600 3127 3654 caeremoniarum
3153 3637 3168 3665 ,
3190 3617 3318 3669 pag.
3347 3600 3436 3652 05.

2458 3685 2800 3759 Suſj'mgium
2830 3689 3114 3758 proprium
3146 3686 3418 3740 Absentes
3445 3686 3606 3739 etiam
3636 3704 3663 3736 a
3722 3683 3925 3737 consi-.

2347 3781 2519 3831 storio
2550 3779 2770 3829 mittunt
2800 3775 3100 3830 Secretario
3155 3774 3611 3844 Congregationis
3642 3773 3757 3826 Sao.
3811 3772 3914 3824 Ri-

2346 3874 2493 3925 tuum
2512 3905 2532 3931 ‚
2556 3884 2684 3935 pag.
2716 3865 2834 3916 122.
2870 3864 3012 3916 Vide
3047 3861 3431 3918 Cardinalium
3478 3857 3784 3931 Srgffragia.
3833 3860 3914 3913 E-

2337 3952 2571 4022 piscopi.
2612 3952 2941 4006 orientales.
3534 4015 3541 4026 ι

2456 4039 2925 4111 Superpelliceum
2954 4038 3190 4091 induunt
3217 4055 3377 4106 supra
3422 4034 3782 4090 Roccbettum
3810 4027 3921 4087 1104

2343 4127 2628 4182 ferendarii
2661 4129 2716 4179 in
2749 4128 2836 4180 die
2865 4128 3345 4191 canonizationis,
3367 4143 3499 4197 pag.
3528 4126 3654 4178 307.

2451 4214 2795 4286 Supplicatio
2822 4215 3179 4270 litaniarum
3216 4215 3503 4284 Majorum
3536 4214 3600 4266 ab
3655 4212 3902 4266 Ecclesia

655 4303 842 4357 visitat
863 4301 1124 4355 Pontifex
1146 4338 1162 4368 ,
1189 4308 1244 4354 et
1270 4302 1385 4370 ejus
1414 4298 1623 4352 animae
1652 4298 1969 4369 adprecatur
2007 4316 2189 4368 pacem
2211 4339 2234 4367 ,
2342 4304 2398 4357 S.
2424 4304 2595 4356 Marci
2627 4302 2691 4353 ad
2721 4304 3007 4355 Basilicam
3035 4304 3351 4356 vaticanam
3382 4303 3584 4354 omissa
3625 4301 3696 4353 ob
3751 4318 3909 4354 coor-

653 4390 1132 4549 pagiispiulchram
1183 4477 1453 4530 Romanis
1505 4475 1869 4530 Pontificibus
1909 4493 2019 4528 non
2060 4454 2232 4542 alibi,

650 4586 814 4639 quam
842 4566 898 4618 in
931 4566 1163 4619 Basilica
1190 4567 1451 4619 Vaticana
1478 4583 1579 4634 per
1603 4564 1843 4634 primum
1874 4582 2106 4635 eumque
2144 4582 2231 4617 so·

648 4656 829 4709 lidum
862 4653 927 4707 ab
959 4653 1115 4708 obitu
1146 4671 1348 4706 annum
1377 4654 1728 4707 constituitur
1753 4689 1768 4718 ,
1798 4651 1931 4704 ibid.

2336 4402 2441 4446 tam
2474 4401 2841 4460 tempestatem
2868 4430 2884 4457 ,
2907 4409 3036 4462 pag.
3065 4392 3155 4464 53.

2445 4479 2789 4549 Supplicatio
2816 4480 2873 4531 in
2902 4480 2993 4532 die
3019 4482 3183 4533 Festo
3216 4479 3483 4549 Corporis
3508 4478 3720 4532 Christi
3749 4495 3903 4548 pera·

2331 4577 2412 4622 cta
2436 4588 2465 4619 a
2491 4570 2635 4636 Papa
2664 4568 2849 4636 paucis
2876 4576 3150 4635 narratur,
3177 4585 3304 4637 pag.
3334 4567 3463 4619 131.

2440 4655 2783 4725 supplicatio
2812 4657 3094 4726 utriusque
3124 4656 3269 4709 cleri
3300 4656 3422 4725 ipso
3451 4656 3614 4706 Festo
3638 4653 3729 4706 die
3762 4654 3898 4705 Cor-

765 4743 960 4798 sixtus
997 4731 1144 4811 Papa
1180 4743 1251 4794 V.
1292 4750 1498 4796 certum
1529 4740 1905 4795 cardinalium
1935 4758 2223 4795 numerum
2330 4745 2480 4815 poris
2511 4744 2757 4808 Christi,
2787 4743 2831 4796 si
2863 4745 3140 4812 contingat
3159 4760 3341 4797 vacare
3371 4742 3563 4795 Sedem
3589 4780 3604 4807 ,
3635 4741 3776 4811 apud
3795 4743 3901 4793 Va-

648 4829 940 4884 constituit
960 4865 977 4893 ,
1000 4846 1129 4900 pag.
1157 4828 1250 4881 20.

760 4915 979 4972 Solatio
1009 4935 1037 4967 a
1067 4915 1302 4968 vinculo
1341 4916 1618 4969 Ecclesiae
1639 4954 1655 4980 ‚
1686 4916 1732 4967 si
1763 4909 1901 4969 sort'e
1939 4927 2058 4968 ante
2096 4932 2222 4984 pro·

643 5006 952 5058 motionem
993 5019 1169 5056 novus
1210 5003 1520 5057 cardinalis
1568 5021 1635 5056 eo
1684 5003 1998 5068 tenebatur,
2045 5004 2222 5073 expri-

2326 4833 2559 4884 ticanum
2590 4831 2767 4902 peragi
2798 4830 2960 4885 debet
2983 4849 3049 4885 ex
3074 4849 3227 4885 more
3252 4868 3268 4897 ,
3289 4848 3417 4902 pag.
3449 4830 3570 4882 13⁴.
3620 4829 3764 4883 Vide
3802 4830 3913 4896 Sag

2324 4933 2662 4973 aramentum
2691 4921 2874 4989 Papa.

2434 5007 2792 5078 Syagraphas
2818 5025 2920 5078 pro
2947 5006 3193 5077 ingressu
3220 5007 3277 5059 in
3306 5007 3601 5060 Theatrum
3656 5004 3895 5057 canoni-

641 5093 835 5147 menda
865 5091 1033 5144 modo
1061 5101 1173 5156 est,
1202 5092 1260 5144 in
1290 5093 1653 5162 assignatione
1678 5128 1693 5156 ,
1733 5110 1871 5161 quae
1911 5092 2016 5161 ipsi
2060 5090 2151 5143 fiet
2190 5107 2219 5142 a
2319 5097 2548 5148 zationis
2577 5095 2807 5164 singulis
2836 5094 3115 5148 distribuit
3142 5095 3402 5164 Magister
3430 5094 3577 5147 Sacri
3605 5093 3844 5162 Hospitii
3868 5130 3886 5158 ,

637 5181 782 5251 Papa
811 5179 985 5231 Tituli
1012 5216 1028 5243 ‚
1058 5195 1151 5231 seu
1179 5179 1477 5234 Diaconiae
1499 5219 1514 5245 ,
1539 5197 1667 5248 pag.
1696 5180 1785 5231 31.

2312 5200 2439 5250 pag.
2466 5181 2592 5233 292.
2619 5180 2764 5236 Vide
2793 5178 3123 5250 Praefectus
3150 5180 3384 5235 Palatii.
3413 5180 3687 5251 Magister
3728 5180 3893 5235 Sacri

748 5266 962 5322 Solium
993 5284 1224 5338 parrum.
1246 5268 1599 5356 Pontilicium
1630 5267 1695 5320 ad
1725 5269 1931 5321 Horam
1972 5266 2213 5322 Tertiam
2318 5268 2586 5343 Hospitii.
