<?xml version="1.0" encoding="UTF-8"?>
<!DOCTYPE html PUBLIC "-//W3C//DTD XHTML 1.0 Transitional//EN"
    "http://www.w3.org/TR/xhtml1/DTD/xhtml1-transitional.dtd">
<html xmlns="http://www.w3.org/1999/xhtml" xml:lang="en" lang="en">
 <head>
  <title>
</title>
<meta http-equiv="Content-Type" content="text/html;charset=utf-8" />
  <meta name='ocr-system' content='tesseract 3.04.00' />
  <meta name='ocr-capabilities' content='ocr_page ocr_carea ocr_par ocr_line ocrx_word'/>
</head>
<body>
  <div class='ocr_page' id='page_1' title='image "benedictixivpon00benegoog_0118.png"; bbox 0 0 4442 6300; ppageno 0'>
   <div class='ocr_carea' id='block_1_1' title="bbox 998 510 2900 584">
    <p class='ocr_par' dir='ltr' id='par_1_1' title="bbox 998 510 2900 584">
     <span class='ocr_line' id='line_1_1' title="bbox 998 510 2900 584; baseline 0.001 -25"><span class='ocrx_word' id='word_1_1' title='bbox 998 511 1069 560; x_wconf 77' lang='lat' dir='ltr'><strong>oo</strong></span> <span class='ocrx_word' id='word_1_2' title='bbox 1968 510 2170 564; x_wconf 68' lang='lat' dir='ltr'><strong>Aera</strong></span> <span class='ocrx_word' id='word_1_3' title='bbox 2241 511 2900 584; x_wconf 57' lang='lat' dir='ltr'><strong>‹zammzntoms</strong></span> 
     </span>
    </p>
   </div>
   <div class='ocr_carea' id='block_1_2' title="bbox 792 651 2386 2780">
    <p class='ocr_par' dir='ltr' id='par_1_2' title="bbox 792 651 2386 2780">
     <span class='ocr_line' id='line_1_2' title="bbox 817 651 2380 737; baseline 0.005 -27"><span class='ocrx_word' id='word_1_4' title='bbox 817 651 880 712; x_wconf 94' lang='lat' dir='ltr'><strong>in</strong></span> <span class='ocrx_word' id='word_1_5' title='bbox 904 672 1209 714; x_wconf 79' lang='lat' dir='ltr'><strong>summam</strong></span> <span class='ocrx_word' id='word_1_6' title='bbox 1245 662 1493 734; x_wconf 90' lang='lat' dir='ltr'><strong>raperet</strong></span> <span class='ocrx_word' id='word_1_7' title='bbox 1514 653 2011 717; x_wconf 78' lang='lat' dir='ltr'><strong>admirationem.</strong></span> <span class='ocrx_word' id='word_1_8' title='bbox 2057 663 2380 737; x_wconf 69' lang='lat' dir='ltr'><strong>incompa-</strong></span> 
     </span>
     <span class='ocr_line' id='line_1_3' title="bbox 816 747 2384 830; baseline 0.004 -23"><span class='ocrx_word' id='word_1_9' title='bbox 816 747 1049 809; x_wconf 80' lang='lat' dir='ltr'><strong>rabiles</strong></span> <span class='ocrx_word' id='word_1_10' title='bbox 1094 768 1343 830; x_wconf 79' lang='lat' dir='ltr'><strong>quoque</strong></span> <span class='ocrx_word' id='word_1_11' title='bbox 1374 749 1494 812; x_wconf 80' lang='lat' dir='ltr'><strong>viri</strong></span> <span class='ocrx_word' id='word_1_12' title='bbox 1540 757 1598 812; x_wconf 90' lang='lat' dir='ltr'><strong>S.</strong></span> <span class='ocrx_word' id='word_1_13' title='bbox 1648 759 1717 814; x_wconf 80' lang='lat' dir='ltr'><strong>R.</strong></span> <span class='ocrx_word' id='word_1_14' title='bbox 1766 758 1833 814; x_wconf 80' lang='lat' dir='ltr'><strong>E.</strong></span> <span class='ocrx_word' id='word_1_15' title='bbox 1863 751 2226 814; x_wconf 87' lang='lat' dir='ltr'><strong>Cardinales</strong></span> <span class='ocrx_word' id='word_1_16' title='bbox 2256 771 2384 813; x_wconf 87' lang='lat' dir='ltr'><strong>am·</strong></span> 
     </span>
     <span class='ocr_line' id='line_1_4' title="bbox 816 839 2381 922; baseline 0.004 -21"><span class='ocrx_word' id='word_1_17' title='bbox 816 839 1080 922; x_wconf 82' lang='lat' dir='ltr'><strong>plissimi</strong></span> <span class='ocrx_word' id='word_1_18' title='bbox 1139 844 1459 910; x_wconf 87' lang='lat' dir='ltr'><strong>cervinius</strong></span> <span class='ocrx_word' id='word_1_19' title='bbox 1480 889 1499 917; x_wconf 93' lang='lat'><strong>,</strong></span> <span class='ocrx_word' id='word_1_20' title='bbox 1559 847 1879 911; x_wconf 82' lang='lat' dir='ltr'><strong>Mediceus</strong></span> <span class='ocrx_word' id='word_1_21' title='bbox 1902 891 1924 919; x_wconf 91' lang='lat'><strong><em>‚</em></strong></span> <span class='ocrx_word' id='word_1_22' title='bbox 1967 847 2381 911; x_wconf 86' lang='lat' dir='ltr'><strong>Aldobrandi-</strong></span> 
     </span>
     <span class='ocr_line' id='line_1_5' title="bbox 813 939 2382 1022; baseline 0.003 -21"><span class='ocrx_word' id='word_1_23' title='bbox 813 939 956 1002; x_wconf 90' lang='lat' dir='ltr'><strong>nius</strong></span> <span class='ocrx_word' id='word_1_24' title='bbox 978 983 999 1012; x_wconf 94' lang='lat'><strong>,</strong></span> <span class='ocrx_word' id='word_1_25' title='bbox 1032 941 1138 1022; x_wconf 90' lang='lat' dir='ltr'><strong>qui</strong></span> <span class='ocrx_word' id='word_1_26' title='bbox 1173 961 1393 1007; x_wconf 90' lang='lat' dir='ltr'><strong>omnes</strong></span> <span class='ocrx_word' id='word_1_27' title='bbox 1422 943 1659 1009; x_wconf 89' lang='lat' dir='ltr'><strong>deinde</strong></span> <span class='ocrx_word' id='word_1_28' title='bbox 1689 946 1767 1009; x_wconf 90' lang='lat' dir='ltr'><strong>ad</strong></span> <span class='ocrx_word' id='word_1_29' title='bbox 1802 945 1972 1009; x_wconf 83' lang='lat' dir='ltr'><strong>Petri</strong></span> <span class='ocrx_word' id='word_1_30' title='bbox 2014 943 2382 1009; x_wconf 87' lang='lat' dir='ltr'><strong>cathedram</strong></span> 
     </span>
     <span class='ocr_line' id='line_1_6' title="bbox 813 1038 2381 1121; baseline 0.003 -21"><span class='ocrx_word' id='word_1_31' title='bbox 813 1038 1120 1121; x_wconf 74' lang='lat' dir='ltr'><strong>assumpti</strong></span> <span class='ocrx_word' id='word_1_32' title='bbox 1152 1049 1322 1103; x_wconf 83' lang='lat' dir='ltr'><strong>sunt:</strong></span> <span class='ocrx_word' id='word_1_33' title='bbox 1353 1041 2158 1114; x_wconf 79' lang='lat' dir='ltr'><strong>Nicolinius‚Caffarellius,</strong></span> <span class='ocrx_word' id='word_1_34' title='bbox 2189 1042 2381 1107; x_wconf 81' lang='lat' dir='ltr'><strong>Justi·</strong></span> 
     </span>
     <span class='ocr_line' id='line_1_7' title="bbox 820 1134 2380 1222; baseline 0.004 -27"><span class='ocrx_word' id='word_1_35' title='bbox 820 1134 1060 1206; x_wconf 82' lang='lat' dir='ltr'><strong>nianus,</strong></span> <span class='ocrx_word' id='word_1_36' title='bbox 1089 1136 1544 1202; x_wconf 82' lang='lat' dir='ltr'><strong>Alexandrinus</strong></span> <span class='ocrx_word' id='word_1_37' title='bbox 1574 1139 1774 1203; x_wconf 84' lang='lat' dir='ltr'><strong>sancti</strong></span> <span class='ocrx_word' id='word_1_38' title='bbox 1802 1139 1885 1201; x_wconf 79' lang='lat' dir='ltr'><strong>Pii</strong></span> <span class='ocrx_word' id='word_1_39' title='bbox 1915 1140 2123 1215; x_wconf 91' lang='lat' dir='ltr'><strong>Quinti</strong></span> <span class='ocrx_word' id='word_1_40' title='bbox 2148 1143 2380 1222; x_wconf 82' lang='lat' dir='ltr'><strong>Nepos,</strong></span> 
     </span>
     <span class='ocr_line' id='line_1_8' title="bbox 819 1230 2382 1314; baseline 0.004 -22"><span class='ocrx_word' id='word_1_41' title='bbox 819 1230 1048 1314; x_wconf 85' lang='lat' dir='ltr'><strong>aliique</strong></span> <span class='ocrx_word' id='word_1_42' title='bbox 1078 1235 1405 1300; x_wconf 83' lang='lat' dir='ltr'><strong>Praesules</strong></span> <span class='ocrx_word' id='word_1_43' title='bbox 1438 1237 1601 1301; x_wconf 89' lang='lat' dir='ltr'><strong>hene</strong></span> <span class='ocrx_word' id='word_1_44' title='bbox 1632 1237 1837 1300; x_wconf 87' lang='lat' dir='ltr'><strong>multi:</strong></span> <span class='ocrx_word' id='word_1_45' title='bbox 1873 1238 2240 1309; x_wconf 79' lang='lat' dir='ltr'><strong>Hetruriae,</strong></span> <span class='ocrx_word' id='word_1_46' title='bbox 2271 1242 2382 1301; x_wconf 87' lang='lat' dir='ltr'><strong>Ba·</strong></span> 
     </span>
     <span class='ocr_line' id='line_1_9' title="bbox 817 1331 2381 1418; baseline 0.004 -28"><span class='ocrx_word' id='word_1_47' title='bbox 817 1331 1052 1403; x_wconf 82' lang='lat' dir='ltr'><strong>variae,</strong></span> <span class='ocrx_word' id='word_1_48' title='bbox 1083 1337 1148 1395; x_wconf 93' lang='lat' dir='ltr'><strong>et</strong></span> <span class='ocrx_word' id='word_1_49' title='bbox 1176 1338 1462 1399; x_wconf 75' lang='lat' dir='ltr'><strong>Mantuae</strong></span> <span class='ocrx_word' id='word_1_50' title='bbox 1502 1335 1826 1417; x_wconf 76' lang='lat' dir='ltr'><strong>Principes</strong></span> <span class='ocrx_word' id='word_1_51' title='bbox 1855 1335 2026 1398; x_wconf 88' lang='lat' dir='ltr'><strong>illam</strong></span> <span class='ocrx_word' id='word_1_52' title='bbox 2063 1334 2381 1418; x_wconf 74' lang='lat' dir='ltr'>religionis</span> 
     </span>
     <span class='ocr_line' id='line_1_10' title="bbox 812 1430 2382 1513; baseline 0.004 -27"><span class='ocrx_word' id='word_1_53' title='bbox 812 1435 879 1489; x_wconf 85' lang='lat' dir='ltr'><strong>et</strong></span> <span class='ocrx_word' id='word_1_54' title='bbox 907 1430 1320 1493; x_wconf 86' lang='lat' dir='ltr'><strong>venerationis</strong></span> <span class='ocrx_word' id='word_1_55' title='bbox 1343 1450 1528 1495; x_wconf 85' lang='lat' dir='ltr'><strong>causa</strong></span> <span class='ocrx_word' id='word_1_56' title='bbox 1560 1432 1917 1502; x_wconf 84' lang='lat' dir='ltr'><strong>adiverunt,</strong></span> <span class='ocrx_word' id='word_1_57' title='bbox 1952 1442 2270 1513; x_wconf 75' lang='lat' dir='ltr'><strong>tamquam</strong></span> <span class='ocrx_word' id='word_1_58' title='bbox 2304 1430 2382 1493; x_wconf 91' lang='lat' dir='ltr'><strong>ad</strong></span> 
     </span>
     <span class='ocr_line' id='line_1_11' title="bbox 816 1526 2380 1612; baseline 0.003 -25"><span class='ocrx_word' id='word_1_59' title='bbox 816 1526 1018 1589; x_wconf 87' lang='lat' dir='ltr'><strong>omnis</strong></span> <span class='ocrx_word' id='word_1_60' title='bbox 1076 1528 1429 1596; x_wconf 71' lang='lat' dir='ltr'>sanctitatis</span> <span class='ocrx_word' id='word_1_61' title='bbox 1488 1530 1852 1612; x_wconf 88' lang='lat' dir='ltr'><strong>magistram</strong></span> <span class='ocrx_word' id='word_1_62' title='bbox 1925 1529 2380 1611; x_wconf 73' lang='lat' dir='ltr'><strong>absolutaeque</strong></span> 
     </span>
     <span class='ocr_line' id='line_1_12' title="bbox 815 1621 2381 1709; baseline 0.001 -24"><span class='ocrx_word' id='word_1_63' title='bbox 815 1621 1218 1706; x_wconf 83' lang='lat' dir='ltr'><strong>perfectionis</strong></span> <span class='ocrx_word' id='word_1_64' title='bbox 1262 1626 1613 1707; x_wconf 82' lang='lat' dir='ltr'><strong>exemplar.</strong></span> <span class='ocrx_word' id='word_1_65' title='bbox 1661 1634 1920 1692; x_wconf 87' lang='lat' dir='ltr'><strong>Sanctus</strong></span> <span class='ocrx_word' id='word_1_66' title='bbox 1950 1650 2203 1709; x_wconf 86' lang='lat' dir='ltr'><strong>quoque</strong></span> <span class='ocrx_word' id='word_1_67' title='bbox 2250 1627 2381 1690; x_wconf 83' lang='lat' dir='ltr'><strong>Phi·</strong></span> 
     </span>
     <span class='ocr_line' id='line_1_13' title="bbox 815 1717 2379 1807; baseline 0.006 -30"><span class='ocrx_word' id='word_1_68' title='bbox 815 1717 1019 1802; x_wconf 81' lang='lat' dir='ltr'><strong>lippus</strong></span> <span class='ocrx_word' id='word_1_69' title='bbox 1046 1721 1310 1795; x_wconf 88' lang='lat' dir='ltr'><strong>Nerius,</strong></span> <span class='ocrx_word' id='word_1_70' title='bbox 1341 1732 1405 1784; x_wconf 88' lang='lat' dir='ltr'><strong>et</strong></span> <span class='ocrx_word' id='word_1_71' title='bbox 1433 1734 1644 1787; x_wconf 89' lang='lat' dir='ltr'><strong>sancta</strong></span> <span class='ocrx_word' id='word_1_72' title='bbox 1671 1724 1867 1787; x_wconf 80' lang='lat' dir='ltr'><strong>Maria</strong></span> <span class='ocrx_word' id='word_1_73' title='bbox 1896 1723 2259 1807; x_wconf 67' lang='lat' dir='ltr'><strong>magdalena</strong></span> <span class='ocrx_word' id='word_1_74' title='bbox 2302 1724 2379 1787; x_wconf 87' lang='lat' dir='ltr'><strong>de</strong></span> 
     </span>
     <span class='ocr_line' id='line_1_14' title="bbox 814 1817 2375 1893; baseline 0.003 -15"><span class='ocrx_word' id='word_1_75' title='bbox 814 1817 1045 1893; x_wconf 73' lang='lat' dir='ltr'><strong>Pazziis</strong></span> <span class='ocrx_word' id='word_1_76' title='bbox 1072 1862 1091 1889; x_wconf 96' lang='lat'><strong>,</strong></span> <span class='ocrx_word' id='word_1_77' title='bbox 1132 1838 1272 1882; x_wconf 90' lang='lat' dir='ltr'><strong>cum</strong></span> <span class='ocrx_word' id='word_1_78' title='bbox 1313 1825 1440 1881; x_wconf 88' lang='lat' dir='ltr'><strong>tam</strong></span> <span class='ocrx_word' id='word_1_79' title='bbox 1501 1820 1939 1886; x_wconf 79' lang='lat' dir='ltr'><strong>admirabilem</strong></span> <span class='ocrx_word' id='word_1_80' title='bbox 1986 1822 2375 1885; x_wconf 76' lang='lat' dir='ltr'><strong>sanctitatem</strong></span> 
     </span>
     <span class='ocr_line' id='line_1_15' title="bbox 814 1916 2380 2001; baseline 0.006 -29"><span class='ocrx_word' id='word_1_81' title='bbox 814 1933 936 1976; x_wconf 89' lang='lat' dir='ltr'><strong>uon</strong></span> <span class='ocrx_word' id='word_1_82' title='bbox 967 1922 1093 1978; x_wconf 89' lang='lat' dir='ltr'><strong>tam</strong></span> <span class='ocrx_word' id='word_1_83' title='bbox 1122 1916 1493 1981; x_wconf 82' lang='lat' dir='ltr'><strong>celebritate</strong></span> <span class='ocrx_word' id='word_1_84' title='bbox 1521 1917 1758 1992; x_wconf 84' lang='lat' dir='ltr'><strong>famae,</strong></span> <span class='ocrx_word' id='word_1_85' title='bbox 1791 1939 1980 2001; x_wconf 89' lang='lat' dir='ltr'><strong>quam</strong></span> <span class='ocrx_word' id='word_1_86' title='bbox 2013 1924 2142 1982; x_wconf 89' lang='lat' dir='ltr'><strong>Deo</strong></span> <span class='ocrx_word' id='word_1_87' title='bbox 2169 1927 2380 1983; x_wconf 79' lang='lat' dir='ltr'><strong>aucte·</strong></span> 
     </span>
     <span class='ocr_line' id='line_1_16' title="bbox 815 2013 2375 2089; baseline 0.004 -16"><span class='ocrx_word' id='word_1_88' title='bbox 815 2032 882 2075; x_wconf 90' lang='lat' dir='ltr'><strong>re</strong></span> <span class='ocrx_word' id='word_1_89' title='bbox 941 2013 1435 2089; x_wconf 77' lang='lat' dir='ltr'><strong>intellexissent,</strong></span> <span class='ocrx_word' id='word_1_90' title='bbox 1495 2017 1831 2081; x_wconf 81' lang='lat' dir='ltr'><strong>amicitiam</strong></span> <span class='ocrx_word' id='word_1_91' title='bbox 1891 2025 1957 2083; x_wconf 89' lang='lat' dir='ltr'><strong>et</strong></span> <span class='ocrx_word' id='word_1_92' title='bbox 2025 2017 2375 2081; x_wconf 88' lang='lat' dir='ltr'><strong>litterarum</strong></span> 
     </span>
     <span class='ocr_line' id='line_1_17' title="bbox 813 2113 2382 2189; baseline 0.001 -16"><span class='ocrx_word' id='word_1_93' title='bbox 813 2113 1256 2175; x_wconf 82' lang='lat' dir='ltr'><strong>commercium</strong></span> <span class='ocrx_word' id='word_1_94' title='bbox 1286 2134 1430 2177; x_wconf 90' lang='lat' dir='ltr'><strong>cum</strong></span> <span class='ocrx_word' id='word_1_95' title='bbox 1463 2134 1536 2177; x_wconf 89' lang='lat' dir='ltr'><strong>ea</strong></span> <span class='ocrx_word' id='word_1_96' title='bbox 1579 2114 1742 2179; x_wconf 91' lang='lat' dir='ltr'><strong>inire</strong></span> <span class='ocrx_word' id='word_1_97' title='bbox 1773 2114 2126 2179; x_wconf 77' lang='lat' dir='ltr'><strong>voluerunt.</strong></span> <span class='ocrx_word' id='word_1_98' title='bbox 2170 2114 2382 2189; x_wconf 83' lang='lat' dir='ltr'><strong>Quini-</strong></span> 
     </span>
     <span class='ocr_line' id='line_1_18' title="bbox 816 2210 2386 2294; baseline 0.003 -26"><span class='ocrx_word' id='word_1_99' title='bbox 816 2228 922 2271; x_wconf 87' lang='lat' dir='ltr'><strong>mo</strong></span> <span class='ocrx_word' id='word_1_100' title='bbox 949 2214 1007 2271; x_wconf 89' lang='lat' dir='ltr'><strong>S.</strong></span> <span class='ocrx_word' id='word_1_101' title='bbox 1052 2210 1372 2294; x_wconf 80' lang='lat' dir='ltr'><strong>Philippus</strong></span> <span class='ocrx_word' id='word_1_102' title='bbox 1417 2230 1558 2274; x_wconf 89' lang='lat' dir='ltr'><strong>cum</strong></span> <span class='ocrx_word' id='word_1_103' title='bbox 1593 2220 1828 2276; x_wconf 85' lang='lat' dir='ltr'><strong>Romae</strong></span> <span class='ocrx_word' id='word_1_104' title='bbox 1874 2220 2267 2286; x_wconf 85' lang='lat' dir='ltr'><strong>moraretur,</strong></span> <span class='ocrx_word' id='word_1_105' title='bbox 2311 2212 2386 2274; x_wconf 89' lang='lat' dir='ltr'><strong>il-</strong></span> 
     </span>
     <span class='ocr_line' id='line_1_19' title="bbox 813 2302 2385 2391; baseline 0.004 -27"><span class='ocrx_word' id='word_1_106' title='bbox 813 2302 938 2368; x_wconf 91' lang='lat' dir='ltr'><strong>lius</strong></span> <span class='ocrx_word' id='word_1_107' title='bbox 961 2313 1165 2370; x_wconf 91' lang='lat' dir='ltr'><strong>tamen</strong></span> <span class='ocrx_word' id='word_1_108' title='bbox 1193 2315 1517 2389; x_wconf 88' lang='lat' dir='ltr'><strong>aspectum</strong></span> <span class='ocrx_word' id='word_1_109' title='bbox 1542 2308 1836 2374; x_wconf 88' lang='lat' dir='ltr'><strong>babuisse</strong></span> <span class='ocrx_word' id='word_1_110' title='bbox 1864 2318 2289 2391; x_wconf 87' lang='lat' dir='ltr'><strong>praesentem,</strong></span> <span class='ocrx_word' id='word_1_111' title='bbox 2319 2314 2385 2372; x_wconf 90' lang='lat' dir='ltr'><strong>et</strong></span> 
     </span>
     <span class='ocr_line' id='line_1_20' title="bbox 816 2405 2382 2488; baseline 0.002 -20"><span class='ocrx_word' id='word_1_112' title='bbox 816 2421 958 2468; x_wconf 79' lang='lat' dir='ltr'><strong>cum</strong></span> <span class='ocrx_word' id='word_1_113' title='bbox 991 2424 1064 2467; x_wconf 89' lang='lat' dir='ltr'><strong>ea</strong></span> <span class='ocrx_word' id='word_1_114' title='bbox 1111 2405 1251 2487; x_wconf 89' lang='lat' dir='ltr'><strong>pios</strong></span> <span class='ocrx_word' id='word_1_115' title='bbox 1284 2406 1628 2488; x_wconf 83' lang='lat' dir='ltr'><strong>dulcesque</strong></span> <span class='ocrx_word' id='word_1_116' title='bbox 1669 2407 2009 2474; x_wconf 87' lang='lat' dir='ltr'><strong>inseruisse</strong></span> <span class='ocrx_word' id='word_1_117' title='bbox 2054 2427 2382 2472; x_wconf 85' lang='lat' dir='ltr'><strong>sermones</strong></span> 
     </span>
     <span class='ocr_line' id='line_1_21' title="bbox 792 2502 2383 2584; baseline 0.003 -22"><span class='ocrx_word' id='word_1_118' title='bbox 792 2508 946 2573; x_wconf 69' lang='lat' dir='ltr'><strong>,tum</strong></span> <span class='ocrx_word' id='word_1_119' title='bbox 978 2502 1111 2584; x_wconf 88' lang='lat' dir='ltr'><strong>ipse</strong></span> <span class='ocrx_word' id='word_1_120' title='bbox 1139 2512 1407 2569; x_wconf 89' lang='lat' dir='ltr'><strong>testatus</strong></span> <span class='ocrx_word' id='word_1_121' title='bbox 1437 2511 1579 2578; x_wconf 88' lang='lat' dir='ltr'><strong>est,</strong></span> <span class='ocrx_word' id='word_1_122' title='bbox 1610 2512 1736 2568; x_wconf 87' lang='lat' dir='ltr'><strong>tum</strong></span> <span class='ocrx_word' id='word_1_123' title='bbox 1761 2504 2111 2570; x_wconf 86' lang='lat' dir='ltr'><strong>luculenter</strong></span> <span class='ocrx_word' id='word_1_124' title='bbox 2141 2507 2292 2570; x_wconf 89' lang='lat' dir='ltr'><strong>satis</strong></span> <span class='ocrx_word' id='word_1_125' title='bbox 2319 2505 2383 2567; x_wconf 90' lang='lat' dir='ltr'><strong>in</strong></span> 
     </span>
     <span class='ocr_line' id='line_1_22' title="bbox 813 2598 2383 2688; baseline 0 -23"><span class='ocrx_word' id='word_1_126' title='bbox 813 2599 954 2682; x_wconf 74' lang='lat' dir='ltr'><strong>ejus</strong></span> <span class='ocrx_word' id='word_1_127' title='bbox 983 2598 1163 2665; x_wconf 88' lang='lat' dir='ltr'><strong>Bulla</strong></span> <span class='ocrx_word' id='word_1_128' title='bbox 1190 2601 1678 2666; x_wconf 86' lang='lat' dir='ltr'><strong>Canonizationis</strong></span> <span class='ocrx_word' id='word_1_129' title='bbox 1706 2603 2086 2668; x_wconf 89' lang='lat' dir='ltr'><strong>declaratum</strong></span> <span class='ocrx_word' id='word_1_130' title='bbox 2117 2603 2383 2688; x_wconf 85' lang='lat' dir='ltr'><strong>legimus</strong></span> 
     </span>
     <span class='ocr_line' id='line_1_23' title="bbox 815 2696 2384 2780; baseline 0.005 -25"><span class='ocrx_word' id='word_1_131' title='bbox 815 2696 880 2757; x_wconf 88' lang='lat' dir='ltr'><strong>in</strong></span> <span class='ocrx_word' id='word_1_132' title='bbox 910 2697 1068 2761; x_wconf 88' lang='lat' dir='ltr'><strong>haec</strong></span> <span class='ocrx_word' id='word_1_133' title='bbox 1097 2700 1327 2763; x_wconf 77' lang='lat' dir='ltr'><strong>verba:</strong></span> <span class='ocrx_word' id='word_1_134' title='bbox 1363 2706 1508 2763; x_wconf 82' lang='lat' dir='ltr'><strong>Cum</strong></span> <span class='ocrx_word' id='word_1_135' title='bbox 1535 2707 1604 2762; x_wconf 71' lang='lat' dir='ltr'><strong>in</strong></span> <span class='ocrx_word' id='word_1_136' title='bbox 1641 2706 1790 2764; x_wconf 78' lang='lat' dir='ltr'><strong>Urbe</strong></span> <span class='ocrx_word' id='word_1_137' title='bbox 1821 2714 2125 2780; x_wconf 79' lang='lat' dir='ltr'><strong>maneret,</strong></span> <span class='ocrx_word' id='word_1_138' title='bbox 2154 2715 2294 2765; x_wconf 72' lang='lat' dir='ltr'><strong>mac</strong></span> <span class='ocrx_word' id='word_1_139' title='bbox 2316 2708 2384 2764; x_wconf 78' lang='lat' dir='ltr'><strong>iu</strong></span> 
     </span>
    </p>
   </div>
   <div class='ocr_carea' id='block_1_3' title="bbox 701 2798 2383 2874">
    <p class='ocr_par' dir='ltr' id='par_1_3' title="bbox 701 2798 2383 2874">
     <span class='ocr_line' id='line_1_24' title="bbox 701 2798 2383 2874; baseline 0.002 -17"><span class='ocrx_word' id='word_1_140' title='bbox 701 2816 708 2827; x_wconf 61' lang='lat'><strong>¹</strong></span> <span class='ocrx_word' id='word_1_141' title='bbox 812 2798 1094 2857; x_wconf 71' lang='lat' dir='ltr'><strong>humanis</strong></span> <span class='ocrx_word' id='word_1_142' title='bbox 1114 2808 1389 2874; x_wconf 63' lang='lat' dir='ltr'><strong>wentam</strong></span> <span class='ocrx_word' id='word_1_143' title='bbox 1405 2803 1798 2861; x_wconf 71' lang='lat' dir='ltr'><strong>catharinam</strong></span> <span class='ocrx_word' id='word_1_144' title='bbox 1830 2803 2092 2862; x_wconf 80' lang='lat' dir='ltr'><strong>Ricciam</strong></span> <span class='ocrx_word' id='word_1_145' title='bbox 2111 2813 2222 2862; x_wconf 82' lang='lat' dir='ltr'><strong>etc.</strong></span> <span class='ocrx_word' id='word_1_146' title='bbox 2248 2802 2383 2860; x_wconf 76' lang='grc' dir='ltr'><strong>Μο-</strong></span> 
     </span>
    </p>
   </div>
   <div class='ocr_carea' id='block_1_4' title="bbox 812 2897 2397 5518">
    <p class='ocr_par' dir='ltr' id='par_1_4' title="bbox 812 2897 2397 5518">
     <span class='ocr_line' id='line_1_25' title="bbox 812 2897 2378 2975; baseline 0.004 -23"><span class='ocrx_word' id='word_1_147' title='bbox 812 2897 1044 2954; x_wconf 68' lang='lat' dir='ltr'><strong>niolam</strong></span> <span class='ocrx_word' id='word_1_148' title='bbox 1079 2897 1253 2957; x_wconf 79' lang='lat' dir='ltr'><strong>Praci</strong></span> <span class='ocrx_word' id='word_1_149' title='bbox 1279 2899 1345 2955; x_wconf 78' lang='lat' dir='ltr'><strong>in</strong></span> <span class='ocrx_word' id='word_1_150' title='bbox 1373 2901 1674 2959; x_wconf 71' lang='lat' dir='ltr'><strong>Heln-uria</strong></span> <span class='ocrx_word' id='word_1_151' title='bbox 1701 2910 2168 2960; x_wconf 75' lang='lat' dir='ltr'><strong>eouimorantem</strong></span> <span class='ocrx_word' id='word_1_152' title='bbox 2198 2904 2378 2975; x_wconf 63' lang='lat' dir='ltr'><strong>longo</strong></span> 
     </span>
     <span class='ocr_line' id='line_1_26' title="bbox 814 2994 2382 3076; baseline 0.005 -23"><span class='ocrx_word' id='word_1_153' title='bbox 814 2998 1097 3067; x_wconf 72' lang='lat' dir='ltr'><strong>temporis</strong></span> <span class='ocrx_word' id='word_1_154' title='bbox 1137 2999 1336 3068; x_wconf 73' lang='lat' dir='ltr'><strong>spatio</strong></span> <span class='ocrx_word' id='word_1_155' title='bbox 1368 3006 1456 3056; x_wconf 77' lang='lat' dir='ltr'><strong>ost</strong></span> <span class='ocrx_word' id='word_1_156' title='bbox 1499 3000 1828 3058; x_wconf 72' lang='lat' dir='ltr'><strong>allocutus.</strong></span> <span class='ocrx_word' id='word_1_157' title='bbox 1874 2997 2053 3068; x_wconf 86' lang='lat' dir='ltr'><strong>Quod</strong></span> <span class='ocrx_word' id='word_1_158' title='bbox 2097 2994 2382 3076; x_wconf 71' lang='lat' dir='ltr'><strong>profecto</strong></span> 
     </span>
     <span class='ocr_line' id='line_1_27' title="bbox 813 3085 2383 3174; baseline 0.003 -23"><span class='ocrx_word' id='word_1_159' title='bbox 813 3085 996 3152; x_wconf 87' lang='lat' dir='ltr'><strong>aliter</strong></span> <span class='ocrx_word' id='word_1_160' title='bbox 1037 3091 1395 3174; x_wconf 88' lang='lat' dir='ltr'><strong>contingere</strong></span> <span class='ocrx_word' id='word_1_161' title='bbox 1454 3093 1705 3156; x_wconf 91' lang='lat' dir='ltr'><strong>minime</strong></span> <span class='ocrx_word' id='word_1_162' title='bbox 1748 3094 1953 3174; x_wconf 88' lang='lat' dir='ltr'><strong>potuit</strong></span> <span class='ocrx_word' id='word_1_163' title='bbox 1978 3136 1997 3165; x_wconf 94' lang='lat'><strong>,</strong></span> <span class='ocrx_word' id='word_1_164' title='bbox 2061 3093 2180 3157; x_wconf 91' lang='lat' dir='ltr'><strong>nisi</strong></span> <span class='ocrx_word' id='word_1_165' title='bbox 2239 3113 2383 3158; x_wconf 88' lang='lat' dir='ltr'><strong>cum</strong></span> 
     </span>
     <span class='ocr_line' id='line_1_28' title="bbox 813 3187 2383 3272; baseline 0 -20"><span class='ocrx_word' id='word_1_166' title='bbox 813 3187 1006 3252; x_wconf 72' lang='lat' dir='ltr'><strong>ambo</strong></span> <span class='ocrx_word' id='word_1_167' title='bbox 1037 3188 1096 3247; x_wconf 89' lang='lat' dir='ltr'><strong>in</strong></span> <span class='ocrx_word' id='word_1_168' title='bbox 1128 3190 1419 3252; x_wconf 84' lang='lat' dir='ltr'><strong>ecstasim</strong></span> <span class='ocrx_word' id='word_1_169' title='bbox 1466 3192 1619 3271; x_wconf 85' lang='lat' dir='ltr'><strong>rapti</strong></span> <span class='ocrx_word' id='word_1_170' title='bbox 1654 3191 1865 3272; x_wconf 89' lang='lat' dir='ltr'><strong>(quod</strong></span> <span class='ocrx_word' id='word_1_171' title='bbox 1899 3190 2029 3253; x_wconf 80' lang='lat' dir='ltr'><strong>illis</strong></span> <span class='ocrx_word' id='word_1_172' title='bbox 2076 3189 2383 3253; x_wconf 77' lang='lat' dir='ltr'><strong>familiare</strong></span> 
     </span>
     <span class='ocr_line' id='line_1_29' title="bbox 816 3283 2384 3369; baseline 0.004 -24"><span class='ocrx_word' id='word_1_173' title='bbox 816 3283 1154 3346; x_wconf 82' lang='lat' dir='ltr'><strong>admodum</strong></span> <span class='ocrx_word' id='word_1_174' title='bbox 1201 3284 1366 3369; x_wconf 89' lang='lat' dir='ltr'><strong>fuit)</strong></span> <span class='ocrx_word' id='word_1_175' title='bbox 1408 3288 1597 3351; x_wconf 89' lang='lat' dir='ltr'><strong>ambo</strong></span> <span class='ocrx_word' id='word_1_176' title='bbox 1629 3288 1815 3352; x_wconf 86' lang='lat' dir='ltr'><strong>etiam</strong></span> <span class='ocrx_word' id='word_1_177' title='bbox 1861 3309 2070 3353; x_wconf 90' lang='lat' dir='ltr'><strong>coram</strong></span> <span class='ocrx_word' id='word_1_178' title='bbox 2121 3288 2384 3351; x_wconf 86' lang='lat' dir='ltr'><strong>Domino</strong></span> 
     </span>
     <span class='ocr_line' id='line_1_30' title="bbox 815 3380 2384 3464; baseline 0.004 -23"><span class='ocrx_word' id='word_1_179' title='bbox 815 3380 879 3441; x_wconf 90' lang='lat' dir='ltr'><strong>in</strong></span> <span class='ocrx_word' id='word_1_180' title='bbox 912 3382 1134 3462; x_wconf 83' lang='lat' dir='ltr'><strong>spiritu</strong></span> <span class='ocrx_word' id='word_1_181' title='bbox 1177 3394 1732 3448; x_wconf 88' lang='lat' dir='ltr'><strong>commorarentur.</strong></span> <span class='ocrx_word' id='word_1_182' title='bbox 1779 3386 1848 3448; x_wconf 87' lang='lat' dir='ltr'><strong>ld</strong></span> <span class='ocrx_word' id='word_1_183' title='bbox 1880 3385 2082 3464; x_wconf 89' lang='lat' dir='ltr'><strong>ipsum</strong></span> <span class='ocrx_word' id='word_1_184' title='bbox 2126 3392 2334 3449; x_wconf 86' lang='lat' dir='ltr'><strong>autem</strong></span> <span class='ocrx_word' id='word_1_185' title='bbox 2360 3428 2384 3458; x_wconf 90' lang='lat'><strong>,</strong></span> 
     </span>
     <span class='ocr_line' id='line_1_31' title="bbox 819 3481 2386 3563; baseline 0.004 -27"><span class='ocrx_word' id='word_1_186' title='bbox 819 3494 961 3538; x_wconf 86' lang='lat' dir='ltr'><strong>curn</strong></span> <span class='ocrx_word' id='word_1_187' title='bbox 995 3484 1489 3545; x_wconf 78' lang='lat' dir='ltr'><strong>BENEDtCTUM</strong></span> <span class='ocrx_word' id='word_1_188' title='bbox 1523 3481 2144 3563; x_wconf 87' lang='lat' dir='ltr'><strong>Decimumquartum</strong></span> <span class='ocrx_word' id='word_1_189' title='bbox 2179 3483 2386 3545; x_wconf 84' lang='lat' dir='ltr'><strong>Ponti-</strong></span> 
     </span>
     <span class='ocr_line' id='line_1_32' title="bbox 817 3570 2384 3660; baseline 0.005 -26"><span class='ocrx_word' id='word_1_190' title='bbox 817 3570 1001 3638; x_wconf 87' lang='lat' dir='ltr'><strong>ficem</strong></span> <span class='ocrx_word' id='word_1_191' title='bbox 1034 3575 1349 3656; x_wconf 85' lang='lat' dir='ltr'><strong>optimum</strong></span> <span class='ocrx_word' id='word_1_192' title='bbox 1378 3577 1709 3639; x_wconf 75' lang='lat' dir='ltr'><strong>Maximum</strong></span> <span class='ocrx_word' id='word_1_193' title='bbox 1754 3597 1865 3658; x_wconf 92' lang='lat' dir='ltr'><strong>pro</strong></span> <span class='ocrx_word' id='word_1_194' title='bbox 1895 3578 2226 3660; x_wconf 88' lang='lat' dir='ltr'><strong>omnigena</strong></span> <span class='ocrx_word' id='word_1_195' title='bbox 2273 3598 2384 3642; x_wconf 88' lang='lat' dir='ltr'><strong>sua</strong></span> 
     </span>
     <span class='ocr_line' id='line_1_33' title="bbox 822 3672 2387 3758; baseline 0.004 -25"><span class='ocrx_word' id='word_1_196' title='bbox 822 3672 1174 3735; x_wconf 83' lang='lat' dir='ltr'><strong>eruditione</strong></span> <span class='ocrx_word' id='word_1_197' title='bbox 1206 3694 1346 3737; x_wconf 88' lang='lat' dir='ltr'><strong>cum</strong></span> <span class='ocrx_word' id='word_1_198' title='bbox 1378 3673 1438 3733; x_wconf 89' lang='lat' dir='ltr'><strong>iu</strong></span> <span class='ocrx_word' id='word_1_199' title='bbox 1471 3677 1663 3737; x_wconf 88' lang='lat' dir='ltr'><strong>rebus</strong></span> <span class='ocrx_word' id='word_1_200' title='bbox 1694 3675 2012 3748; x_wconf 90' lang='lat' dir='ltr'><strong>omnihus,</strong></span> <span class='ocrx_word' id='word_1_201' title='bbox 2043 3684 2173 3737; x_wconf 91' lang='lat' dir='ltr'><strong>tum</strong></span> <span class='ocrx_word' id='word_1_202' title='bbox 2208 3695 2387 3758; x_wconf 86' lang='lat' dir='ltr'><strong>prae·</strong></span> 
     </span>
     <span class='ocr_line' id='line_1_34' title="bbox 825 3769 2385 3852; baseline 0.001 -19"><span class='ocrx_word' id='word_1_203' title='bbox 825 3769 1012 3852; x_wconf 86' lang='lat' dir='ltr'><strong>cipue</strong></span> <span class='ocrx_word' id='word_1_204' title='bbox 1041 3769 1103 3830; x_wconf 92' lang='lat' dir='ltr'><strong>in</strong></span> <span class='ocrx_word' id='word_1_205' title='bbox 1131 3769 1405 3833; x_wconf 89' lang='lat' dir='ltr'><strong>historiis</strong></span> <span class='ocrx_word' id='word_1_206' title='bbox 1431 3777 1760 3834; x_wconf 86' lang='lat' dir='ltr'><strong>Servorum</strong></span> <span class='ocrx_word' id='word_1_207' title='bbox 1795 3773 1943 3846; x_wconf 86' lang='lat' dir='ltr'><strong>Dei,</strong></span> <span class='ocrx_word' id='word_1_208' title='bbox 1975 3772 2177 3837; x_wconf 90' lang='lat' dir='ltr'><strong>latere</strong></span> <span class='ocrx_word' id='word_1_209' title='bbox 2208 3773 2385 3834; x_wconf 88' lang='lat' dir='ltr'><strong>mini-</strong></span> 
     </span>
     <span class='ocr_line' id='line_1_35' title="bbox 827 3867 2382 3953; baseline 0.003 -25"><span class='ocrx_word' id='word_1_210' title='bbox 827 3886 939 3930; x_wconf 86' lang='lat' dir='ltr'><strong>me</strong></span> <span class='ocrx_word' id='word_1_211' title='bbox 977 3876 1228 3947; x_wconf 85' lang='lat' dir='ltr'><strong>posset,</strong></span> <span class='ocrx_word' id='word_1_212' title='bbox 1289 3868 1351 3946; x_wconf 85' lang='lat' dir='ltr'><strong>in</strong></span> <span class='ocrx_word' id='word_1_213' title='bbox 1393 3888 1576 3932; x_wconf 71' lang='lat' dir='ltr'><strong>causa</strong></span> <span class='ocrx_word' id='word_1_214' title='bbox 1620 3867 1775 3940; x_wconf 88' lang='lat' dir='ltr'><strong>fuit,</strong></span> <span class='ocrx_word' id='word_1_215' title='bbox 1817 3890 1931 3933; x_wconf 89' lang='lat' dir='ltr'><strong>cur</strong></span> <span class='ocrx_word' id='word_1_216' title='bbox 1970 3870 2137 3933; x_wconf 85' lang='lat' dir='ltr'><strong>diem</strong></span> <span class='ocrx_word' id='word_1_217' title='bbox 2182 3870 2382 3953; x_wconf 86' lang='lat' dir='ltr'><strong>ipsam</strong></span> 
     </span>
     <span class='ocr_line' id='line_1_36' title="bbox 829 3964 2387 4051; baseline 0.005 -26"><span class='ocrx_word' id='word_1_218' title='bbox 829 3973 886 4026; x_wconf 77' lang='lat' dir='ltr'><strong>S.</strong></span> <span class='ocrx_word' id='word_1_219' title='bbox 921 3964 1194 4046; x_wconf 81' lang='lat' dir='ltr'><strong>Philippo</strong></span> <span class='ocrx_word' id='word_1_220' title='bbox 1223 3967 1414 4030; x_wconf 86' lang='lat' dir='ltr'><strong>Nerio</strong></span> <span class='ocrx_word' id='word_1_221' title='bbox 1441 3968 1713 4031; x_wconf 86' lang='lat' dir='ltr'><strong>dicatam</strong></span> <span class='ocrx_word' id='word_1_222' title='bbox 1743 3965 2052 4051; x_wconf 85' lang='lat' dir='ltr'><strong>elegerit,</strong></span> <span class='ocrx_word' id='word_1_223' title='bbox 2085 3988 2207 4050; x_wconf 90' lang='lat' dir='ltr'><strong>qua</strong></span> <span class='ocrx_word' id='word_1_224' title='bbox 2238 3988 2273 4033; x_wconf 89' lang='lat' dir='ltr'><strong>a</strong></span> <span class='ocrx_word' id='word_1_225' title='bbox 2318 3989 2387 4033; x_wconf 86' lang='lat' dir='ltr'><strong>se</strong></span> 
     </span>
     <span class='ocr_line' id='line_1_37' title="bbox 829 4062 2351 4148; baseline 0.003 -24"><span class='ocrx_word' id='word_1_226' title='bbox 829 4064 1046 4126; x_wconf 87' lang='lat' dir='ltr'><strong>beatae</strong></span> <span class='ocrx_word' id='word_1_227' title='bbox 1075 4062 1437 4128; x_wconf 79' lang='lat' dir='ltr'><strong>catharinae</strong></span> <span class='ocrx_word' id='word_1_228' title='bbox 1469 4064 1762 4128; x_wconf 86' lang='lat' dir='ltr'><strong>miracula</strong></span> <span class='ocrx_word' id='word_1_229' title='bbox 1785 4067 2300 4148; x_wconf 84' lang='lat' dir='ltr'><strong>approbarentur.</strong></span> <span class='ocrx_word' id='word_1_230' title='bbox 2329 4065 2351 4119; x_wconf 63' lang='grc' dir='ltr'><strong><em>ὁ</em></strong></span> 
     </span>
     <span class='ocr_line' id='line_1_38' title="bbox 960 4161 2390 4246; baseline 0.002 -23"><span class='ocrx_word' id='word_1_231' title='bbox 960 4191 981 4213; x_wconf 90' lang='lat'><strong>·</strong></span> <span class='ocrx_word' id='word_1_232' title='bbox 1008 4161 1396 4225; x_wconf 80' lang='lat' dir='ltr'><strong>catharinam</strong></span> <span class='ocrx_word' id='word_1_233' title='bbox 1419 4161 1656 4227; x_wconf 86' lang='lat' dir='ltr'><strong>interea</strong></span> <span class='ocrx_word' id='word_1_234' title='bbox 1686 4169 1969 4246; x_wconf 88' lang='lat' dir='ltr'><strong>agentem</strong></span> <span class='ocrx_word' id='word_1_235' title='bbox 1977 4162 2108 4244; x_wconf 83' lang='lat' dir='ltr'><strong>jam</strong></span> <span class='ocrx_word' id='word_1_236' title='bbox 2131 4182 2390 4244; x_wconf 85' lang='lat' dir='ltr'><strong>sexage-</strong></span> 
     </span>
     <span class='ocr_line' id='line_1_39' title="bbox 826 4258 2389 4339; baseline -0.001 -16"><span class='ocrx_word' id='word_1_237' title='bbox 826 4260 1052 4323; x_wconf 78' lang='lat' dir='ltr'><strong>simum</strong></span> <span class='ocrx_word' id='word_1_238' title='bbox 1095 4260 1428 4339; x_wconf 86' lang='lat' dir='ltr'><strong>septimum</strong></span> <span class='ocrx_word' id='word_1_239' title='bbox 1475 4278 1748 4333; x_wconf 88' lang='lat' dir='ltr'><strong>annum,</strong></span> <span class='ocrx_word' id='word_1_240' title='bbox 1783 4258 2147 4323; x_wconf 85' lang='lat' dir='ltr'><strong>mortiferus</strong></span> <span class='ocrx_word' id='word_1_241' title='bbox 2189 4260 2389 4322; x_wconf 88' lang='lat' dir='ltr'><strong>idem·</strong></span> 
     </span>
     <span class='ocr_line' id='line_1_40' title="bbox 825 4356 2386 4440; baseline -0.003 -17"><span class='ocrx_word' id='word_1_242' title='bbox 825 4378 951 4440; x_wconf 86' lang='lat' dir='ltr'><strong>que</strong></span> <span class='ocrx_word' id='word_1_243' title='bbox 992 4358 1444 4421; x_wconf 87' lang='lat' dir='ltr'><strong>acerbissimus</strong></span> <span class='ocrx_word' id='word_1_244' title='bbox 1474 4357 1698 4421; x_wconf 77' lang='lat' dir='ltr'><strong>invasit</strong></span> <span class='ocrx_word' id='word_1_245' title='bbox 1726 4360 1982 4421; x_wconf 89' lang='lat' dir='ltr'><strong>morbus</strong></span> <span class='ocrx_word' id='word_1_246' title='bbox 2024 4375 2107 4421; x_wconf 83' lang='lat' dir='ltr'><strong>ex</strong></span> <span class='ocrx_word' id='word_1_247' title='bbox 2146 4356 2341 4419; x_wconf 85' lang='lat' dir='ltr'><strong>nimia</strong></span> <span class='ocrx_word' id='word_1_248' title='bbox 2365 4399 2386 4429; x_wconf 91' lang='lat'><strong>,</strong></span> 
     </span>
     <span class='ocr_line' id='line_1_41' title="bbox 822 4455 2383 4538; baseline -0.003 -18"><span class='ocrx_word' id='word_1_249' title='bbox 822 4465 893 4520; x_wconf 71' lang='lat' dir='ltr'><strong>ut</strong></span> <span class='ocrx_word' id='word_1_250' title='bbox 922 4456 1237 4538; x_wconf 88' lang='lat' dir='ltr'><strong>proditum</strong></span> <span class='ocrx_word' id='word_1_251' title='bbox 1268 4465 1388 4526; x_wconf 88' lang='lat' dir='ltr'><strong>est,</strong></span> <span class='ocrx_word' id='word_1_252' title='bbox 1419 4455 1581 4519; x_wconf 78' lang='lat' dir='ltr'><strong>vitae</strong></span> <span class='ocrx_word' id='word_1_253' title='bbox 1611 4455 1980 4518; x_wconf 84' lang='lat' dir='ltr'><strong>austeritate</strong></span> <span class='ocrx_word' id='word_1_254' title='bbox 2008 4462 2383 4518; x_wconf 88' lang='lat' dir='ltr'><strong>contractus.</strong></span> 
     </span>
     <span class='ocr_line' id='line_1_42' title="bbox 826 4550 2387 4637; baseline -0.001 -20"><span class='ocrx_word' id='word_1_255' title='bbox 826 4562 1242 4637; x_wconf 86' lang='lat' dir='ltr'><strong>Quapropter,</strong></span> <span class='ocrx_word' id='word_1_256' title='bbox 1271 4554 1421 4618; x_wconf 89' lang='lat' dir='ltr'><strong>utin</strong></span> <span class='ocrx_word' id='word_1_257' title='bbox 1443 4573 1772 4618; x_wconf 88' lang='lat' dir='ltr'><strong>occursum</strong></span> <span class='ocrx_word' id='word_1_258' title='bbox 1803 4552 1992 4615; x_wconf 81' lang='lat' dir='ltr'><strong>divini</strong></span> <span class='ocrx_word' id='word_1_259' title='bbox 2014 4552 2235 4634; x_wconf 85' lang='lat' dir='ltr'><strong>Sponsi</strong></span> <span class='ocrx_word' id='word_1_260' title='bbox 2259 4550 2387 4634; x_wconf 92' lang='lat' dir='ltr'><strong>ple-</strong></span> 
     </span>
     <span class='ocr_line' id='line_1_43' title="bbox 822 4650 2385 4737; baseline -0.003 -20"><span class='ocrx_word' id='word_1_261' title='bbox 822 4674 899 4718; x_wconf 89' lang='lat' dir='ltr'><strong>na</strong></span> <span class='ocrx_word' id='word_1_262' title='bbox 942 4654 1232 4737; x_wconf 85' lang='lat' dir='ltr'><strong>lampade</strong></span> <span class='ocrx_word' id='word_1_263' title='bbox 1263 4653 1452 4735; x_wconf 88' lang='lat' dir='ltr'><strong>Virgo</strong></span> <span class='ocrx_word' id='word_1_264' title='bbox 1493 4650 1978 4732; x_wconf 80' lang='lat' dir='ltr'><strong>prudentissima</strong></span> <span class='ocrx_word' id='word_1_265' title='bbox 2012 4671 2080 4715; x_wconf 91' lang='lat' dir='ltr'><strong>se</strong></span> <span class='ocrx_word' id='word_1_266' title='bbox 2129 4669 2385 4731; x_wconf 88' lang='lat' dir='ltr'><strong>praepa-</strong></span> 
     </span>
     <span class='ocr_line' id='line_1_44' title="bbox 823 4746 2385 4833; baseline -0.004 -16"><span class='ocrx_word' id='word_1_267' title='bbox 823 4760 1030 4824; x_wconf 87' lang='lat' dir='ltr'><strong>raret,</strong></span> <span class='ocrx_word' id='word_1_268' title='bbox 1059 4751 1214 4813; x_wconf 88' lang='lat' dir='ltr'><strong>uihil</strong></span> <span class='ocrx_word' id='word_1_269' title='bbox 1243 4749 1484 4814; x_wconf 80' lang='lat' dir='ltr'><strong>curavit</strong></span> <span class='ocrx_word' id='word_1_270' title='bbox 1525 4749 1763 4833; x_wconf 88' lang='lat' dir='ltr'><strong>magis,</strong></span> <span class='ocrx_word' id='word_1_271' title='bbox 1794 4768 1979 4831; x_wconf 89' lang='lat' dir='ltr'><strong>quam</strong></span> <span class='ocrx_word' id='word_1_272' title='bbox 2014 4754 2083 4810; x_wconf 95' lang='lat' dir='ltr'><strong>ut</strong></span> <span class='ocrx_word' id='word_1_273' title='bbox 2127 4746 2385 4810; x_wconf 90' lang='lat' dir='ltr'><strong>sanctis·</strong></span> 
     </span>
     <span class='ocr_line' id='line_1_45' title="bbox 820 4845 2390 4916; baseline -0.005 0"><span class='ocrx_word' id='word_1_274' title='bbox 820 4850 978 4916; x_wconf 81' lang='lat' dir='ltr'><strong>sima</strong></span> <span class='ocrx_word' id='word_1_275' title='bbox 1010 4849 1327 4914; x_wconf 87' lang='lat' dir='ltr'><strong>Ecclesiae</strong></span> <span class='ocrx_word' id='word_1_276' title='bbox 1354 4856 1737 4911; x_wconf 88' lang='lat' dir='ltr'><strong>sacramenta</strong></span> <span class='ocrx_word' id='word_1_277' title='bbox 1756 4845 2162 4910; x_wconf 83' lang='lat' dir='ltr'><strong>devotissime</strong></span> <span class='ocrx_word' id='word_1_278' title='bbox 2180 4864 2390 4908; x_wconf 88' lang='lat' dir='ltr'><strong>sume·</strong></span> 
     </span>
     <span class='ocr_line' id='line_1_46' title="bbox 819 4942 2394 5014; baseline -0.004 -2"><span class='ocrx_word' id='word_1_279' title='bbox 819 4959 937 5014; x_wconf 91' lang='lat' dir='ltr'><strong>ret.</strong></span> <span class='ocrx_word' id='word_1_280' title='bbox 971 4949 1318 5012; x_wconf 79' lang='lat' dir='ltr'><strong>Adstahant</strong></span> <span class='ocrx_word' id='word_1_281' title='bbox 1348 4947 1587 5010; x_wconf 86' lang='lat' dir='ltr'><strong>interea</strong></span> <span class='ocrx_word' id='word_1_282' title='bbox 1611 4944 1978 5009; x_wconf 79' lang='lat' dir='ltr'><strong>catharinae</strong></span> <span class='ocrx_word' id='word_1_283' title='bbox 1999 4942 2237 5008; x_wconf 91' lang='lat' dir='ltr'><strong>lectulo</strong></span> <span class='ocrx_word' id='word_1_284' title='bbox 2264 4948 2394 5006; x_wconf 83' lang='lat' dir='ltr'><strong>Mo·</strong></span> 
     </span>
     <span class='ocr_line' id='line_1_47' title="bbox 821 5038 2393 5121; baseline -0.005 -14"><span class='ocrx_word' id='word_1_285' title='bbox 821 5045 1078 5109; x_wconf 83' lang='lat' dir='ltr'><strong>nasterii</strong></span> <span class='ocrx_word' id='word_1_286' title='bbox 1110 5051 1370 5109; x_wconf 87' lang='lat' dir='ltr'><strong>Sorores</strong></span> <span class='ocrx_word' id='word_1_287' title='bbox 1391 5050 1598 5105; x_wconf 87' lang='lat' dir='ltr'><strong>tantae</strong></span> <span class='ocrx_word' id='word_1_288' title='bbox 1617 5040 1836 5105; x_wconf 74' lang='lat' dir='ltr'><strong>Matris</strong></span> <span class='ocrx_word' id='word_1_289' title='bbox 1862 5039 2168 5121; x_wconf 85' lang='lat' dir='ltr'><strong>jacturam</strong></span> <span class='ocrx_word' id='word_1_290' title='bbox 2191 5038 2393 5121; x_wconf 80' lang='lat' dir='ltr'><strong>lacry-</strong></span> 
     </span>
     <span class='ocr_line' id='line_1_48' title="bbox 823 5133 2393 5219; baseline -0.004 -17"><span class='ocrx_word' id='word_1_291' title='bbox 823 5142 946 5205; x_wconf 86' lang='lat' dir='ltr'><strong>mis</strong></span> <span class='ocrx_word' id='word_1_292' title='bbox 971 5138 1532 5205; x_wconf 87' lang='lat' dir='ltr'><strong>inconsolabilibus</strong></span> <span class='ocrx_word' id='word_1_293' title='bbox 1550 5133 1975 5219; x_wconf 81' lang='lat' dir='ltr'><strong>deplorantes,</strong></span> <span class='ocrx_word' id='word_1_294' title='bbox 2006 5155 2162 5218; x_wconf 87' lang='lat' dir='ltr'><strong>quas</strong></span> <span class='ocrx_word' id='word_1_295' title='bbox 2180 5133 2393 5196; x_wconf 85' lang='lat' dir='ltr'><strong>Catha-</strong></span> 
     </span>
     <span class='ocr_line' id='line_1_49' title="bbox 823 5231 2397 5322; baseline -0.006 -21"><span class='ocrx_word' id='word_1_296' title='bbox 823 5238 957 5303; x_wconf 81' lang='lat' dir='ltr'><strong>rina</strong></span> <span class='ocrx_word' id='word_1_297' title='bbox 981 5241 1057 5303; x_wconf 89' lang='lat' dir='ltr'><strong>ad</strong></span> <span class='ocrx_word' id='word_1_298' title='bbox 1077 5237 1429 5322; x_wconf 81' lang='lat' dir='ltr'><strong>Religiosae</strong></span> <span class='ocrx_word' id='word_1_299' title='bbox 1446 5236 1610 5299; x_wconf 89' lang='lat' dir='ltr'><strong>vitae</strong></span> <span class='ocrx_word' id='word_1_300' title='bbox 1629 5232 2115 5305; x_wconf 84' lang='lat' dir='ltr'><strong>observantiam,</strong></span> <span class='ocrx_word' id='word_1_301' title='bbox 2144 5238 2210 5295; x_wconf 89' lang='lat' dir='ltr'><strong>ut</strong></span> <span class='ocrx_word' id='word_1_302' title='bbox 2230 5231 2397 5294; x_wconf 89' lang='lat' dir='ltr'><strong>chri-</strong></span> 
     </span>
     <span class='ocr_line' id='line_1_50' title="bbox 829 5328 2396 5417; baseline -0.008 -15"><span class='ocrx_word' id='word_1_303' title='bbox 829 5346 998 5402; x_wconf 73' lang='lat' dir='ltr'><strong>stum</strong></span> <span class='ocrx_word' id='word_1_304' title='bbox 1026 5336 1510 5406; x_wconf 78' lang='lat' dir='ltr'><strong>lucrifacerent,</strong></span> <span class='ocrx_word' id='word_1_305' title='bbox 1542 5331 1768 5417; x_wconf 86' lang='lat' dir='ltr'><strong>majori</strong></span> <span class='ocrx_word' id='word_1_306' title='bbox 1801 5352 1926 5413; x_wconf 88' lang='lat' dir='ltr'><strong>quo</strong></span> <span class='ocrx_word' id='word_1_307' title='bbox 1958 5340 2242 5411; x_wconf 88' lang='lat' dir='ltr'><strong>poterat,</strong></span> <span class='ocrx_word' id='word_1_308' title='bbox 2270 5328 2396 5391; x_wconf 89' lang='lat' dir='ltr'><strong>ani-</strong></span> 
     </span>
     <span class='ocr_line' id='line_1_51' title="bbox 841 5426 2397 5518; baseline -0.005 -19"><span class='ocrx_word' id='word_1_309' title='bbox 841 5433 1191 5518; x_wconf 69' lang='lat' dir='ltr'><strong>mifervore</strong></span> <span class='ocrx_word' id='word_1_310' title='bbox 1216 5433 1574 5506; x_wconf 74' lang='lat' dir='ltr'><strong>exhortans,</strong></span> <span class='ocrx_word' id='word_1_311' title='bbox 1607 5430 1836 5496; x_wconf 87' lang='lat' dir='ltr'><strong>frustra</strong></span> <span class='ocrx_word' id='word_1_312' title='bbox 1866 5426 2176 5493; x_wconf 84' lang='lat' dir='ltr'><strong>consolari</strong></span> <span class='ocrx_word' id='word_1_313' title='bbox 2199 5427 2258 5489; x_wconf 90' lang='lat' dir='ltr'><strong>in</strong></span> <span class='ocrx_word' id='word_1_314' title='bbox 2286 5433 2397 5491; x_wconf 77' lang='lat' dir='ltr'><strong>Po·</strong></span> 
     </span>
    </p>
   </div>
   <div class='ocr_carea' id='block_1_5' title="bbox 2491 654 4077 5502">
    <p class='ocr_par' dir='ltr' id='par_1_5' title="bbox 2491 654 4068 3062">
     <span class='ocr_line' id='line_1_52' title="bbox 2494 654 4061 738; baseline 0.001 -19"><span class='ocrx_word' id='word_1_315' title='bbox 2494 656 2664 719; x_wconf 88' lang='lat' dir='ltr'><strong>mino</strong></span> <span class='ocrx_word' id='word_1_316' title='bbox 2694 654 3048 726; x_wconf 83' lang='lat' dir='ltr'><strong>nitebatur:</strong></span> <span class='ocrx_word' id='word_1_317' title='bbox 3080 658 3227 716; x_wconf 87' lang='lat' dir='ltr'><strong>cum</strong></span> <span class='ocrx_word' id='word_1_318' title='bbox 3261 663 3516 737; x_wconf 88' lang='lat' dir='ltr'><strong>repente</strong></span> <span class='ocrx_word' id='word_1_319' title='bbox 3547 655 3773 720; x_wconf 86' lang='lat' dir='ltr'><strong>auditis</strong></span> <span class='ocrx_word' id='word_1_320' title='bbox 3803 675 3917 738; x_wconf 81' lang='lat' dir='ltr'><strong>per</strong></span> <span class='ocrx_word' id='word_1_321' title='bbox 3959 676 4061 721; x_wconf 83' lang='lat' dir='ltr'><strong>ae·</strong></span> 
     </span>
     <span class='ocr_line' id='line_1_53' title="bbox 2496 750 4057 837; baseline 0.001 -20"><span class='ocrx_word' id='word_1_322' title='bbox 2496 774 2568 817; x_wconf 86' lang='lat' dir='ltr'><strong>ra</strong></span> <span class='ocrx_word' id='word_1_323' title='bbox 2609 750 2991 816; x_wconf 80' lang='lat' dir='ltr'><strong>dulcissimis</strong></span> <span class='ocrx_word' id='word_1_324' title='bbox 3032 751 3412 833; x_wconf 80' lang='lat' dir='ltr'><strong>Angelorum</strong></span> <span class='ocrx_word' id='word_1_325' title='bbox 3455 753 3869 818; x_wconf 87' lang='lat' dir='ltr'><strong>concentibus</strong></span> <span class='ocrx_word' id='word_1_326' title='bbox 3913 774 4057 837; x_wconf 90' lang='lat' dir='ltr'><strong>pro·</strong></span> 
     </span>
     <span class='ocr_line' id='line_1_54' title="bbox 2493 849 4057 932; baseline 0.002 -18"><span class='ocrx_word' id='word_1_327' title='bbox 2493 853 2701 914; x_wconf 82' lang='lat' dir='ltr'><strong>ximae</strong></span> <span class='ocrx_word' id='word_1_328' title='bbox 2730 850 2954 913; x_wconf 89' lang='lat' dir='ltr'><strong>mortis</strong></span> <span class='ocrx_word' id='word_1_329' title='bbox 2981 849 3349 914; x_wconf 89' lang='lat' dir='ltr'><strong>Catharinae</strong></span> <span class='ocrx_word' id='word_1_330' title='bbox 3383 851 3774 932; x_wconf 87' lang='lat' dir='ltr'><strong>praenunciis</strong></span> <span class='ocrx_word' id='word_1_331' title='bbox 3799 898 3819 927; x_wconf 91' lang='lat'><strong>,</strong></span> <span class='ocrx_word' id='word_1_332' title='bbox 3862 853 4057 918; x_wconf 82' lang='lat' dir='ltr'><strong>animi</strong></span> 
     </span>
     <span class='ocr_line' id='line_1_55' title="bbox 2495 947 4065 1031; baseline 0.002 -21"><span class='ocrx_word' id='word_1_333' title='bbox 2495 947 2767 1030; x_wconf 88' lang='lat' dir='ltr'><strong>quodam</strong></span> <span class='ocrx_word' id='word_1_334' title='bbox 2803 956 3066 1029; x_wconf 86' lang='lat' dir='ltr'><strong>stupore</strong></span> <span class='ocrx_word' id='word_1_335' title='bbox 3095 953 3427 1029; x_wconf 81' lang='lat' dir='ltr'><strong>correptae</strong></span> <span class='ocrx_word' id='word_1_336' title='bbox 3467 969 3501 1010; x_wconf 88' lang='lat' dir='ltr'><strong>a</strong></span> <span class='ocrx_word' id='word_1_337' title='bbox 3530 948 3680 1009; x_wconf 87' lang='lat' dir='ltr'><strong>fletu</strong></span> <span class='ocrx_word' id='word_1_338' title='bbox 3711 947 4065 1031; x_wconf 84' lang='lat' dir='ltr'><strong>aliquantu·</strong></span> 
     </span>
     <span class='ocr_line' id='line_1_56' title="bbox 2491 1041 4059 1125; baseline 0.001 -18"><span class='ocrx_word' id='word_1_339' title='bbox 2491 1044 2623 1107; x_wconf 91' lang='lat' dir='ltr'><strong>lum</strong></span> <span class='ocrx_word' id='word_1_340' title='bbox 2652 1041 3096 1125; x_wconf 86' lang='lat' dir='ltr'><strong>conquiescere</strong></span> <span class='ocrx_word' id='word_1_341' title='bbox 3112 1051 3365 1107; x_wconf 85' lang='lat' dir='ltr'><strong>coactae</strong></span> <span class='ocrx_word' id='word_1_342' title='bbox 3398 1054 3559 1108; x_wconf 90' lang='lat' dir='ltr'><strong>sunt.</strong></span> <span class='ocrx_word' id='word_1_343' title='bbox 3591 1044 3918 1110; x_wconf 88' lang='lat' dir='ltr'><strong>catharina</strong></span> <span class='ocrx_word' id='word_1_344' title='bbox 3954 1066 4059 1109; x_wconf 86' lang='lat' dir='ltr'><strong>ve·</strong></span> 
     </span>
     <span class='ocr_line' id='line_1_57' title="bbox 2491 1140 4060 1224; baseline 0.001 -18"><span class='ocrx_word' id='word_1_345' title='bbox 2491 1161 2563 1206; x_wconf 89' lang='lat' dir='ltr'><strong>ro</strong></span> <span class='ocrx_word' id='word_1_346' title='bbox 2593 1161 2906 1224; x_wconf 89' lang='lat' dir='ltr'><strong>nunquam</strong></span> <span class='ocrx_word' id='word_1_347' title='bbox 2937 1140 3159 1222; x_wconf 87' lang='lat' dir='ltr'><strong>magis,</strong></span> <span class='ocrx_word' id='word_1_348' title='bbox 3191 1162 3376 1222; x_wconf 88' lang='lat' dir='ltr'><strong>quam</strong></span> <span class='ocrx_word' id='word_1_349' title='bbox 3402 1161 3483 1206; x_wconf 89' lang='lat' dir='ltr'><strong>eo</strong></span> <span class='ocrx_word' id='word_1_350' title='bbox 3512 1148 3823 1224; x_wconf 90' lang='lat' dir='ltr'><strong>tempore,</strong></span> <span class='ocrx_word' id='word_1_351' title='bbox 3857 1142 4060 1208; x_wconf 86' lang='lat' dir='ltr'><strong>inten-</strong></span> 
     </span>
     <span class='ocr_line' id='line_1_58' title="bbox 2494 1236 4064 1319; baseline -0.001 -16"><span class='ocrx_word' id='word_1_352' title='bbox 2494 1247 2559 1303; x_wconf 85' lang='lat' dir='ltr'><strong>ta</strong></span> <span class='ocrx_word' id='word_1_353' title='bbox 2582 1236 3078 1319; x_wconf 85' lang='lat' dir='ltr'><strong>contemplandis</strong></span> <span class='ocrx_word' id='word_1_354' title='bbox 3098 1237 3457 1302; x_wconf 86' lang='lat' dir='ltr'><strong>Dominicae</strong></span> <span class='ocrx_word' id='word_1_355' title='bbox 3489 1240 3800 1304; x_wconf 85' lang='lat' dir='ltr'><strong>Passionis</strong></span> <span class='ocrx_word' id='word_1_356' title='bbox 3823 1238 4064 1303; x_wconf 90' lang='lat' dir='ltr'><strong>dolori-</strong></span> 
     </span>
     <span class='ocr_line' id='line_1_59' title="bbox 2492 1333 4059 1416; baseline 0.001 -18"><span class='ocrx_word' id='word_1_357' title='bbox 2492 1335 2612 1398; x_wconf 89' lang='lat' dir='ltr'><strong>bus</strong></span> <span class='ocrx_word' id='word_1_358' title='bbox 2634 1379 2655 1407; x_wconf 95' lang='lat'><strong>,</strong></span> <span class='ocrx_word' id='word_1_359' title='bbox 2688 1334 2972 1398; x_wconf 88' lang='lat' dir='ltr'><strong>manibus</strong></span> <span class='ocrx_word' id='word_1_360' title='bbox 3002 1333 3393 1416; x_wconf 86' lang='lat' dir='ltr'><strong>pedibusque</strong></span> <span class='ocrx_word' id='word_1_361' title='bbox 3428 1337 3488 1396; x_wconf 93' lang='lat' dir='ltr'><strong>in</strong></span> <span class='ocrx_word' id='word_1_362' title='bbox 3520 1335 3743 1400; x_wconf 87' lang='lat' dir='ltr'><strong>christi</strong></span> <span class='ocrx_word' id='word_1_363' title='bbox 3772 1335 4059 1401; x_wconf 82' lang='lat' dir='ltr'><strong>crucifixi</strong></span> 
     </span>
     <span class='ocr_line' id='line_1_60' title="bbox 2493 1431 4060 1515; baseline 0.001 -18"><span class='ocrx_word' id='word_1_364' title='bbox 2493 1431 2966 1497; x_wconf 90' lang='lat' dir='ltr'><strong>similitudinem</strong></span> <span class='ocrx_word' id='word_1_365' title='bbox 3001 1431 3245 1513; x_wconf 88' lang='lat' dir='ltr'><strong>positis,</strong></span> <span class='ocrx_word' id='word_1_366' title='bbox 3276 1433 3355 1495; x_wconf 90' lang='lat' dir='ltr'><strong>ad</strong></span> <span class='ocrx_word' id='word_1_367' title='bbox 3384 1434 3604 1515; x_wconf 92' lang='lat' dir='ltr'><strong>Sponsi</strong></span> <span class='ocrx_word' id='word_1_368' title='bbox 3639 1434 3732 1497; x_wconf 88' lang='lat' dir='ltr'><strong>sui</strong></span> <span class='ocrx_word' id='word_1_369' title='bbox 3762 1433 4060 1499; x_wconf 84' lang='lat' dir='ltr'><strong>caelestis</strong></span> 
     </span>
     <span class='ocr_line' id='line_1_61' title="bbox 2493 1529 4057 1614; baseline 0.004 -21"><span class='ocrx_word' id='word_1_370' title='bbox 2493 1529 2824 1613; x_wconf 83' lang='lat' dir='ltr'><strong>amplexus</strong></span> <span class='ocrx_word' id='word_1_371' title='bbox 2853 1530 3017 1593; x_wconf 89' lang='lat' dir='ltr'><strong>inter</strong></span> <span class='ocrx_word' id='word_1_372' title='bbox 3035 1529 3403 1611; x_wconf 88' lang='lat' dir='ltr'><strong>plaudentes</strong></span> <span class='ocrx_word' id='word_1_373' title='bbox 3428 1530 3808 1614; x_wconf 79' lang='lat' dir='ltr'><strong>Angelorum</strong></span> <span class='ocrx_word' id='word_1_374' title='bbox 3831 1531 4057 1599; x_wconf 83' lang='lat' dir='ltr'><strong>choros</strong></span> 
     </span>
     <span class='ocr_line' id='line_1_62' title="bbox 2496 1626 4060 1696; baseline 0 -7"><span class='ocrx_word' id='word_1_375' title='bbox 2496 1626 2766 1692; x_wconf 77' lang='lat' dir='ltr'><strong>feliciter</strong></span> <span class='ocrx_word' id='word_1_376' title='bbox 2795 1626 3067 1691; x_wconf 78' lang='lat' dir='ltr'><strong>evolavit</strong></span> <span class='ocrx_word' id='word_1_377' title='bbox 3096 1627 3199 1691; x_wconf 91' lang='lat' dir='ltr'><strong>die</strong></span> <span class='ocrx_word' id='word_1_378' title='bbox 3232 1628 3503 1691; x_wconf 89' lang='lat' dir='ltr'><strong>secunda</strong></span> <span class='ocrx_word' id='word_1_379' title='bbox 3536 1627 3853 1696; x_wconf 77' lang='lat' dir='ltr'><strong>Februarii</strong></span> <span class='ocrx_word' id='word_1_380' title='bbox 3898 1647 4060 1693; x_wconf 85' lang='lat' dir='ltr'><strong>anno</strong></span> 
     </span>
     <span class='ocr_line' id='line_1_63' title="bbox 2495 1725 4060 1808; baseline 0.001 -22"><span class='ocrx_word' id='word_1_381' title='bbox 2495 1725 2835 1789; x_wconf 89' lang='lat' dir='ltr'><strong>millesimo</strong></span> <span class='ocrx_word' id='word_1_382' title='bbox 2892 1725 3395 1808; x_wconf 86' lang='lat' dir='ltr'><strong>quingentesimo</strong></span> <span class='ocrx_word' id='word_1_383' title='bbox 3441 1727 3843 1808; x_wconf 38' lang='lat' dir='ltr'><strong>octogesimo,</strong></span> <span class='ocrx_word' id='word_1_384' title='bbox 3876 1743 4060 1788; x_wconf 87' lang='lat' dir='ltr'><strong>nono.</strong></span> 
     </span>
     <span class='ocr_line' id='line_1_64' title="bbox 2493 1820 4058 1904; baseline 0.001 -20"><span class='ocrx_word' id='word_1_385' title='bbox 2493 1827 2627 1896; x_wconf 90' lang='lat' dir='ltr'><strong>Quo</strong></span> <span class='ocrx_word' id='word_1_386' title='bbox 2660 1821 2960 1903; x_wconf 90' lang='lat' dir='ltr'><strong>temporis</strong></span> <span class='ocrx_word' id='word_1_387' title='bbox 2980 1831 3296 1886; x_wconf 87' lang='lat' dir='ltr'><strong>momento</strong></span> <span class='ocrx_word' id='word_1_388' title='bbox 3317 1841 3438 1886; x_wconf 88' lang='lat' dir='ltr'><strong>non</strong></span> <span class='ocrx_word' id='word_1_389' title='bbox 3460 1822 3666 1885; x_wconf 90' lang='lat' dir='ltr'><strong>solum</strong></span> <span class='ocrx_word' id='word_1_390' title='bbox 3696 1820 3889 1886; x_wconf 88' lang='lat' dir='ltr'><strong>facies</strong></span> <span class='ocrx_word' id='word_1_391' title='bbox 3919 1821 4058 1904; x_wconf 88' lang='lat' dir='ltr'><strong>ejus</strong></span> 
     </span>
     <span class='ocr_line' id='line_1_65' title="bbox 2495 1917 4065 1999; baseline 0.002 -20"><span class='ocrx_word' id='word_1_392' title='bbox 2495 1918 2932 1980; x_wconf 89' lang='lat' dir='ltr'><strong>diuturnorum</strong></span> <span class='ocrx_word' id='word_1_393' title='bbox 2968 1918 3330 1981; x_wconf 90' lang='lat' dir='ltr'><strong>morborum</strong></span> <span class='ocrx_word' id='word_1_394' title='bbox 3356 1917 3553 1981; x_wconf 90' lang='lat' dir='ltr'><strong>macie</strong></span> <span class='ocrx_word' id='word_1_395' title='bbox 3584 1926 3648 1982; x_wconf 91' lang='lat' dir='ltr'><strong>et</strong></span> <span class='ocrx_word' id='word_1_396' title='bbox 3667 1918 3907 1999; x_wconf 87' lang='lat' dir='ltr'><strong>pallore</strong></span> <span class='ocrx_word' id='word_1_397' title='bbox 3933 1917 4065 1982; x_wconf 85' lang='lat' dir='ltr'><strong>foe·</strong></span> 
     </span>
     <span class='ocr_line' id='line_1_66' title="bbox 2492 2015 4056 2097; baseline 0.001 -20"><span class='ocrx_word' id='word_1_398' title='bbox 2492 2017 2637 2079; x_wconf 89' lang='lat' dir='ltr'><strong>data</strong></span> <span class='ocrx_word' id='word_1_399' title='bbox 2667 2015 2919 2079; x_wconf 90' lang='lat' dir='ltr'><strong>insolita</strong></span> <span class='ocrx_word' id='word_1_400' title='bbox 2951 2016 3215 2097; x_wconf 91' lang='lat' dir='ltr'><strong>quadam</strong></span> <span class='ocrx_word' id='word_1_401' title='bbox 3247 2023 3571 2080; x_wconf 88' lang='lat' dir='ltr'><strong>venustate</strong></span> <span class='ocrx_word' id='word_1_402' title='bbox 3602 2016 3909 2090; x_wconf 87' lang='lat' dir='ltr'><strong>refloruit,</strong></span> <span class='ocrx_word' id='word_1_403' title='bbox 3942 2015 4056 2079; x_wconf 87' lang='lat' dir='ltr'><strong>sed</strong></span> 
     </span>
     <span class='ocr_line' id='line_1_67' title="bbox 2494 2113 4061 2196; baseline 0.001 -21"><span class='ocrx_word' id='word_1_404' title='bbox 2494 2115 2694 2177; x_wconf 82' lang='lat' dir='ltr'><strong>mirus</strong></span> <span class='ocrx_word' id='word_1_405' title='bbox 2724 2114 2978 2196; x_wconf 86' lang='lat' dir='ltr'><strong>quidam</strong></span> <span class='ocrx_word' id='word_1_406' title='bbox 3025 2114 3104 2176; x_wconf 90' lang='lat' dir='ltr'><strong>ab</strong></span> <span class='ocrx_word' id='word_1_407' title='bbox 3139 2113 3427 2178; x_wconf 87' lang='lat' dir='ltr'><strong>universo</strong></span> <span class='ocrx_word' id='word_1_408' title='bbox 3456 2134 3723 2196; x_wconf 87' lang='lat' dir='ltr'><strong>corpore</strong></span> <span class='ocrx_word' id='word_1_409' title='bbox 3765 2114 4061 2196; x_wconf 83' lang='lat' dir='ltr'><strong>splendor</strong></span> 
     </span>
     <span class='ocr_line' id='line_1_68' title="bbox 2493 2211 4058 2295; baseline 0.001 -21"><span class='ocrx_word' id='word_1_410' title='bbox 2493 2211 2739 2283; x_wconf 89' lang='lat' dir='ltr'><strong>emitti,</strong></span> <span class='ocrx_word' id='word_1_411' title='bbox 2786 2212 2980 2274; x_wconf 89' lang='lat' dir='ltr'><strong>mirus</strong></span> <span class='ocrx_word' id='word_1_412' title='bbox 3039 2211 3292 2294; x_wconf 88' lang='lat' dir='ltr'><strong>quidam</strong></span> <span class='ocrx_word' id='word_1_413' title='bbox 3359 2212 3515 2275; x_wconf 81' lang='lat' dir='ltr'><strong>odor</strong></span> <span class='ocrx_word' id='word_1_414' title='bbox 3559 2211 3760 2276; x_wconf 84' lang='lat' dir='ltr'><strong>efflari</strong></span> <span class='ocrx_word' id='word_1_415' title='bbox 3803 2215 4058 2295; x_wconf 90' lang='lat' dir='ltr'><strong>coepit,</strong></span> 
     </span>
     <span class='ocr_line' id='line_1_69' title="bbox 2495 2309 4063 2393; baseline 0.001 -23"><span class='ocrx_word' id='word_1_416' title='bbox 2495 2310 2598 2391; x_wconf 93' lang='lat' dir='ltr'><strong>qui</strong></span> <span class='ocrx_word' id='word_1_417' title='bbox 2623 2353 2642 2381; x_wconf 89' lang='lat'><strong>,</strong></span> <span class='ocrx_word' id='word_1_418' title='bbox 2669 2329 2747 2373; x_wconf 91' lang='lat' dir='ltr'><strong>eo</strong></span> <span class='ocrx_word' id='word_1_419' title='bbox 2771 2309 2960 2372; x_wconf 88' lang='lat' dir='ltr'><strong>etiam</strong></span> <span class='ocrx_word' id='word_1_420' title='bbox 2996 2309 3058 2370; x_wconf 91' lang='lat' dir='ltr'><strong>in</strong></span> <span class='ocrx_word' id='word_1_421' title='bbox 3090 2310 3381 2390; x_wconf 86' lang='lat' dir='ltr'><strong>sepulcro</strong></span> <span class='ocrx_word' id='word_1_422' title='bbox 3420 2310 3545 2393; x_wconf 84' lang='lat' dir='ltr'><strong>jam</strong></span> <span class='ocrx_word' id='word_1_423' title='bbox 3578 2310 3825 2391; x_wconf 90' lang='lat' dir='ltr'><strong>posito,</strong></span> <span class='ocrx_word' id='word_1_424' title='bbox 3872 2312 4063 2374; x_wconf 84' lang='lat' dir='ltr'><strong>maxi-</strong></span> 
     </span>
     <span class='ocr_line' id='line_1_70' title="bbox 2498 2405 4063 2486; baseline 0.001 -20"><span class='ocrx_word' id='word_1_425' title='bbox 2498 2426 2596 2467; x_wconf 86' lang='lat' dir='ltr'><strong>ma</strong></span> <span class='ocrx_word' id='word_1_426' title='bbox 2629 2405 2900 2468; x_wconf 83' lang='lat' dir='ltr'><strong>omnium</strong></span> <span class='ocrx_word' id='word_1_427' title='bbox 2930 2406 3338 2468; x_wconf 86' lang='lat' dir='ltr'><strong>admiratione</strong></span> <span class='ocrx_word' id='word_1_428' title='bbox 3370 2406 3813 2486; x_wconf 80' lang='lat' dir='ltr'><strong>perseveravit.</strong></span> <span class='ocrx_word' id='word_1_429' title='bbox 3857 2412 4063 2481; x_wconf 86' lang='lat' dir='ltr'><strong>Quan-</strong></span> 
     </span>
     <span class='ocr_line' id='line_1_71' title="bbox 2498 2503 4062 2597; baseline 0.001 -32"><span class='ocrx_word' id='word_1_430' title='bbox 2498 2511 2561 2566; x_wconf 92' lang='lat' dir='ltr'><strong>to</strong></span> <span class='ocrx_word' id='word_1_431' title='bbox 2606 2513 2821 2566; x_wconf 89' lang='lat' dir='ltr'><strong>autem</strong></span> <span class='ocrx_word' id='word_1_432' title='bbox 2877 2503 2939 2564; x_wconf 91' lang='lat' dir='ltr'><strong>in</strong></span> <span class='ocrx_word' id='word_1_433' title='bbox 2999 2503 3255 2597; x_wconf 67' lang='lat' dir='ltr'><strong>caelesti</strong></span> <span class='ocrx_word' id='word_1_434' title='bbox 3301 2504 3509 2567; x_wconf 87' lang='lat' dir='ltr'><strong>Patria</strong></span> <span class='ocrx_word' id='word_1_435' title='bbox 3554 2515 3819 2585; x_wconf 84' lang='lat' dir='ltr'><strong>excepta</strong></span> <span class='ocrx_word' id='word_1_436' title='bbox 3876 2504 4062 2567; x_wconf 84' lang='lat' dir='ltr'><strong>fuerit</strong></span> 
     </span>
     <span class='ocr_line' id='line_1_72' title="bbox 2498 2599 4068 2681; baseline 0.001 -20"><span class='ocrx_word' id='word_1_437' title='bbox 2498 2601 2724 2680; x_wconf 88' lang='lat' dir='ltr'><strong>gaudio</strong></span> <span class='ocrx_word' id='word_1_438' title='bbox 2755 2610 3114 2681; x_wconf 84' lang='lat' dir='ltr'><strong>quantoque</strong></span> <span class='ocrx_word' id='word_1_439' title='bbox 3146 2601 3365 2663; x_wconf 85' lang='lat' dir='ltr'><strong>beatae</strong></span> <span class='ocrx_word' id='word_1_440' title='bbox 3397 2599 3568 2663; x_wconf 88' lang='lat' dir='ltr'><strong>illius</strong></span> <span class='ocrx_word' id='word_1_441' title='bbox 3596 2601 3815 2666; x_wconf 78' lang='lat' dir='ltr'><strong>curiae</strong></span> <span class='ocrx_word' id='word_1_442' title='bbox 3848 2603 4068 2665; x_wconf 89' lang='lat' dir='ltr'><strong>trium·</strong></span> 
     </span>
     <span class='ocr_line' id='line_1_73' title="bbox 2496 2684 4064 2776; baseline 0.003 -20"><span class='ocrx_word' id='word_1_443' title='bbox 2496 2695 2617 2776; x_wconf 91' lang='lat' dir='ltr'><strong>pho</strong></span> <span class='ocrx_word' id='word_1_444' title='bbox 2640 2738 2659 2767; x_wconf 87' lang='lat'>‚</span> <span class='ocrx_word' id='word_1_445' title='bbox 2693 2696 2840 2758; x_wconf 86' lang='lat' dir='ltr'><strong>satis</strong></span> <span class='ocrx_word' id='word_1_446' title='bbox 2874 2695 2994 2768; x_wconf 92' lang='lat' dir='ltr'><strong>sit,</strong></span> <span class='ocrx_word' id='word_1_447' title='bbox 3041 2697 3255 2760; x_wconf 90' lang='lat' dir='ltr'><strong>multis</strong></span> <span class='ocrx_word' id='word_1_448' title='bbox 3298 2684 3723 2761; x_wconf 61' lang='lat' dir='ltr'><strong>aliis‘omissis</strong></span> <span class='ocrx_word' id='word_1_449' title='bbox 3745 2740 3766 2769; x_wconf 95' lang='lat'><strong>,</strong></span> <span class='ocrx_word' id='word_1_450' title='bbox 3812 2708 4064 2761; x_wconf 85' lang='lat' dir='ltr'><strong>sanctae</strong></span> 
     </span>
     <span class='ocr_line' id='line_1_74' title="bbox 2496 2791 4061 2874; baseline 0.002 -21"><span class='ocrx_word' id='word_1_451' title='bbox 2496 2793 2730 2865; x_wconf 70' lang='lat' dir='ltr'><strong>Mariae</strong></span> <span class='ocrx_word' id='word_1_452' title='bbox 2757 2791 3158 2874; x_wconf 81' lang='lat' dir='ltr'><strong>Magdalenae</strong></span> <span class='ocrx_word' id='word_1_453' title='bbox 3190 2794 3267 2857; x_wconf 92' lang='lat' dir='ltr'><strong>de</strong></span> <span class='ocrx_word' id='word_1_454' title='bbox 3311 2795 3550 2857; x_wconf 83' lang='lat' dir='ltr'><strong>Pazziis</strong></span> <span class='ocrx_word' id='word_1_455' title='bbox 3585 2794 4014 2859; x_wconf 90' lang='lat' dir='ltr'><strong>testimonium</strong></span> <span class='ocrx_word' id='word_1_456' title='bbox 4038 2839 4061 2870; x_wconf 91' lang='lat'>‚</span> 
     </span>
     <span class='ocr_line' id='line_1_75' title="bbox 2495 2889 4065 2977; baseline 0.003 -25"><span class='ocrx_word' id='word_1_457' title='bbox 2495 2911 2654 2977; x_wconf 80' lang='lat' dir='ltr'><strong>quae</strong></span> <span class='ocrx_word' id='word_1_458' title='bbox 2687 2912 2755 2955; x_wconf 91' lang='lat' dir='ltr'><strong>se</strong></span> <span class='ocrx_word' id='word_1_459' title='bbox 2784 2901 2990 2955; x_wconf 90' lang='lat' dir='ltr'><strong>tantae</strong></span> <span class='ocrx_word' id='word_1_460' title='bbox 3034 2889 3456 2964; x_wconf 85' lang='lat' dir='ltr'><strong>solemnitati,</strong></span> <span class='ocrx_word' id='word_1_461' title='bbox 3492 2898 3619 2955; x_wconf 88' lang='lat' dir='ltr'><strong>Deo</strong></span> <span class='ocrx_word' id='word_1_462' title='bbox 3650 2892 3809 2957; x_wconf 86' lang='lat' dir='ltr'><strong>adeo</strong></span> <span class='ocrx_word' id='word_1_463' title='bbox 3837 2891 3931 2953; x_wconf 90' lang='lat' dir='ltr'><strong>illi</strong></span> <span class='ocrx_word' id='word_1_464' title='bbox 3977 2890 4065 2956; x_wconf 89' lang='lat' dir='ltr'><strong>fa·</strong></span> 
     </span>
     <span class='ocr_line' id='line_1_76' title="bbox 2496 2987 4055 3062; baseline 0.001 -12"><span class='ocrx_word' id='word_1_465' title='bbox 2496 2997 2718 3062; x_wconf 82' lang='lat' dir='ltr'><strong>vente,</strong></span> <span class='ocrx_word' id='word_1_466' title='bbox 2750 2987 3108 3052; x_wconf 85' lang='lat' dir='ltr'><strong>interfuisse</strong></span> <span class='ocrx_word' id='word_1_467' title='bbox 3142 2987 3535 3053; x_wconf 81' lang='lat' dir='ltr'><strong>confessario</strong></span> <span class='ocrx_word' id='word_1_468' title='bbox 3567 3010 3679 3053; x_wconf 90' lang='lat' dir='ltr'><strong>suo</strong></span> <span class='ocrx_word' id='word_1_469' title='bbox 3711 2989 4003 3052; x_wconf 80' lang='lat' dir='ltr'><strong>narravit.</strong></span> <span class='ocrx_word' id='word_1_470' title='bbox 4032 3015 4055 3043; x_wconf 76' lang='grc' dir='ltr'><strong>ο</strong></span> 
     </span>
    </p>

    <p class='ocr_par' dir='ltr' id='par_1_6' title="bbox 2495 3085 4072 4244">
     <span class='ocr_line' id='line_1_77' title="bbox 2633 3085 4061 3151; baseline -0.002 -1"><span class='ocrx_word' id='word_1_471' title='bbox 2633 3117 2656 3142; x_wconf 87' lang='lat'><strong>·</strong></span> <span class='ocrx_word' id='word_1_472' title='bbox 2686 3093 2764 3151; x_wconf 91' lang='lat' dir='ltr'><strong>Ut</strong></span> <span class='ocrx_word' id='word_1_473' title='bbox 2791 3106 2940 3150; x_wconf 81' lang='lat' dir='ltr'><strong>vero</strong></span> <span class='ocrx_word' id='word_1_474' title='bbox 2973 3087 3196 3150; x_wconf 89' lang='lat' dir='ltr'><strong>mortis</strong></span> <span class='ocrx_word' id='word_1_475' title='bbox 3228 3086 3402 3151; x_wconf 84' lang='lat' dir='ltr'><strong>illius</strong></span> <span class='ocrx_word' id='word_1_476' title='bbox 3448 3106 3665 3151; x_wconf 89' lang='lat' dir='ltr'><strong>rumor</strong></span> <span class='ocrx_word' id='word_1_477' title='bbox 3690 3085 3768 3151; x_wconf 88' lang='lat' dir='ltr'><strong>ad</strong></span> <span class='ocrx_word' id='word_1_478' title='bbox 3812 3093 4061 3151; x_wconf 84' lang='lat' dir='ltr'><strong>Praten·</strong></span> 
     </span>
     <span class='ocr_line' id='line_1_78' title="bbox 2501 3184 4062 3265; baseline -0.002 -17"><span class='ocrx_word' id='word_1_479' title='bbox 2501 3205 2634 3248; x_wconf 91' lang='lat' dir='ltr'><strong>sem</strong></span> <span class='ocrx_word' id='word_1_480' title='bbox 2680 3185 2907 3248; x_wconf 90' lang='lat' dir='ltr'><strong>Urbem</strong></span> <span class='ocrx_word' id='word_1_481' title='bbox 2940 3184 3299 3265; x_wconf 84' lang='lat' dir='ltr'><strong>vicinasque</strong></span> <span class='ocrx_word' id='word_1_482' title='bbox 3342 3184 3675 3247; x_wconf 84' lang='lat' dir='ltr'><strong>Hetruriae</strong></span> <span class='ocrx_word' id='word_1_483' title='bbox 3719 3184 4062 3253; x_wconf 84' lang='lat' dir='ltr'><strong>civitates,</strong></span> 
     </span>
     <span class='ocr_line' id='line_1_79' title="bbox 2500 3280 4068 3366; baseline -0.002 -20"><span class='ocrx_word' id='word_1_484' title='bbox 2500 3292 2557 3346; x_wconf 91' lang='lat' dir='ltr'><strong>et</strong></span> <span class='ocrx_word' id='word_1_485' title='bbox 2597 3283 2838 3366; x_wconf 86' lang='lat' dir='ltr'><strong>Oppida</strong></span> <span class='ocrx_word' id='word_1_486' title='bbox 2872 3280 3099 3346; x_wconf 88' lang='lat' dir='ltr'><strong>allatus</strong></span> <span class='ocrx_word' id='word_1_487' title='bbox 3143 3282 3249 3344; x_wconf 82' lang='lat' dir='ltr'><strong>fuit</strong></span> <span class='ocrx_word' id='word_1_488' title='bbox 3276 3326 3296 3354; x_wconf 88' lang='lat'><strong>,</strong></span> <span class='ocrx_word' id='word_1_489' title='bbox 3329 3282 3720 3350; x_wconf 86' lang='lat' dir='ltr'><strong>incredibilis</strong></span> <span class='ocrx_word' id='word_1_490' title='bbox 3749 3281 3960 3345; x_wconf 90' lang='lat' dir='ltr'><strong>subito</strong></span> <span class='ocrx_word' id='word_1_491' title='bbox 3988 3281 4068 3343; x_wconf 86' lang='lat' dir='ltr'><strong>ad</strong></span> 
     </span>
     <span class='ocr_line' id='line_1_80' title="bbox 2498 3378 4063 3445; baseline -0.002 -2"><span class='ocrx_word' id='word_1_492' title='bbox 2498 3381 2822 3444; x_wconf 82' lang='lat' dir='ltr'><strong>visendum</strong></span> <span class='ocrx_word' id='word_1_493' title='bbox 2855 3379 3030 3443; x_wconf 88' lang='lat' dir='ltr'><strong>illius</strong></span> <span class='ocrx_word' id='word_1_494' title='bbox 3056 3381 3332 3443; x_wconf 84' lang='lat' dir='ltr'><strong>Cadaver</strong></span> <span class='ocrx_word' id='word_1_495' title='bbox 3359 3399 3698 3445; x_wconf 86' lang='lat' dir='ltr'><strong>concursus</strong></span> <span class='ocrx_word' id='word_1_496' title='bbox 3739 3378 4063 3441; x_wconf 83' lang='lat' dir='ltr'><strong>bominum</strong></span> 
     </span>
     <span class='ocr_line' id='line_1_81' title="bbox 2504 3476 4068 3558; baseline -0.003 -17"><span class='ocrx_word' id='word_1_497' title='bbox 2504 3479 2704 3543; x_wconf 90' lang='lat' dir='ltr'><strong>factus</strong></span> <span class='ocrx_word' id='word_1_498' title='bbox 2736 3485 2835 3541; x_wconf 90' lang='lat' dir='ltr'><strong>est</strong></span> <span class='ocrx_word' id='word_1_499' title='bbox 2857 3522 2879 3551; x_wconf 92' lang='lat'><strong>,</strong></span> <span class='ocrx_word' id='word_1_500' title='bbox 2912 3478 3312 3558; x_wconf 88' lang='lat' dir='ltr'><strong>cupientibus</strong></span> <span class='ocrx_word' id='word_1_501' title='bbox 3338 3477 3626 3542; x_wconf 87' lang='lat' dir='ltr'><strong>certatim</strong></span> <span class='ocrx_word' id='word_1_502' title='bbox 3660 3477 3920 3557; x_wconf 79' lang='lat' dir='ltr'><strong>singulis</strong></span> <span class='ocrx_word' id='word_1_503' title='bbox 3953 3476 4068 3537; x_wconf 90' lang='lat' dir='ltr'><strong>ali-</strong></span> 
     </span>
     <span class='ocr_line' id='line_1_82' title="bbox 2499 3573 4065 3658; baseline -0.002 -22"><span class='ocrx_word' id='word_1_504' title='bbox 2499 3596 2683 3658; x_wconf 88' lang='lat' dir='ltr'><strong>quam</strong></span> <span class='ocrx_word' id='word_1_505' title='bbox 2717 3597 2797 3642; x_wconf 82' lang='lat' dir='ltr'><strong>ex</strong></span> <span class='ocrx_word' id='word_1_506' title='bbox 2823 3574 3210 3639; x_wconf 87' lang='lat' dir='ltr'><strong>indumentis</strong></span> <span class='ocrx_word' id='word_1_507' title='bbox 3242 3576 3384 3658; x_wconf 86' lang='lat' dir='ltr'><strong>ejus</strong></span> <span class='ocrx_word' id='word_1_508' title='bbox 3412 3574 3643 3637; x_wconf 89' lang='lat' dir='ltr'><strong>habere</strong></span> <span class='ocrx_word' id='word_1_509' title='bbox 3671 3573 4065 3654; x_wconf 88' lang='lat' dir='ltr'><strong>particulam,</strong></span> 
     </span>
     <span class='ocr_line' id='line_1_83' title="bbox 2499 3671 4070 3755; baseline -0.004 -18"><span class='ocrx_word' id='word_1_510' title='bbox 2499 3694 2622 3755; x_wconf 88' lang='lat' dir='ltr'><strong>qua</strong></span> <span class='ocrx_word' id='word_1_511' title='bbox 2651 3672 2728 3737; x_wconf 90' lang='lat' dir='ltr'><strong>ad</strong></span> <span class='ocrx_word' id='word_1_512' title='bbox 2759 3672 3179 3755; x_wconf 83' lang='lat' dir='ltr'><strong>impetrandas</strong></span> <span class='ocrx_word' id='word_1_513' title='bbox 3208 3693 3243 3736; x_wconf 89' lang='lat' dir='ltr'><strong>a</strong></span> <span class='ocrx_word' id='word_1_514' title='bbox 3274 3672 3539 3735; x_wconf 88' lang='lat' dir='ltr'><strong>Domino</strong></span> <span class='ocrx_word' id='word_1_515' title='bbox 3568 3671 3798 3754; x_wconf 79' lang='lat' dir='ltr'><strong>gratias</strong></span> <span class='ocrx_word' id='word_1_516' title='bbox 3826 3679 4070 3734; x_wconf 89' lang='lat' dir='ltr'><strong>uteren-</strong></span> 
     </span>
     <span class='ocr_line' id='line_1_84' title="bbox 2499 3765 4070 3852; baseline -0.003 -19"><span class='ocrx_word' id='word_1_517' title='bbox 2499 3780 2620 3833; x_wconf 90' lang='lat' dir='ltr'><strong>tur.</strong></span> <span class='ocrx_word' id='word_1_518' title='bbox 2650 3771 3174 3835; x_wconf 84' lang='lat' dir='ltr'><strong>Percrehescente</strong></span> <span class='ocrx_word' id='word_1_519' title='bbox 3194 3769 3594 3852; x_wconf 84' lang='lat' dir='ltr'><strong>postmodum</strong></span> <span class='ocrx_word' id='word_1_520' title='bbox 3623 3768 3819 3851; x_wconf 85' lang='lat' dir='ltr'><strong>magis</strong></span> <span class='ocrx_word' id='word_1_521' title='bbox 3844 3765 4070 3848; x_wconf 84' lang='lat' dir='ltr'><strong>magis·</strong></span> 
     </span>
     <span class='ocr_line' id='line_1_85' title="bbox 2499 3863 4072 3950; baseline -0.003 -18"><span class='ocrx_word' id='word_1_522' title='bbox 2499 3889 2624 3950; x_wconf 90' lang='lat' dir='ltr'><strong>que</strong></span> <span class='ocrx_word' id='word_1_523' title='bbox 2669 3868 3012 3933; x_wconf 88' lang='lat' dir='ltr'><strong>sanctitatis</strong></span> <span class='ocrx_word' id='word_1_524' title='bbox 3054 3867 3228 3932; x_wconf 90' lang='lat' dir='ltr'><strong>illius</strong></span> <span class='ocrx_word' id='word_1_525' title='bbox 3280 3866 3485 3939; x_wconf 89' lang='lat' dir='ltr'><strong>fama,</strong></span> <span class='ocrx_word' id='word_1_526' title='bbox 3546 3886 3812 3948; x_wconf 90' lang='lat' dir='ltr'><strong>eamque</strong></span> <span class='ocrx_word' id='word_1_527' title='bbox 3857 3863 4072 3928; x_wconf 87' lang='lat' dir='ltr'><strong>multis</strong></span> 
     </span>
     <span class='ocr_line' id='line_1_86' title="bbox 2495 3960 4061 4050; baseline -0.001 -22"><span class='ocrx_word' id='word_1_528' title='bbox 2495 3966 2849 4050; x_wconf 79' lang='lat' dir='ltr'><strong>insignibus</strong></span> <span class='ocrx_word' id='word_1_529' title='bbox 2911 3964 3233 4030; x_wconf 84' lang='lat' dir='ltr'><strong>beneficiis</strong></span> <span class='ocrx_word' id='word_1_530' title='bbox 3293 3963 3736 4044; x_wconf 86' lang='lat' dir='ltr'><strong>miraculisque</strong></span> <span class='ocrx_word' id='word_1_531' title='bbox 3800 3960 4061 4026; x_wconf 87' lang='lat' dir='ltr'><strong>Domino</strong></span> 
     </span>
     <span class='ocr_line' id='line_1_87' title="bbox 2498 4054 4068 4146; baseline -0.001 -20"><span class='ocrx_word' id='word_1_532' title='bbox 2498 4064 2972 4145; x_wconf 85' lang='lat' dir='ltr'><strong>comprobante,</strong></span> <span class='ocrx_word' id='word_1_533' title='bbox 3001 4062 3180 4146; x_wconf 90' lang='lat' dir='ltr'><strong>digna</strong></span> <span class='ocrx_word' id='word_1_534' title='bbox 3211 4063 3487 4126; x_wconf 91' lang='lat' dir='ltr'><strong>omnium</strong></span> <span class='ocrx_word' id='word_1_535' title='bbox 3510 4054 3686 4124; x_wconf 69' lang='lat' dir='ltr'><strong>‘votis</strong></span> <span class='ocrx_word' id='word_1_536' title='bbox 3709 4060 3914 4124; x_wconf 89' lang='lat' dir='ltr'><strong>habita</strong></span> <span class='ocrx_word' id='word_1_537' title='bbox 3946 4065 4068 4131; x_wconf 84' lang='lat' dir='ltr'><strong>est,</strong></span> 
     </span>
     <span class='ocr_line' id='line_1_88' title="bbox 2499 4158 3976 4244; baseline -0.003 -19"><span class='ocrx_word' id='word_1_538' title='bbox 2499 4164 2580 4225; x_wconf 90' lang='lat' dir='ltr'><strong>de</strong></span> <span class='ocrx_word' id='word_1_539' title='bbox 2609 4183 2727 4244; x_wconf 88' lang='lat' dir='ltr'><strong>qua</strong></span> <span class='ocrx_word' id='word_1_540' title='bbox 2757 4160 2925 4225; x_wconf 88' lang='lat' dir='ltr'><strong>inter</strong></span> <span class='ocrx_word' id='word_1_541' title='bbox 2954 4159 3227 4224; x_wconf 88' lang='lat' dir='ltr'><strong>caelites</strong></span> <span class='ocrx_word' id='word_1_542' title='bbox 3259 4158 3587 4223; x_wconf 84' lang='lat' dir='ltr'><strong>referenda</strong></span> <span class='ocrx_word' id='word_1_543' title='bbox 3612 4169 3919 4241; x_wconf 85' lang='lat' dir='ltr'><strong>ageretur.</strong></span> <span class='ocrx_word' id='word_1_544' title='bbox 3952 4185 3976 4211; x_wconf 74' lang='grc' dir='ltr'><strong>ο</strong></span> 
     </span>
    </p>

    <p class='ocr_par' dir='ltr' id='par_1_7' title="bbox 2500 4254 4077 5293">
     <span class='ocr_line' id='line_1_89' title="bbox 2636 4254 4077 4338; baseline 0.001 -24"><span class='ocrx_word' id='word_1_545' title='bbox 2636 4288 2658 4314; x_wconf 64' lang='grc' dir='ltr'>ι</span> <span class='ocrx_word' id='word_1_546' title='bbox 2688 4256 3014 4321; x_wconf 74' lang='lat' dir='ltr'><strong>instructis</strong></span> <span class='ocrx_word' id='word_1_547' title='bbox 3040 4257 3237 4338; x_wconf 88' lang='lat' dir='ltr'><strong>igitur</strong></span> <span class='ocrx_word' id='word_1_548' title='bbox 3257 4275 3419 4318; x_wconf 91' lang='lat' dir='ltr'><strong>auno</strong></span> <span class='ocrx_word' id='word_1_549' title='bbox 3440 4254 3794 4318; x_wconf 67' lang='lat' dir='ltr'><strong>millesimo</strong></span> <span class='ocrx_word' id='word_1_550' title='bbox 3815 4273 4077 4318; x_wconf 83' lang='lat' dir='ltr'><strong>sexcen-</strong></span> 
     </span>
     <span class='ocr_line' id='line_1_90' title="bbox 2502 4352 4074 4436; baseline -0.001 -21"><span class='ocrx_word' id='word_1_551' title='bbox 2502 4356 2733 4419; x_wconf 90' lang='lat' dir='ltr'><strong>tesimo</strong></span> <span class='ocrx_word' id='word_1_552' title='bbox 2762 4354 3009 4417; x_wconf 90' lang='lat' dir='ltr'><strong>decimo</strong></span> <span class='ocrx_word' id='word_1_553' title='bbox 3038 4362 3264 4436; x_wconf 88' lang='lat' dir='ltr'><strong>quarto</strong></span> <span class='ocrx_word' id='word_1_554' title='bbox 3286 4396 3307 4426; x_wconf 91' lang='lat'><strong>,</strong></span> <span class='ocrx_word' id='word_1_555' title='bbox 3340 4362 3402 4415; x_wconf 92' lang='lat' dir='ltr'><strong>et</strong></span> <span class='ocrx_word' id='word_1_556' title='bbox 3438 4352 3785 4416; x_wconf 90' lang='lat' dir='ltr'><strong>millesimo</strong></span> <span class='ocrx_word' id='word_1_557' title='bbox 3815 4371 4074 4415; x_wconf 80' lang='lat' dir='ltr'><strong>sexcen-</strong></span> 
     </span>
     <span class='ocr_line' id='line_1_91' title="bbox 2504 4450 4068 4535; baseline 0 -23"><span class='ocrx_word' id='word_1_558' title='bbox 2504 4453 2731 4517; x_wconf 87' lang='lat' dir='ltr'><strong>tesimo</strong></span> <span class='ocrx_word' id='word_1_559' title='bbox 2761 4451 3068 4535; x_wconf 90' lang='lat' dir='ltr'><strong>vigesimo</strong></span> <span class='ocrx_word' id='word_1_560' title='bbox 3101 4452 3308 4521; x_wconf 84' lang='lat' dir='ltr'><strong>tertio,</strong></span> <span class='ocrx_word' id='word_1_561' title='bbox 3340 4450 3654 4514; x_wconf 87' lang='lat' dir='ltr'><strong>ordinaria</strong></span> <span class='ocrx_word' id='word_1_562' title='bbox 3688 4460 3875 4530; x_wconf 81' lang='lat' dir='ltr'><strong>atque</strong></span> <span class='ocrx_word' id='word_1_563' title='bbox 3906 4455 4068 4529; x_wconf 78' lang='lat' dir='ltr'><strong>Apo·</strong></span> 
     </span>
     <span class='ocr_line' id='line_1_92' title="bbox 2500 4546 4070 4620; baseline -0.006 -7"><span class='ocrx_word' id='word_1_564' title='bbox 2500 4549 2719 4613; x_wconf 89' lang='lat' dir='ltr'><strong>stolica</strong></span> <span class='ocrx_word' id='word_1_565' title='bbox 2749 4547 3118 4612; x_wconf 89' lang='lat' dir='ltr'><strong>auctoritate</strong></span> <span class='ocrx_word' id='word_1_566' title='bbox 3148 4546 3546 4610; x_wconf 70' lang='lat' dir='ltr'><strong>processibus</strong></span> <span class='ocrx_word' id='word_1_567' title='bbox 3565 4592 3586 4620; x_wconf 92' lang='lat'><strong>,</strong></span> <span class='ocrx_word' id='word_1_568' title='bbox 3615 4546 3818 4607; x_wconf 90' lang='lat' dir='ltr'><strong>trihus</strong></span> <span class='ocrx_word' id='word_1_569' title='bbox 3848 4550 4070 4608; x_wconf 88' lang='lat' dir='ltr'><strong>Sacrae</strong></span> 
     </span>
     <span class='ocr_line' id='line_1_93' title="bbox 2501 4642 4072 4716; baseline -0.003 -6"><span class='ocrx_word' id='word_1_570' title='bbox 2501 4655 2813 4712; x_wconf 80' lang='lat' dir='ltr'><strong>Romanae</strong></span> <span class='ocrx_word' id='word_1_571' title='bbox 2848 4655 3041 4710; x_wconf 81' lang='lat' dir='ltr'><strong>Rotae</strong></span> <span class='ocrx_word' id='word_1_572' title='bbox 3075 4643 3503 4716; x_wconf 62' lang='lat' dir='ltr'><strong>auditoribus,</strong></span> <span class='ocrx_word' id='word_1_573' title='bbox 3535 4651 3600 4705; x_wconf 90' lang='lat' dir='ltr'><strong>ut</strong></span> <span class='ocrx_word' id='word_1_574' title='bbox 3630 4651 3768 4707; x_wconf 90' lang='lat' dir='ltr'><strong>erat</strong></span> <span class='ocrx_word' id='word_1_575' title='bbox 3798 4642 3860 4704; x_wconf 92' lang='lat' dir='ltr'><strong>in</strong></span> <span class='ocrx_word' id='word_1_576' title='bbox 3896 4663 4072 4706; x_wconf 88' lang='lat' dir='ltr'><strong>more</strong></span> 
     </span>
     <span class='ocr_line' id='line_1_94' title="bbox 2503 4738 4074 4826; baseline -0.002 -22"><span class='ocrx_word' id='word_1_577' title='bbox 2503 4753 2647 4807; x_wconf 89' lang='lat' dir='ltr'><strong>tunc</strong></span> <span class='ocrx_word' id='word_1_578' title='bbox 2674 4744 2974 4826; x_wconf 91' lang='lat' dir='ltr'><strong>positum,</strong></span> <span class='ocrx_word' id='word_1_579' title='bbox 3007 4742 3394 4806; x_wconf 88' lang='lat' dir='ltr'><strong>discutienda</strong></span> <span class='ocrx_word' id='word_1_580' title='bbox 3425 4760 3610 4805; x_wconf 90' lang='lat' dir='ltr'><strong>causa</strong></span> <span class='ocrx_word' id='word_1_581' title='bbox 3642 4738 4074 4812; x_wconf 89' lang='lat' dir='ltr'><strong>committitur,</strong></span> 
     </span>
     <span class='ocr_line' id='line_1_95' title="bbox 2503 4837 4073 4924; baseline -0.003 -20"><span class='ocrx_word' id='word_1_582' title='bbox 2503 4843 2608 4924; x_wconf 88' lang='lat' dir='ltr'><strong>qui</strong></span> <span class='ocrx_word' id='word_1_583' title='bbox 2639 4841 2717 4904; x_wconf 89' lang='lat' dir='ltr'><strong>de</strong></span> <span class='ocrx_word' id='word_1_584' title='bbox 2750 4862 2823 4905; x_wconf 91' lang='lat' dir='ltr'><strong>ea</strong></span> <span class='ocrx_word' id='word_1_585' title='bbox 2855 4841 2981 4903; x_wconf 88' lang='lat' dir='ltr'><strong>lato</strong></span> <span class='ocrx_word' id='word_1_586' title='bbox 3004 4838 3251 4922; x_wconf 84' lang='lat' dir='ltr'><strong>judicio</strong></span> <span class='ocrx_word' id='word_1_587' title='bbox 3294 4847 3360 4902; x_wconf 90' lang='lat' dir='ltr'><strong>et</strong></span> <span class='ocrx_word' id='word_1_588' title='bbox 3391 4837 3922 4901; x_wconf 87' lang='lat' dir='ltr'><strong>documentorum</strong></span> <span class='ocrx_word' id='word_1_589' title='bbox 3966 4858 4073 4901; x_wconf 91' lang='lat' dir='ltr'><strong>au-</strong></span> 
     </span>
     <span class='ocr_line' id='line_1_96' title="bbox 2505 4934 4073 5020; baseline -0.002 -20"><span class='ocrx_word' id='word_1_590' title='bbox 2505 4938 2859 5003; x_wconf 88' lang='lat' dir='ltr'><strong>ctoritatem</strong></span> <span class='ocrx_word' id='word_1_591' title='bbox 2893 4939 3274 5020; x_wconf 89' lang='lat' dir='ltr'><strong>probarunt,</strong></span> <span class='ocrx_word' id='word_1_592' title='bbox 3306 4942 3371 4998; x_wconf 92' lang='lat' dir='ltr'><strong>et</strong></span> <span class='ocrx_word' id='word_1_593' title='bbox 3401 4934 3766 5000; x_wconf 88' lang='lat' dir='ltr'><strong>Catharinae</strong></span> <span class='ocrx_word' id='word_1_594' title='bbox 3810 4935 4073 4997; x_wconf 78' lang='lat' dir='ltr'><strong>virtutes</strong></span> 
     </span>
     <span class='ocr_line' id='line_1_97' title="bbox 2509 5029 4076 5118; baseline -0.003 -21"><span class='ocrx_word' id='word_1_595' title='bbox 2509 5034 2771 5118; x_wconf 88' lang='lat' dir='ltr'><strong>gradum</strong></span> <span class='ocrx_word' id='word_1_596' title='bbox 2828 5033 3149 5098; x_wconf 88' lang='lat' dir='ltr'><strong>heroicum</strong></span> <span class='ocrx_word' id='word_1_597' title='bbox 3206 5031 3498 5116; x_wconf 89' lang='lat' dir='ltr'><strong>attigisse</strong></span> <span class='ocrx_word' id='word_1_598' title='bbox 3541 5029 3967 5107; x_wconf 88' lang='lat' dir='ltr'><strong>affirmarunt,</strong></span> <span class='ocrx_word' id='word_1_599' title='bbox 4012 5039 4076 5093; x_wconf 87' lang='lat' dir='ltr'><strong>et</strong></span> 
     </span>
     <span class='ocr_line' id='line_1_98' title="bbox 2511 5131 4075 5212; baseline -0.003 -19"><span class='ocrx_word' id='word_1_600' title='bbox 2511 5131 2805 5195; x_wconf 85' lang='lat' dir='ltr'><strong>miracula</strong></span> <span class='ocrx_word' id='word_1_601' title='bbox 2836 5150 3020 5212; x_wconf 91' lang='lat' dir='ltr'><strong>supra</strong></span> <span class='ocrx_word' id='word_1_602' title='bbox 3050 5148 3444 5193; x_wconf 90' lang='lat' dir='ltr'><strong>communem</strong></span> <span class='ocrx_word' id='word_1_603' title='bbox 3464 5136 3724 5191; x_wconf 90' lang='lat' dir='ltr'><strong>naturae</strong></span> <span class='ocrx_word' id='word_1_604' title='bbox 3754 5147 3936 5191; x_wconf 90' lang='lat' dir='ltr'><strong>usum</strong></span> <span class='ocrx_word' id='word_1_605' title='bbox 3972 5146 4075 5212; x_wconf 88' lang='lat' dir='ltr'><strong>pa·</strong></span> 
     </span>
     <span class='ocr_line' id='line_1_99' title="bbox 2511 5226 3287 5293; baseline -0.009 -1"><span class='ocrx_word' id='word_1_606' title='bbox 2511 5238 2666 5293; x_wconf 84' lang='lat' dir='ltr'><strong>trata</strong></span> <span class='ocrx_word' id='word_1_607' title='bbox 2696 5226 2892 5291; x_wconf 88' lang='lat' dir='ltr'><strong>fuisse</strong></span> <span class='ocrx_word' id='word_1_608' title='bbox 2923 5226 3233 5289; x_wconf 87' lang='lat' dir='ltr'><strong>dixerunt.</strong></span> <span class='ocrx_word' id='word_1_609' title='bbox 3265 5255 3287 5278; x_wconf 84' lang='lat'><strong>·</strong></span> 
     </span>
    </p>

    <p class='ocr_par' dir='ltr' id='par_1_8' title="bbox 2512 5320 4074 5502">
     <span class='ocr_line' id='line_1_100' title="bbox 2646 5320 4074 5408; baseline -0.003 -20"><span class='ocrx_word' id='word_1_610' title='bbox 2646 5357 2670 5381; x_wconf 76' lang='grc' dir='ltr'><strong><em>ο</em></strong></span> <span class='ocrx_word' id='word_1_611' title='bbox 2708 5323 3022 5408; x_wconf 82' lang='lat' dir='ltr'><strong>Evulgatis</strong></span> <span class='ocrx_word' id='word_1_612' title='bbox 3039 5333 3246 5387; x_wconf 89' lang='lat' dir='ltr'><strong>tamen</strong></span> <span class='ocrx_word' id='word_1_613' title='bbox 3265 5322 3507 5385; x_wconf 90' lang='lat' dir='ltr'><strong>interea</strong></span> <span class='ocrx_word' id='word_1_614' title='bbox 3529 5321 3606 5384; x_wconf 91' lang='lat' dir='ltr'><strong>ab</strong></span> <span class='ocrx_word' id='word_1_615' title='bbox 3624 5320 3872 5384; x_wconf 88' lang='lat' dir='ltr'><strong>Urbano</strong></span> <span class='ocrx_word' id='word_1_616' title='bbox 3894 5324 4074 5384; x_wconf 87' lang='lat' dir='ltr'><strong>Octa·</strong></span> 
     </span>
     <span class='ocr_line' id='line_1_101' title="bbox 2512 5415 4071 5502; baseline -0.004 -18"><span class='ocrx_word' id='word_1_617' title='bbox 2512 5444 2588 5486; x_wconf 82' lang='lat' dir='ltr'><strong>vo</strong></span> <span class='ocrx_word' id='word_1_618' title='bbox 2620 5420 2911 5487; x_wconf 69' lang='lat' dir='ltr'><strong>pontifice</strong></span> <span class='ocrx_word' id='word_1_619' title='bbox 2954 5420 3225 5487; x_wconf 79' lang='lat' dir='ltr'><strong>Maximo</strong></span> <span class='ocrx_word' id='word_1_620' title='bbox 3253 5417 3429 5484; x_wconf 84' lang='lat' dir='ltr'><strong>novis</strong></span> <span class='ocrx_word' id='word_1_621' title='bbox 3459 5417 3704 5502; x_wconf 88' lang='lat' dir='ltr'><strong>legibus</strong></span> <span class='ocrx_word' id='word_1_622' title='bbox 3733 5436 3922 5501; x_wconf 88' lang='lat' dir='ltr'><strong>super</strong></span> <span class='ocrx_word' id='word_1_623' title='bbox 3959 5415 4071 5478; x_wconf 88' lang='lat' dir='ltr'><strong>bu·</strong></span> 
     </span>
    </p>
   </div>
  </div>
 </body>
</html>
