4442 6300
942 509 1020 563 20
1924 514 2127 568 ACTA
2193 512 2852 570 cANothA‘rtoNts

778 647 1251 746 convenient,
1305 672 1551 732 utrum
1595 683 1858 763 nempe
1912 664 1988 735 in
2037 661 2467 764 supradictis
2501 663 2742 737 Causis
2781 667 3238 766 quaestiones
3274 691 3523 740 omnes
3572 668 3664 740 ita
3719 667 3991 742 exami-

778 787 1023 862 natas,
1058 789 1138 846 et
1170 770 1439 849 solutas
1489 777 1898 851 existimetis
1926 831 1948 868 ,
1998 795 2087 850 ut
2120 777 2572 853 Sententiam
2630 797 2937 855 vestram
2991 779 3409 857 Sententiae
3463 784 3989 887 Congregatio-

776 892 885 964 nis
909 889 1299 965 Sacrorum
1325 895 1625 967 Rituum
1665 894 2212 971 accommodare
2249 923 2452 1000 posse
2487 897 2964 973 arbitremini.
2991 897 3137 972 Sed
3174 925 3267 973 ne
3303 916 3577 974 temere
3613 919 3692 974 et
3728 904 3992 975 incon-

774 1004 967 1083 salto
1000 1006 1418 1082 deliberetis
1448 1068 1466 1098 ,
1501 1027 1784 1088 servato
1826 1041 1866 1085 a
1902 1011 2586 1089 Praedeoessoribus
2638 1018 2899 1089 nostris
2959 1042 3163 1089 more
3217 1016 3438 1090 Vobis
3492 1043 3940 1120 exponemus
3968 1071 3990 1107 ,

746 1150 979 1226 quae
999 1123 1390 1228 diligenter
1421 1146 1905 1232 accurateque
1942 1148 2240 1233 peracta
2276 1149 2449 1206 sunt
2482 1135 2557 1206 in
2595 1133 2703 1206 his
2753 1133 2994 1206 Causis
3043 1135 3435 1207 Beatorum
3471 1133 3988 1222 examinandis3

767 1251 845 1315 et
880 1240 1149 1317 deinde
1188 1248 1531 1319 meritum
1562 1246 2009 1351 singularum
2037 1251 2508 1325 intrinsecum
2542 1246 2979 1352 compendio
3014 1247 3246 1324 solum
3282 1251 3728 1353 attingemus

922 1362 1025 1436 Ut
1060 1379 1302 1436 autem
1343 1365 1625 1439 initium
1663 1392 2020 1443 sumamus
2056 1367 2202 1442 ab
2183 1370 2303 1458 iis,
2339 1395 2527 1469 quae
2563 1382 2759 1471 gesta
2795 1383 2965 1441 sunt
3003 1369 3078 1439 in
3113 1367 3595 1443 examinandis
3631 1368 3739 1441 his
3764 1336 3996 1470 quin-

766 1504 916 1580 que
950 1479 1193 1555 causis
1227 1484 1675 1573 Beatorum,
1732 1483 1826 1558 de
1862 1484 2129 1586 quibus
2174 1512 2289 1559 res
2324 1486 2608 1589 agitur,
2645 1482 2845 1559 nulla
2883 1499 2990 1558 est
3030 1510 3117 1557 ex
3155 1487 3368 1588 ipsis,
3421 1512 3561 1587 pro
3613 1512 3758 1587 qua
3817 1511 3990 1559 exa-

767 1597 1103 1673 minanda
1142 1596 1523 1702 plusquam
1559 1617 1856 1676 centum
1894 1604 2141 1705 viginti
2180 1604 2349 1676 anni
2411 1628 2561 1675 non
2626 1600 2905 1675 fuerint
2943 1602 3359 1703 insumpti3
3425 1603 3711 1675 initium
3765 1599 3986 1703 hujus

766 1716 1116 1818 temporis
1145 1715 1339 1789 haud
1375 1716 1762 1792 statuendo
1799 1747 1839 1791 a
1875 1717 2019 1808 die,
2061 1744 2213 1821 quo
2251 1720 2322 1793 hi
2365 1720 2567 1793 Beati
2608 1720 2824 1793 vitam
2862 1718 3049 1791 hanc
3087 1716 3464 1792 mortalem
3491 1717 3990 1806 absolverunt,

761 1854 1011 1933 neque
1047 1860 1087 1906 a
1128 1849 1463 1937 tempore
1491 1890 1512 1926 ‚
1547 1861 1701 1937 quo
1734 1837 2104 1911 Locorum
2161 1836 2532 1911 Ordinarii
2567 1861 2693 1909 sua
2727 1838 3159 1909 auctoritate
3196 1839 3521 1938 ipsorum
3582 1838 3983 1910 Beatorum

766 1946 946 2022 Acta
982 1948 1347 2025 conficere
1381 1969 1792 2055 coeperunt
1817 1981 1859 2042 ;·
1888 1952 2013 2028 sed
2049 1953 2142 2027 ab
2194 1981 2289 2029 eo
2347 1952 2584 2027 solum
2634 1970 2970 2056 tempore
3001 2008 3022 2044 ‚
3073 1978 3226 2055 quo
3288 1951 3513 2028 Sedes
3561 1949 3982 2055 Apostolica

763 2068 1111 2141 concessit
1138 2121 1160 2158 ,
1195 2085 1279 2141 ut
1315 2066 1669 2168 ejusmodi
1705 2071 1974 2145 Causae
2010 2096 2256 2144 coram
2289 2096 2365 2145 se
2400 2073 3000 2147 instituerentur.
3034 2070 3399 2171 Equidem
3444 2097 3597 2144 non
3642 2072 3987 2172 ignoratis

765 2183 842 2255 in
882 2187 1113 2261 veteri
1168 2186 1696 2263 consuetudine
1733 2213 1816 2262 ac
1853 2214 2056 2263 more
2095 2190 2411 2291 positum
2446 2186 2660 2265 fuisse
2690 2242 2711 2277 ,
2747 2203 2836 2260 ut
2867 2187 3001 2273 hae
3039 2189 3309 2262 Causae
3348 2190 3714 2261 Romanae
3750 2188 3984 2263 Rotae

763 2298 1244 2379 Auditoribus
1278 2307 1914 2378 committerentur
1942 2363 1963 2395 ,
1998 2307 2126 2406 qui
2163 2304 2431 2379 deinde
2469 2322 2633 2407 post
2695 2321 3119 2378 accuratum
3177 2329 3478 2379 examen
3538 2330 3695 2379 rem
3757 2318 3986 2378 totam

648 2411 656 2421 ’
762 2419 1253 2521 exponebant,
1284 2421 1707 2525 suffragium
1741 2421 2224 2497 consultivum
2264 2421 2643 2512 serebant,
2677 2445 2759 2495 ac
2796 2437 3168 2523 postremo
3198 2419 3289 2494 ad
3326 2421 3988 2523 Congregationem

761 2533 1157 2612 Sacrorum
1192 2541 1493 2613 Rituum
1530 2543 1766 2613 omnia
1805 2566 2095 2615 rursum
2133 2537 2603 2614 examinanda
2656 2537 3185 2611 deferebantur
3214 2589 3235 2610 .
3292 2539 3497 2611 Duae
3560 2555 3985 2612 nostrorum
4077 2584 4088 2597 ·

759 2654 1157 2730 Beatorum
1200 2657 1499 2747 Causae,
1532 2684 1722 2760 quae
1759 2657 1981 2733 modo
2015 2655 2429 2736 afferuntur
2459 2710 2480 2745 ,
2516 2658 2933 2761 propositae
2968 2654 3110 2756 jam
3149 2655 3460 2728 fuerunt
3495 2679 3586 2728 eo
3621 2671 3988 2758 tempore,

759 2795 928 2846 cum
978 2791 1189 2850 vetus
1238 2774 1691 2849 consuetudo
1722 2831 1743 2867 ‚
1779 2802 1997 2877 qnam
2034 2773 2257 2878 paulo
2292 2792 2464 2848 ante
2505 2776 3052 2849 memoravimus
3079 2828 3099 2864 ,
3135 2773 3553 2861 obtineret3
3591 2798 3824 2874 eaque
3863 2799 3987 2845 ra·—

759 2891 958 2962 tione
994 2908 1480 2993 pertractatae
1516 2910 1686 2967 sunt
1714 2948 1739 2981 ,
1771 2920 1988 2996 quam
2021 2894 2353 2995 superius
2404 2892 2886 2966 indicavimus.
2926 2891 3112 2965 Cum
3148 2887 3414 2964 deinde
3469 2891 3839 2973 immutata
3892 2914 3980 2969 ea

757 3007 1321 3101 consuetudine,
1357 3013 1629 3085 Romae
1664 3013 1895 3087 Rotae
1931 3010 2328 3085 Auditores
2364 3012 2435 3082 in
2457 3010 3126 3111 ¹Congregationem
3188 3006 3582 3083 Sacrorum
3627 3008 3986 3096 Rituum.,

757 3140 1101 3227 tanquam
1138 3128 1357 3230 ipsius
1388 3128 1709 3203 membra
1738 3183 1760 3220 ,
1797 3129 2129 3204 recensiti
2170 3126 2514 3214 fuissent3
2562 3128 2639 3198 in
2676 3124 2910 3198 tribus
2961 3123 3257 3226 reliquis
3307 3126 3702 3197 Beatorum
3741 3124 3987 3198 Causis

752 3246 1207 3344 quaestiones
1242 3249 1681 3349 praecipuae
1716 3272 1800 3319 ac
1835 3248 2269 3322 necessariae
2306 3242 2398 3316 ad
2435 3267 2733 3318 examen
2768 3268 2851 3315 ac
2893 3245 3242 3316 trutinam
3279 3259 3659 3317 revocatae
3699 3260 3872 3316 sunt
3907 3244 3988 3326 iu

764 3362 846 3432 iis
870 3360 1219 3436 Coetibus
1241 3416 1263 3450 ,
1296 3364 1426 3463 qui
1462 3361 1550 3437 ad
1590 3360 2106 3465 expendendas
2145 3357 2453 3462 singulas
2486 3383 2573 3431 ex
2608 3356 2834 3431 allatis
2866 3358 3412 3460 quaestionibus
3450 3375 3563 3432 ter
3596 3360 3985 3434 convocari

753 3494 828 3549 et
866 3478 1116 3552 haberi
1168 3469 1727 3556 consueverunt.
1769 3478 1847 3552 Si
1881 3505 1968 3552 ex
2007 3478 2111 3551 his
2145 3480 2475 3578 quinque
2513 3477 2755 3548 Causis
2792 3501 3006 3548 unam
3069 3473 3521 3550 solummodo
3568 3477 3931 3578 excipiatis
3957 3532 3982 3565 ‚

756 3594 963 3697 cujus
995 3596 1141 3670 Nos
1176 3599 1305 3700 ipsi
1342 3595 1955 3670 Beatificationem
1996 3596 2445 3698 peregimuS,
2504 3605 2824 3696 quatuor
2885 3591 3212 3695 reliquae
3270 3591 3550 3667 cultum
3605 3593 3982 3696 publicum

760 3709 1187 3814 jampridem
1210 3713 1700 3792 ,obtinuerant
1739 3742 1780 3786 a
1823 3711 2097 3810 Nostris
2154 3709 2837 3786 Praedecessoribus
2899 3714 3376 3784 constitutum
3408 3763 3426 3782 .
3481 3709 3981 3802 Quamobrem

752 3845 1071 3903 nostram
1109 3855 1409 3932 operam
1450 3833 1886 3933 potissimum
1950 3827 2390 3903 contulimus
2452 3827 2544 3904 ad
2602 3825 3079 3930 expendenda
3135 3823 3488 3902 Miracula
3513 3882 3534 3918 ,
3585 3853 3775 3929 quae
3811 3842 3984 3930 post

757 3943 1366 4020 Beatificationem
1408 3952 1877 4050 contigerunt
1906 4002 1926 4036 ‚
1983 3963 2058 4020 et
2109 3973 2299 4048 quae
2356 3974 2394 4022 a
2456 3947 2669 4019 sacris
2715 3945 3029 4048 Legibus
3090 3948 3576 4047 requiruntur
3630 3961 3980 4046 tanquam

758 4061 1104 4138 indicium
1137 4063 1507 4167 quoddam
1559 4065 1862 4141 caeleste
1914 4066 2211 4139 Divinae
2253 4060 2637 4140 voluntatis
2662 4118 2684 4154 ,
2734 4079 2821 4138 ut
2859 4061 3105 4146 cultus
3143 4065 3594 4167 permissivus
3627 4088 3711 4135 ac
3747 4051 3981 4165 pecu-

746 4175 939 4253 liaris
984 4178 1191 4254 cultu
1242 4181 1624 4259 universali
1668 4169 1753 4257 'ac
1800 4182 2272 4285 praeceptivo
2320 4199 2817 4256 commutetur
2843 4235 2863 4252 .
2916 4179 3103 4254 Illud
3146 4183 3388 4253 testari
3425 4182 3689 4256 merito
3725 4187 3984 4283 possu-

744 4322 901 4370 mus
946 4297 1125 4371 nihil
1161 4328 1201 4372 a
1236 4299 1457 4374 Nobis
1494 4302 2075 4403 praetermissum
2115 4297 2364 4392 fuisse,
2399 4316 2484 4372 ut
2521 4300 3126 4372 accuratissimum
3167 4297 3751 4386 examefffieret,
3789 4321 3984 4398 quo-

746 4415 935 4490 niam
968 4443 1116 4491 non
1155 4419 1567 4520 ignoramus
1603 4416 1887 4492 nullum
1921 4413 2239 4492 studium
2275 4411 3176 4517 nullamquediligentiam
3214 4440 3362 4488 esse
3417 4417 3490 4488 in
3536 4415 3670 4488 hac
3710 4441 3792 4502 re
3845 4439 3972 4487 su-

745 4558 1272 4634 pervacaneam
1299 4586 1320 4607 .
1354 4532 1551 4610 Illud
1609 4558 1911 4637 quoque
1936 4532 2292 4635 ‘fatemur
2352 4530 2620 4610 nullam
2686 4558 2725 4602 a
2788 4528 3010 4612 Nobis
3062 4530 3137 4601 in
3201 4531 3306 4604 his
3357 4531 3612 4612 ,Causis
3675 4529 3968 4633 agendis

741 4649 1347 4754 dispensationem
1382 4668 1508 4724 aut
1543 4654 2065 4728 immunitatem
2100 4678 2140 4722 a
2174 4651 2546 4723 consuetis.
2568 4646 2886 4749 Legibus
2924 4671 3070 4719 esse
3106 4671 3548 4739 concessam,
3584 4666 3961 4723 nostrum-

734 4795 882 4870 que
922 4770 1284 4873 privatum
1323 4770 1643 4844 studium
1678 4796 1819 4874 pro
1855 4766 2186 4870 qualibet
2222 4767 2451 4839 Causa
2488 4763 2738 4838 sedula
2776 4763 3202 4864 impendisse
3233 4823 3247 4838 .
3296 4768 3686 4841 Praeterea
3723 4769 3961 4844 Deum

736 4888 1211 4963 vehementer
1247 4889 1698 4964 exoravimus
1725 4942 1746 4973 ‚
1781 4903 1869 4986 ut
1901 4884 2150 4960 lumen
2188 4909 2402 4957 suum
2434 4883 2658 4957 Nobis
2696 4885 3198 4982 impertiretur
3226 4936 3246 4972 ,
3297 4910 3450 4984 quo
3506 4889 3721 4986 magis
3787 4910 3962 4986 per-

726 5022 969 5107 specta
1006 5006 1229 5080 Nobis
1262 5005 1512 5082 forent
1546 5003 1784 5106 aliqua
1821 5002 2011 5076 facta
2041 5057 2063 5091 ,
2105 5026 2295 5104 quae
2333 5000 2768 5102 suffragium,
2791 4998 3111 5100 ferentes
3146 5005 3223 5073 in
3263 5002 3968 5106 Congregationibus

736 5121 1104 5197 manifesta
1148 5131 1309 5197 satis
1349 5138 1830 5224 putaverant;
1870 5119 2188 5221 denique
2229 5123 2646 5221 priusquam
2686 5119 3003 5192 animum
3043 5134 3374 5194 nostrum
3432 5119 3965 5206 determinare-

718 5267 920 5326 mus,
973 5240 1339 5315 nonnullis
1385 5239 1914 5326 mandavimus,
1958 5252 2043 5308 ut
2078 5233 2362 5310 occulta
2400 5235 2770 5338 diligentia
2833 5260 2949 5308 res
3000 5239 3409 5339 propositas
3454 5254 3968 5310 scrutarentur

724 5383 809 5431 nc
855 5358 1079 5462 plane·
1107 5359 1617 5461 dignoscerent
1641 5414 1662 5445 ,
1701 5380 2023 5457 quorum
2064 5370 2309 5457 postca
2343 5352 2782 5430 documenta
2820 5352 3040 5427 Nobis
3073 5351 3355 5427 reddita
3387 5407 3407 5443 ,
3443 5351 3716 5453 deponi
3758 5351 3965 5454 jussi-

720 5502 878 5549 mus
908 5480 981 5550 in
1022 5461 1417 5550 Tabulario
1457 5473 2050 5576 Congregationis
2099 5472 2492 5546 Sacrorum
2523 5473 2826 5545 Rituum
2865 5523 2887 5560 ,
2924 5469 3052 5544 ubi
3082 5487 3244 5545 tuto
3278 5487 3777 5548 servarentur.
