4442 6300
927 534 1037 585 2th

1925 537 2130 590 ACTA
2170 536 2825 593 ‹zANONtzATtoms

744 679 1082 751 comitatu,
1112 681 1339 762 Capita
1372 678 1812 761 Apostolorum
1844 681 2197 746 veneraturi
2230 700 2307 746 eo
2422 682 2630 745 datam
2673 680 3037 746 facinorosis
3067 646 3474 755 bominibus,
3517 679 3832 746 scelerum
3863 681 3979 745 im·

741 775 1303 856 progrederentur:
1354 775 1521 859 quod
1566 777 1696 859 jam
1750 787 1974 861 quater
2014 776 2308 862 religiose

744 884 1051 935 serratum
1082 884 1199 936 est.

1061 1072 1539 1131 BENEDlC't'US
1585 1073 1990 1133 EPISCOPUS

1124 1266 1363 1324 Suevos
1420 1267 1762 1325 Seavoacn
1810 1268 1928 1327 Dm

1025 1459 1117 1517 Aa
1136 1469 1495 1534 perpetuam
1528 1464 1619 1521 rei
1656 1465 2027 1549 ammonam.

871 1649 1273 1716 Admirabilis
1321 1652 1670 1734 Sapientiae
1718 1653 1830 1715 Dei
1893 1651 2254 1716 sublimitas
2281 1694 2302 1721 ,

740 1747 919 1827 cujus
967 1749 1225 1830 provida
1271 1750 1685 1831 dispositione
1734 1749 2045 1814 mundana
2072 1745 2301 1831 ‘Regna

741 1845 1243 1933 constituuntur,
1287 1858 1357 1910 ut
1389 1848 1704 1913 Ecclesiae
1748 1847 2094 1920 Fidelium,
2140 1867 2302 1928 quae

743 1942 956 2004 divino
983 1945 1272 2007 comitata
1301 1944 1613 2029 adjutorio
1633 1945 2067 2028 peregrinatur
2095 1944 2156 2006 in
2179 1952 2302 2007 ter·

742 2040 871 2111 ris,
917 2038 1011 2102 vel
1045 2041 1516 2124 amplificandae
1539 2087 1557 2115 ,
1600 2041 1698 2105 vel
1731 2043 2156 2113 exercendae,
2203 2040 2299 2105 vel

744 2137 1225 2211 custodiendae,
1267 2137 1724 2203 alternantibus
1769 2138 1923 2202 miro
1952 2139 2172 2201 ordine
2217 2138 2306 2200 vi-

740 2233 955 2305 cibus,
984 2233 1345 2306 inserviant,
1375 2235 1792 2300 voluntariam
1823 2236 2072 2299 humani
2105 2242 2304 2300 Gene-

732 2330 819 2392 ris
849 2331 1206 2396 caecitatem
1231 2377 1251 2405 ‚
1282 2342 1347 2397 et
1378 2333 1716 2415 proclivem
1750 2333 1813 2394 iu
1844 2334 2160 2397 deteriora
2196 2346 2303 2395 'ne-

739 2427 1000 2508 quitiam
1041 2430 1362 2494 secretiori
1392 2430 1656 2493 consilio
1679 2474 1699 2501 ‚
1744 2440 1804 2494 et
1836 2430 2039 2493 altiori
2070 2432 2302 2512 pietate

734 2526 1206 2601 commiserans,
1237 2547 1376 2589 cum
1403 2526 1765 2591 adveniente
1796 2524 2148 2608 temporum
2173 2527 2302 2610 ple-

726 2621 1052 2691 nitudine,
1102 2625 1472 2688 sedentibus
1511 2624 1930 2697 intenebris,
1976 2635 2039 2688 et
2081 2627 2300 2688 ambu-

733 2718 1010 2783 lantibus
1053 2721 1117 2781 in
1149 2722 1365 2785 umbra
1413 2722 1632 2785 mortis
1677 2721 2080 2806 Evangelicae
2128 2722 2297 2786 Fidei

733 2814 938 2879 lucem
972 2817 1296 2881 effundere
1319 2818 1725 2891 decrevisset,
1757 2826 2096 2882 Romanum
2123 2839 2301 2900 prae-

735 2913 980 2995 paravit
1010 2915 1348 2997 Imperium
1374 2961 1393 2988 ,
1425 2924 1493 2978 ut
1523 2917 1942 2998 promptiores
1967 2918 2044 2979 ad
2075 2937 2299 2981 omnes

735 3008 1004 3093 Populos
1041 3011 1422 3094 praedicatio
1463 3012 1749 3077 veritatis
1793 3013 2052 3077 baberet
2092 3032 2300 3078 acces·

737 3126 885 3181 sus,
917 3128 1075 3190 quos
1106 3109 1289 3171 unius
1317 3108 1596 3174 Civitatis
1626 3109 1973 3175 dominatio
2003 3110 2295 3176 sociaret.

735 3206 1063 3269 Imbnendi
1093 3214 1297 3270 autem
1344 3207 1681 3292 Evangelio
1726 3209 1937 3271 mundi
1972 3210 2300 3291 partibus,

736 3309 988 3384 accepta
1021 3323 1133 3384 per
1161 3303 1456 3386 Spiritum
1488 3311 1778 3368 Sanctum
1814 3305 2084 3367 omnium
2133 3303 2299 3369 locu·

733 3399 904 3461 tione
934 3398 1321 3481 linguarum,
1365 3399 1695 3465 duodecim
1738 3401 2052 3482 Apostolis
2094 3402 2301 3466 distri-

734 3495 932 3568 lintis,
962 3497 1359 3561 beatissimus
1389 3504 1606 3562 Petrus
1638 3499 1927 3580 Princeps
1956 3500 2298 3579 Apostolici

736 3591 991 3657 Ordinis
1022 3593 1099 3656 ad
1128 3601 1349 3658 Arcem
1382 3595 1634 3658 Romani
1654 3595 2005 3658 destinatur
2021 3598 2300 3678 Imperii,

735 3697 802 3751 ut
832 3712 903 3753 ea
933 3699 1136 3772 capta,
1165 3689 1318 3753 etin
1348 3691 1717 3770 obsequium
1755 3691 1919 3754 Fidei
1945 3693 2296 3776 subjugata,

734 3785 980 3851 facilius
1004 3786 1333 3850 universus
1365 3786 1551 3850 Orbis
1590 3787 1923 3850 humilitati
1956 3790 2168 3853 Crucis
2198 3811 2294 3853 su·

735 3885 930 3967 perba
953 3883 1115 3947 colla
1147 3883 1562 3947 submitteret.
1602 3884 1687 3946 Ad
1714 3884 1868 3948 hanc
1902 3893 2115 3967 postea
2149 3891 2299 3950 Coa·

734 3979 1022 4064 postolus
1049 3980 1187 4063 ejus
1218 3978 1468 4051 Paulus,
1498 3980 1639 4044 aliis
1670 3983 2017 4064 peragratis
2054 3984 2298 4064 provin-

736 4079 852 4143 ciis
873 4121 894 4150 ,
924 4078 1295 4150 adveniens,
1339 4076 1557 4142 labore
1591 4087 1654 4141 et
1685 4079 1927 4142 meritis
1959 4079 2050 4142 illi
2080 4101 2301 4145 conso-

737 4178 936 4240 ciatus
979 4183 1112 4248 est,
1159 4183 1226 4238 ut
1260 4183 1451 4238 Roma
1498 4183 1805 4238 tantorum
1853 4178 2294 4258 Apostolorum

736 4273 957 4337 edocta
985 4273 1335 4356 magisterio
1356 4314 1376 4345 ,
1407 4273 2055 4354 quae-superstitionis
2086 4272 2296 4348 studio

735 4369 1029 4451 profanos
1059 4371 1333 4433 omnium
1369 4370 1639 4451 gentium
1673 4370 1882 4435 cultus
1912 4381 2097 4452 atque
2129 4391 2298 4435 erro-

732 4486 838 4531 res
868 4475 1230 4550 receperat,
1271 4466 1550 4531 veritatis
1580 4487 1793 4531 amore
1833 4478 2078 4530 sanctae
2109 4477 2296 4551 atque

733 4563 1172 4628 immaculatae
1202 4564 1387 4628 unius
1415 4564 1524 4627 Dei
1566 4564 1907 4647 Religionis
1938 4566 2128 4629 Sedes
2159 4587 2298 4629 eva·

737 4662 937 4726 deret.
973 4663 1079 4725 Isti
1127 4661 1291 4725 enim
1323 4671 1467 4724 sunt
1511 4670 1826 4727 Romanae
1857 4663 2039 4726 Urbis
2085 4669 2296 4728 Patres

734 4760 996 4841 verique
1030 4759 1417 4829 Conditores,
1451 4757 1556 4840 qui
1589 4777 1725 4822 eam
1758 4761 1982 4843 Reguis
2012 4760 2299 4825 caelesti·

738 4856 860 4918 bus
887 4856 1361 4919 adscribendam
1390 4854 1759 4918 melioribus
1776 4857 2064 4939 auspiciis
2090 4868 2158 4921 et
2176 4857 2300 4920 for·

736 4952 1162 5018 tenatioribus
1182 4950 1382 5014 initiis
1406 4950 1833 5022 condiderunt;
1861 4972 1982 5016 non
2002 4952 2121 5026 illi,
2144 4974 2298 5035 quo·

735 5067 876 5111 rum
909 5048 1192 5136 manibus
1220 5055 1480 5131 cognato
1501 5048 1794 5129 sanguine
1826 5048 2080 5130 pollutis
2102 5051 2299 5131 prima

738 5146 1053 5210 moenium
1097 5143 1501 5208 fundamenta
1542 5144 1740 5207 locata
1767 5153 1954 5220 suut,
1998 5168 2033 5209 e
2065 5149 2297 5229 quibus

735 5239 833 5317 is,
879 5241 982 5325 qui
1016 5240 1076 5305 ei
1106 5261 1330 5305 nomen
1374 5240 1587 5315 dedit,
1630 5239 1900 5305 fraterna
1928 5246 2123 5308 caede
2166 5241 2298 5309 l'oe·

843 5453 930 5527 (a)
970 5455 1019 5507 S.
1063 5453 1174 5505 Leo
1217 5453 1385 5506 Serui.
1431 5451 1487 5505 in
1528 5454 1659 5507 Nae.
1706 5454 1811 5524 Ap.
1856 5454 2008 5507 Ῥεῖν.
2050 5467 2101 5508 ee
2145 5455 2311 5508 Paul.

2417 780 2697 859 punitate
2725 778 3032 860 promissa
3058 822 3077 850 ‚
3103 779 3508 843 habitandam
3539 778 3870 842 concessit.
3903 785 3981 842 At

2416 897 2565 939 vero
2609 876 2711 940 isti
2757 897 2794 940 e
2823 875 3102 939 tenebris
3147 874 3542 940 idololatriae
3573 876 3646 937 ad
3679 875 3860 938 ‘Fidei
3892 874 3985 937 lu-

2420 992 2561 1035 men
2590 980 2931 1044 evocatam‚
2960 972 3324 1055 Evangelica
3356 975 3618 1035 veritate
3653 971 3978 1043 imbutam,

2418 1066 2775 1135 christianis
2824 1080 3103 1133 ornatam
3148 1070 3525 1141 virtutibus,
3571 1077 3635 1134 et
3682 1071 3756 1132 ad
3809 1070 3977 1133 Caeli

2420 1166 2871 1241 sublimitatem
2918 1175 3186 1232 erectam
3220 1170 3499 1250 pretioso
3541 1166 3835 1249 sangnine
3867 1187 3982 1230 suo

2416 1271 2880 1336 consecrarunt,
2909 1273 2972 1328 et
2996 1265 3192 1329 sacris
3221 1269 3566 1346 Corporum
3594 1284 3841 1325 suorum
3873 1271 3978 1328 Se-

2417 1362 2693 1441 pulchris
2739 1362 3039 1428 adversus
3083 1361 3423 1424 furentium
3471 1362 3981 1425 haeresum'insi-

2415 1458 2552 1522 dias
2580 1502 2599 1531 ,
2629 1467 2693 1522 et
2722 1448 3400 1543 {rementisinfernalis
3431 1457 3629 1521 bostis
3653 1457 3930 1538 impetus
3951 1501 3974 1532 ‚

2417 1560 2707 1636 tanquam
2758 1555 3003 1619 duobus
3044 1553 3432 1623 firmissimis
3474 1554 3798 1615 munivere
3835 1564 3980 1637 ‘pre-

2415 1651 2778 1734 puguaculis
2797 1698 2812 1713 .
2843 1656 3072 1715 Beatus
3101 1660 3311 1715 autem
3344 1650 3933 1732 Apostolus'retms
3953 1695 3978 1727 ,

2414 1745 2789 1812 Sacerdotali
2820 1748 2977 1812 Sede
3013 1757 3269 1812 Romam
3297 1747 3594 1812 translata
3619 1792 3640 1822 ,
3680 1740 3826 1813 cum
3853 1749 3980 1831 pri·

2412 1844 2709 1927 vilegium
2732 1845 3115 1928 potestatisa
3140 1845 3382 1909 Christo
3406 1844 3666 1909 Domino
3684 1855 3978 1926 acceptae

2410 1942 2487 2004 ad
2518 1962 2739 2006 omnes
2768 1963 2915 2006 suos
2952 1943 3333 2007 transmittat
3360 1941 3664 2006 haeredes
3686 1984 3706 2014 ‚
3755 1961 3974 2023 supre-

2417 2037 2499 2114 mi
2523 2037 2814 2102 culminis
2835 2039 3324 2124 praerogativam
3346 2038 3614 2119 quodam
3626 2039 3813 2102 modo
3834 2058 3976 2102 cum

2412 2155 2484 2198 ea
2534 2137 3063 2210 communicavit,
3111 2137 3269 2200 adeo
3321 2143 3388 2198 ut
3435 2146 3560 2217 per
3595 2136 3758 2199 beati
3811 2136 3978 2199 Petri

2414 2234 3104 2315 Catbedram'Pr'inceps
3136 2254 3207 2297 ec
3235 2237 3425 2314 Caput
3460 2232 3649 2295 Orbis
3677 2231 3879 2305 fieret,
3910 2241 3982 2297 et

2412 2330 2481 2391 iu
2510 2330 2878 2395 immensum
2910 2329 3227 2414 Religione
3253 2330 3464 2392 Divina
3496 2328 3632 2411 ejus
3663 2338 3977 2395 cresceret

2411 2427 2721 2510 dignitas,
2760 2429 2941 2512 cujus
2969 2428 3155 2490 latios
3184 2445 3369 2509 quam
3404 2426 3822 2490 dominatione
3855 2435 3983 2489 ter·

2410 2544 2557 2588 rena
2588 2546 2701 2607 per
2743 2534 2940 2589 totum
2974 2527 3205 2591 Orbem
3246 2525 3740 2607 protendebatur
3770 2533 3980 2588 aucto·

2411 2621 2582 2686 ritas.
2612 2627 2814 2697 Quare
2843 2623 2965 2687 etsi
2994 2624 3051 2685 iu
3076 2629 3432 2686 Sanctorum
3466 2621 3974 2685 solemnitatibus

2409 2738 2741 2788 commune
2774 2723 3207 2785 universorum
3235 2718 3544 2782 Fidelium
3580 2720 3975 2801 deceat'esse

2409 2818 2698 2899 gaudium
2721 2861 2741 2892 ,
2786 2839 2928 2883 cum
2960 2819 3043 2881 ob
3075 2816 3222 2879 fidet
3267 2816 3570 2879 unitatem
3603 2814 3666 2876 in
3698 2817 3976 2899 acceptis

2409 2934 2443 2978 a
2487 2921 2618 2979 Deo
2663 2936 2776 2998 per
2816 2922 3042 2980 Servos
3085 2936 3232 2979 suos
3276 2913 3600 2978 beneflciis
3639 2913 3978 2988 indiscreta

2411 3011 2491 3074 sit
2520 3012 2798 3076 omnium
2847 3012 3131 3085 utilitas3
3174 3010 3269 3096 (a)
3301 3019 3507 3091 tamen
3538 3008 3774 3073 Natalis
3818 3014 3978 3090 Apo-

2409 3106 2715 3174 stolorum
2757 3109 2926 3173 Petri
2954 3119 3014 3176 et
3064 3107 3231 3178 Pauli
3276 3105 3584 3171 festivitas
3626 3112 3875 3188 praeter
3900 3104 3976 3169 il-

2405 3202 2531 3269 lam
2561 3207 2973 3270 reverentiam
2997 3249 3018 3279 ,
3050 3213 3233 3286 quam
3269 3211 3403 3268 toto
3434 3209 3759 3266 Terrarum
3804 3203 3973 3267 Orbe

2409 3301 2796 3383 promeruit,
2841 3301 3094 3386 speciali
3124 3309 3190 3365 et
3222 3298 3468 3382 propria
3513 3306 3822 3364 Romanae
3867 3306 3977 3363 Ur·

2409 3398 2508 3462 bis
2534 3398 2921 3464 exultatione
2949 3398 3298 3463 veneranda
3329 3406 3429 3462 est
3452 3439 3476 3469 ,¹
3501 3402 3575 3458 ut
3600 3396 3707 3458 ubi
3740 3394 3974 3476 praeci·

2408 3513 2672 3576 puerum
2703 3494 3146 3576 Apostolorum
3182 3493 3566 3579 glorificatus
3599 3500 3696 3555 est
3722 3492 3926 3556 exitus
3947 3534 3970 3566 ,

2411 3592 2496 3655 ibi
2529 3592 2591 3653 in
2621 3591 2725 3657 die
2755 3593 3039 3679 martyrii
3069 3593 3288 3656 eorum
3318 3589 3402 3655 sit
3427 3589 3708 3654 laetitiae
3750 3587 3977 3653 Princi-

2407 3698 2604 3771 patus.
2649 3719 2656 3724 ·
2955 3753 2960 3764 ,

2530 3786 2702 3849 Vivit
2729 3785 2928 3871 adbuc
2952 3787 3019 3849 iu
3065 3793 3275 3849 mente
3303 3782 3619 3848 bominum
3645 3827 3663 3852 ,
3710 3789 3778 3846 et
3803 3781 3972 3848 nulla

2409 3903 2676 3965 unquam
2719 3884 2960 3949 delebit
3007 3882 3285 3954 oblivio,
3329 3887 3511 3943 vetus
3558 3880 3870 3944 memoria⁴
3906 3887 3973 3942 et

2408 3979 2789 4054 recordatio,
2823 3978 3249 4063 quammerito
3277 3985 3345 4041 et
3372 3985 3608 4059 quanto
3629 3996 3741 4057 per
3771 3984 3972 4039 totum

2410 4078 2642 4140 Orbem
2667 4122 2687 4150 ‚
2721 4077 2830 4141 sed
2859 4077 3192 4161 praecipue
3224 4076 3284 4137 in
3312 4074 3425 4138 bac
3454 4073 3631 4136 Alma
3663 4074 3826 4137 Urbe
3861 4082 3972 4136 no-

2409 4183 2535 4237 stra
2578 4170 2764 4240 fuerit
2794 4195 2828 4239 a
2858 4174 3080 4256 primis
3124 4171 3446 4237 Ecclesiae
3476 4168 3705 4247 seculis
3733 4168 3971 4242 celebri

2407 4269 2615 4345 cultu,
2658 4280 2726 4336 et
2755 4271 3081 4353 splendida
3125 4269 3522 4334 solemnitate
3564 4267 3795 4331 Natalis
3836 4264 3971 4330 dies

2407 4367 2735 4432 beatorum
2767 4357 3204 4450 Apostolorum
3234 4366 3611 4430 celebratus.
3643 4351 3967 4447 Siquidem

2405 4485 2477 4529 ea
2509 4466 2609 4529 die
2632 4466 2920 4529 traditum
2952 4476 3070 4539 est,
3104 4474 3411 4529 Romanos
3437 4461 3769 4527 Pontifices
3796 4466 3974 4524 Prae·

2405 4564 2772 4627 decessores
2800 4567 3057 4627 Nostros
3097 4563 3367 4643 primum
3401 4561 3464 4622 in
3497 4559 3758 4624 Basilica
3805 4560 3969 4621 beati

2406 4661 2568 4726 Petri
2614 4661 2676 4723 in
2704 4662 3045 4735 Vaticano,
3089 4659 3312 4722 deiude
3342 4659 3405 4719 in
3447 4656 3642 4720 altera
3688 4655 3969 4743 Apostoli

2404 4758 2578 4823 Pauli
2624 4757 2734 4821 Via
2766 4757 3033 4823 Ostiensi
3077 4765 3330 4822 Sacrum
3362 4753 3698 4818 immortali
3734 4761 3863 4817 Deo
3907 4754 3968 4815 in

2408 4855 2701 4920 honorem
2732 4856 3083 4937 Principum
3118 4853 3557 4937 Apostolorum
3591 4851 3816 4915 fecisse
3838 4897 3859 4926 ‚
3902 4858 3971 4913 et

2411 4961 2749 5017 Romanum
2779 4954 3080 5034 Populum
3117 4949 3632 5033 frequentissimo
3659 4956 3873 5020 coetu,
3904 4956 3971 5030 et

2407 5048 2644 5112 celebri
2691 5068 2989 5113 concursu
3021 5060 3354 5130 utramque
3388 5045 3712 5109 Basilicam
3757 5064 3964 5107 sacras

2408 5145 2844 5226 Apostolorum
2877 5145 3194 5226 Reliquias
3222 5149 3665 5207 veneraturum
3696 5141 3967 5202 invisere

2409 5241 2663 5308 solitum
2690 5267 2712 5318 3
2760 5243 2892 5307 imo
2940 5242 3019 5308 ad
3069 5241 3356 5308 eamdem
3403 5238 3778 5304 solemnem*
3800 5237 3969 5300 diem
