4442 6300
1535 528 1880 613 ormont:
1924 546 2392 602 sANcToucm
2433 548 2602 599 mc.
3421 547 3489 598 aa

435 688 783 752 mularetur
805 733 823 759 ,
866 690 960 751 vir
989 690 1408 753 sanctissimus
1434 691 1876 760 incumbebat,
1922 698 1991 754 ut

430 796 495 849 et
523 784 585 846 in
618 785 1019 847 admirabiles
1048 795 1323 849 ecstases
1354 786 1723 866 saepissime
1746 807 1989 868 rapere·

432 888 570 954 tur,
603 890 667 945 et
694 881 1007 945 internum
1055 884 1242 944 divini
1272 883 1428 965 ignis
1459 884 1743 949 ardorem
1793 884 1992 948 caele·

434 978 547 1044 stis
590 979 899 1060 quaedam
934 980 996 1040 in
1028 981 1196 1042 vultu
1224 982 1472 1043 flamma
1517 979 1995 1043 manifestaret?

430 1075 587 1150 Quid
618 1075 697 1140 de
716 1084 883 1139 tanta
916 1077 1022 1139 illa
1044 1078 1369 1159 Regularis
1391 1078 1449 1139 di
1461 1077 1755 1160 sciplinae
1779 1080 1993 1140 obser-

430 1173 634 1236 vantia
660 1216 679 1244 ,
725 1194 910 1253 quam
941 1195 973 1235 a
1006 1195 1075 1236 se
1105 1176 1244 1254 ipso
1274 1184 1443 1236 tanta
1474 1194 1614 1235 cum
1661 1174 1993 1236 severitate

432 1286 685 1349 semper
714 1270 965 1352 exegit,
1008 1279 1073 1332 ut
1108 1290 1476 1350 quamquam
1508 1269 1696 1332 tantis
1739 1290 1998 1350 occupa·

431 1364 708 1428 tionibus
733 1409 753 1436 ,
784 1367 974 1428 tantis
1003 1365 1364 1438 laboribus,
1394 1368 1583 1429 tantis
1610 1367 1777 1428 curis
1821 1366 1997 1428 disti-

433 1468 703 1529 neretur,
723 1461 872 1522 nibil
907 1482 1178 1543 unquam
1209 1463 1286 1524 de
1316 1483 1388 1525 ea
1423 1464 1744 1525 remittere
1776 1482 1994 1543 passus

434 1556 572 1619 sit?
621 1558 782 1631 Quid
828 1558 1098 1640 denique
1158 1560 1237 1622 de
1292 1560 1520 1623 ceteris
1572 1559 1995 1642 singularibus

433 1654 616 1737 plane
645 1656 1025 1729 virtutibus,
1069 1656 1298 1738 quibus
1340 1658 1498 1720 adeo
1544 1655 1881 1726 excelluit,
1924 1666 1995 1720 ut

434 1752 499 1813 in
542 1750 713 1815 ltalia
744 1751 1033 1815 universa
1075 1752 1285 1814 nullus
1319 1759 1529 1823 esset,
1572 1754 1632 1813 in
1665 1752 1842 1835 cujus
1886 1773 1993 1815 ore

438 1866 560 1912 non
614 1847 778 1912 foret
828 1850 1170 1912 maximum
1214 1849 1455 1912 Camilli
1502 1869 1777 1923 nomen:
1821 1849 1995 1931 cujus

436 1946 646 2011 animo
674 1946 938 2010 maxima
970 1947 1048 2008 de
1069 1946 1309 2009 Camilli
1342 1949 1664 2011 sanctitate
1699 1965 1819 2009 non
1848 1947 1996 2009 insi·

443 2042 625 2106 deret
653 2043 890 2124 opinio:
930 2043 1035 2123 qui
1064 2054 1131 2105 se
1160 2044 1409 2105 Camilli
1438 2042 1828 2107 orationibus
1873 2064 1991 2106 non

442 2141 904 2204 commendaret
931 2185 949 2201 .
979 2141 1241 2222 eiusque
1274 2139 1564 2219 precibus
1607 2142 1765 2221 apud
1796 2149 1991 2203 Deum

438 2235 715 2319 adjuvari
746 2256 864 2299 non
897 2248 1194 2318 cuperet,
1228 2255 1350 2299 non
1382 2235 1776 2318 postularet?
1813 2266 1836 2291 ι

516 2332 552 2348 “’
573 2362 595 2386 ·
635 2339 1048 2412 Quamquam,
1067 2341 1133 2394 ut
1154 2353 1366 2396 verum
1402 2336 1620 2405 fatear,
1642 2333 1823 2397 simul
1853 2355 1995 2396 cum

441 2430 682 2494 Camilli
715 2431 1046 2493 virtutibus
1070 2475 1090 2502 ,
1120 2430 1200 2493 iis
1229 2433 1418 2493 etiam
1467 2432 1998 2513 frequentissimis

443 2528 906 2611 insignibusque
957 2528 1275 2591 miraculis
1298 2573 1317 2600 ,
1378 2530 1607 2610 quibus
1666 2530 1839 2591 Servi
1903 2527 1997 2591 sui

440 2626 827 2689 sanctitatem
860 2633 1022 2689 Deus
1050 2634 1344 2689 testatam
1378 2627 1669 2690 omnibus
1696 2625 1999 2697 faciebat,

442 2725 842 2789 tribuendum
888 2732 1025 2797 est,
1068 2726 1236 2805 quod
1264 2724 1479 2807 populi
1511 2726 1572 2786 in
1615 2732 1851 2789 tantam
1886 2724 2003 2788 'ad-

442 2822 837 2887 mirationem
868 2841 938 2885 ac
967 2821 1358 2887 devotionem
1391 2823 1839 2886 excitarentur.
1886 2828 2004 2886 No·

438 2927 655 2983 verant
687 2919 914 3000 quippe
945 2929 1010 2982 et
1038 2940 1256 2999 aquam
1304 2921 1382 2982 ab
1415 2921 1550 2999 ipso
1597 2920 1657 2980 in
1700 2921 1998 3001 optimum

443 3020 646 3081 vinum
673 3015 872 3080 fuisse
900 3036 1259 3080 conversam
1279 3060 1297 3083 ,
1330 3025 1391 3079 et
1424 3017 1654 3100 exiguo
1685 3037 1840 3098 pane
1869 3028 1999 3080 tum

444 3116 675 3196 ipsum,
708 3121 839 3176 tum
878 3112 1104 3178 multos
1134 3115 1392 3196 opipare
1425 3122 1772 3178 saturatos:
1807 3119 2003 3180 Nove·

450 3219 585 3275 rant
612 3211 944 3293 Angelicos
965 3211 1135 3291 ipsos
1166 3213 1432 3292 Spiritus
1462 3212 1539 3278 de
1569 3210 1757 3275 Caelo
1786 3213 1861 3274 ad
1894 3215 2002 3275 Ca·

450 3307 607 3370 milli
637 3308 941 3388 obsequia
975 3307 1411 3372 descendisse:
1445 3314 1753 3372 Noveram
1785 3328 2008 3374 arcana

443 3406 504 3468 in
559 3405 978 3487 penitioribus
1021 3405 1210 3467 animi
1254 3406 1521 3470 latebris
1577 3405 2009 3470 delitescentia

446 3505 819 3587 saepissime
872 3513 1277 3585 penetrasset
1329 3510 1640 3568 Noverant
1688 3503 1890 3566 t‘utura
1946 3512 2010 3565 et

445 3601 723 3665 absentia
757 3602 926 3664 omni
955 3600 1274 3664 dubietate
1306 3601 1581 3683 seposita
1597 3601 2006 3682 praevidisse:

451 3703 762 3763 Noverant
794 3697 1094 3779 plurimos
1125 3698 1505 3762 inveteratos
1535 3700 1790 3762 morbos
1813 3743 1832 3771 ,
1879 3697 2015 3761 nul-

445 3793 654 3878 lisque
684 3795 981 3858 remediis
1017 3795 1322 3858 sanandos
1344 3837 1363 3866 ,
1394 3796 1563 3858 brevi
1597 3794 1839 3857 Camilli
1872 3815 2008 3876 pre·

449 3910 520 3956 ce
556 3888 655 3955 vel
688 3892 879 3954 etiam
916 3897 1082 3955 tactu
1115 3888 1430 3971 depulsos.
1461 3891 1608 3964 Quis
1635 3890 1829 3972 igitur
1873 3890 2011 3972 ejus

443 3988 841 4052 sanctitatem
866 4008 987 4051 non
1011 3988 1469 4076 admiraretur?
1498 3987 1648 4060 Quis
1670 3988 1808 4069 ejus
1826 4007 2009 4069 opem

446 4104 574 4149 non
604 4084 1023 4167 imploraret?
1061 4085 1211 4158 Quis
1241 4084 1378 4167 ejus
1402 4085 1746 4166 patrocinio
1776 4106 1843 4148 se
1886 4104 2010 4148 non

448 4182 943 4253 commendaret,
963 4200 1145 4261 quem
1176 4188 1344 4245 Deus
1373 4188 1464 4245 tot
1495 4182 1804 4263 tantisque
1835 4182 2012 4246 mira·

447 4278 607 4342 culis
634 4277 1055 4342 mirificabat?
1084 4278 1359 4342 Vidisses
1385 4279 1574 4361 igitur
1603 4278 1800 4341 omnis
1828 4297 2010 4360 gene-

444 4375 537 4439 ris
559 4420 579 4450 ,
610 4374 812 4438 omnis
852 4374 1231 4444 conditionis
1259 4376 1543 4439 homines
1574 4375 1649 4437 ad
1682 4376 2009 4438 Camillum

444 4479 744 4555 tanquam
775 4472 851 4536 ad
880 4472 1121 4556 insigne
1151 4473 1494 4537 sanctitatis
1523 4471 1839 4535 oraculum
1869 4490 2012 4553 pro-

444 4579 782 4652 perantes:
828 4571 1107 4635 vidisses
1147 4570 1468 4650 Principes
1509 4569 1714 4640 viros,
1758 4570 2007 4651 Episco-

443 4686 561 4747 pos
585 4710 606 4741 ,
638 4667 1187 4746 Eminentissimos
1219 4664 1577 4729 cardinales
1604 4664 1848 4727 Camilli
1891 4664 2011 4727 cel·

446 4761 642 4827 lulam
677 4763 1173 4846 frequentantes:
1205 4764 1486 4827 Vidisses
1515 4763 1792 4845 integras
1818 4763 2014 4826 Urbes

447 4861 581 4925 suis
630 4881 789 4943 pene
840 4860 1166 4926 convulsas
1216 4860 1472 4924 sedibus
1492 4903 1513 4934 ,
1560 4868 1630 4925 ut
1685 4859 2009 4922 Camillum

440 4957 828 5030 inviserent,
869 4966 938 5021 ut
979 4980 1091 5023 sua
1135 4958 1228 5019 illi
1258 4964 1399 5021 vota
1429 4966 1892 5038 proponerent,
1940 4966 2007 5021 ut

438 5053 524 5118 ad
545 5055 970 5119 obtinendasa
995 5056 1260 5118 Domino
1289 5054 1520 5138 gratias
1550 5055 1685 5134 ejus
1716 5054 2004 5137 precibus

446 5150 910 5233 adjuvarentur.
952 5179 974 5203 ο

589 5275 612 5300 ·
653 5251 791 5308 Iam
823 5246 1032 5326 itaque
1055 5266 1132 5309 eo
1161 5245 1356 5310 virtus
1386 5246 1624 5309 Camilli
1655 5246 2010 5318 devenerat,

442 5346 525 5405 ut
549 5363 688 5405 eam
719 5349 906 5407 Terra
939 5363 1058 5404 non
1084 5335 1359 5424 caperet,
1391 5363 1589 5424 eaque
1623 5342 1756 5406 sola
1786 5363 2011 5407 corona

432 5438 729 5522 justitiae
752 5482 773 5513 ,
802 5459 988 5522 quam
1021 5440 1380 5524 repromisit
1413 5445 1580 5504 Deus
1610 5440 2014 5526 diligentibus

784 5567 994 5607 senen.
1035 5568 1148 5608 xiv.
1189 5568 1339 5608 rom.
1381 5556 1509 5608 vn.

2105 712 2211 753 se.
2256 691 2648 771 compensari
2696 689 2758 750 in
2806 688 2992 752 Caelo
3031 689 3161 771 jam
3206 697 3436 770 posset.
3496 691 3679 764 Quod

2060 862 2069 867 α
2104 808 2244 850 cum
2275 785 2596 854 Camillus,
2631 787 2898 849 Domino
2931 786 3251 850 revelante
3273 830 3294 861 ,
3326 784 3672 851 intellexis-

2106 896 2244 955 set,
2295 884 2523 965 quibus
2564 880 2840 948 laetitiae
2898 885 3094 965 signis
3144 905 3264 948 non
3325 885 3624 949 exultavit
3654 889 3670 947 l

2105 980 2357 1053 Quoties
2400 1001 2540 1042 cum
2571 981 2744 1063 regio
2786 981 3090 1063 Propheta
3137 980 3330 1045 dixit:
3382 986 3671 1045 Laetatus

2104 1097 2237 1139 sum
2279 1083 2345 1138 in
2390 1082 2483 1137 his
2530 1097 2680 1155 quae
2726 1083 2892 1139 dicta
2924 1090 3062 1139 sunt
3105 1083 3293 1151 mihi,
3333 1084 3401 1139 in
3430 1087 3670 1141 domum

2109 1177 2357 1235 Domini
2382 1176 2639 1235 ibimus!
2672 1174 2929 1246 Quoties
2958 1194 3101 1237 cum
3139 1172 3443 1254 Apostolo
3469 1173 3679 1238 excla-

2112 1270 2342 1332 mavit:
2397 1276 2582 1344 Cupio
2627 1275 2879 1334 dissolvi
2925 1283 2980 1333 c!
3029 1290 3153 1335 csso
3197 1289 3331 1332 cum
3384 1274 3674 1333 christo!

2105 1366 2306 1430 Nimis
2360 1366 2639 1448 profecto
2681 1373 2850 1430 esset
2890 1366 3143 1449 longum
3191 1387 3266 1430 ea
3312 1366 3410 1430 bic
3466 1367 3677 1431 omnia

2108 1483 2630 1537 commemorare,
2663 1484 2823 1545 quae
2844 1465 2918 1528 ad
2950 1464 3309 1527 carissimos
3338 1463 3506 1528 filios
3529 1484 3677 1528 suos

2108 1561 2268 1624 circa
2301 1561 2598 1624 lectulum
2637 1562 3055 1647 lacrymantes
3076 1561 3155 1624 de
3186 1562 3532 1625 exercenda
3577 1580 3675 1625 er·

2109 1679 2180 1740 ga
2211 1659 2561 1721 Proximum
2604 1659 3008 1741 infirmosque
3039 1659 3433 1740 potissimum
3481 1658 3679 1723 cbari-

2109 1761 2237 1817 tate
2264 1796 2284 1825 ,
2315 1754 2394 1817 de
2424 1754 2734 1837 diligenda
2765 1753 3134 1838 Evangelica
3165 1759 3565 1834 paupertate,
3599 1755 3681 1819 do

2108 1850 2480 1934 abjiciendis
2502 1850 2932 1915 saecularibus
2952 1851 3287 1914 desideriis
3316 1872 3561 1915 summo
3581 1872 3677 1914 ar-

2105 1946 2255 2010 dore
2275 1947 2529 2030 spiritus
2558 1948 2885 2028 peroravit:
2907 1953 3041 2023 Quo
3060 1947 3311 2030 pietatis
3342 1968 3528 2012 sensu
3560 1955 3672 2011 Ec-

2103 2044 2338 2108 clesiae
2367 2051 2761 2109 Sacramenta
2793 2045 3179 2126 susceperit:
3224 2051 3418 2119 Quam
3452 2044 3675 2109 devote

2109 2139 2374 2220 ipsemet
2419 2161 2593 2204 suam
2626 2147 2754 2205 Deo
2796 2140 3325 2204 commendaverit
3370 2143 3677 2204 animam:

2106 2243 2299 2310 Quam
2355 2238 2597 2318 placide
2647 2245 2832 2319 atque
2865 2236 3209 2317 tranquille
3251 2239 3314 2299 in
3360 2246 3678 2303 senectute

2108 2335 2268 2398 bona
2321 2355 2496 2398 suam
2542 2352 2683 2399 cum
2726 2336 2966 2399 Christo
3000 2335 3193 2399 vitam
3237 2335 3673 2398 absconderit:

2110 2435 2386 2503 Quantus
2407 2433 2619 2494 subito
2638 2452 2979 2496 concursus
3003 2433 3319 2495 bominum
3355 2431 3553 2495 factus
3576 2432 3682 2507 sit,

2112 2529 2454 2610 pretiosum
2487 2529 2727 2592 Camilli
2757 2528 3306 2593 cadaverinvisere
3338 2538 3398 2593 et
3431 2550 3684 2593 venera·

2113 2625 2164 2686 ri
2207 2626 2607 2707 cupientium.
2637 2632 2728 2689 Ne
2763 2636 2897 2689 tuas
2942 2626 3133 2707 igitur
3155 2672 3194 2712 ⁹.
3219 2633 3678 2690 BEATlSSlME

2114 2729 2363 2785 PATER
2389 2767 2409 2795 ,
2443 2724 2672 2786 diutius
2701 2744 2882 2786 aures
2912 2725 3219 2786 ot't'endam
3243 2765 3261 2791 ,
3289 2722 3440 2786 baec
3473 2725 3682 2787 omnia

2112 2820 2338 2884 tacitus
2361 2823 2878 2902 praetermittam.
2898 2822 3045 2893 Quis
3064 2840 3211 2884 vero
3233 2818 3486 2883 silentio
3507 2842 3682 2902 prae-

2118 2924 2315 2980 tereat
2347 2919 2604 3001 insignia
2639 2918 2745 2980 illa
2779 2926 3058 3000 portenta
3083 2962 3103 2990 ,
3134 2938 3293 2999 quae
3326 2917 3400 2980 ad
3423 2918 3681 2983 manife-

2116 3017 2397 3079 standam
2442 3016 2681 3078 Camilli
2723 3016 2976 3098 gloriam
3004 3016 3066 3075 in
3096 3013 3303 3078 Coelis
3343 3036 3378 3079 a
3417 3015 3683 3080 Domino

2115 3122 2469 3195 perpetrata
2501 3122 2799 3186 Romam,
2830 3113 2961 3175 imo
2990 3133 3139 3174 vero
3167 3112 3406 3175 ltaliam
3439 3112 3683 3176 nniver-

2120 3230 2251 3271 sam
2298 3211 2649 3274 incredibili
2693 3210 3109 3274 admiratione
3151 3209 3683 3293 compleverunt?

2120 3310 2338 3386 Neque
2366 3306 2464 3369 bic
2496 3326 2597 3369 me
2620 3305 2790 3386 loqui
2824 3307 2965 3388 quis
2993 3314 3169 3389 putet
3196 3314 3301 3370 aut
3333 3307 3411 3369 (le
3433 3304 3682 3368 Camilli

2121 3401 2296 3465 vultu
2320 3445 2338 3471 ,
2372 3403 2884 3476 austeritatibus,
2928 3402 3127 3465 macie
3153 3445 3172 3472 ‚
3217 3402 3529 3484 longaque
3574 3401 3684 3464 tri-

2122 3498 2290 3581 ginta
2322 3499 2514 3561 trium
2552 3500 2856 3563 mensium
2888 3498 3251 3562 infirmitate
3279 3498 3547 3563 maxime
3578 3498 3686 3561 de·-

2124 3601 2414 3677 turpat0,
2455 3603 2599 3677 post
2658 3606 2924 3660 mortem
2969 3617 3118 3659 vero
3164 3595 3367 3658 vivida
3417 3594 3685 3674 quadam

2123 3692 2266 3757 luce
2290 3694 2513 3756 mirum
2538 3695 2600 3755 in
2630 3695 2877 3757 modum
2901 3692 3262 3775 effulgente:
3298 3699 3415 3756 Aut
3447 3693 3525 3754 de
3546 3693 3684 3776 ejus

2124 3810 2386 3874 corpore
2424 3800 2561 3872 post
2588 3792 2824 3874 aliquot
2854 3792 2933 3855 ab
2965 3791 3102 3874 ejus
3132 3791 3341 3853 obitus
3371 3789 3504 3852 dies
3530 3789 3685 3853 mol·

2124 3886 2169 3948 li
2190 3894 2385 3969 atque
2430 3888 2734 3960 flexibili,
2780 3888 2909 3951 imo
2936 3888 3125 3950 etiam
3168 3887 3423 3949 odorem
3455 3885 3686 3950 suavis-

2123 3986 2344 4050 simum
2363 3986 2722 4049 redolente:
2755 3992 2872 4048 Aut
2901 3986 2977 4048 de
3001 3984 3331 4046 immundis
3362 3983 3686 4065 spiritibus

2123 4100 2158 4145 a
2201 4081 2574 4162 corporibus
2604 4081 2976 4155 eliminatis,
3017 4088 3079 4145 et
3118 4078 3361 4142 Camilli
3391 4079 3687 4154 virtutem

2124 4199 2346 4262 magna
2395 4198 2548 4242 voce
2595 4179 2956 4259 praedicare
3014 4177 3277 4242 coactis.
3335 4184 3684 4258 Utcumque

2121 4276 2274 4339 baec
2307 4295 2520 4359 magna
2555 4276 2708 4346 sint,
2743 4297 2814 4337 ea
2843 4276 2944 4337 hic
2973 4280 3205 4337 tantum
3233 4273 3475 4339 referre
3502 4272 3683 4347 libet,

2124 4394 2286 4456 quae
2318 4372 2713 4453 Apostolicae
2745 4373 2919 4436 Sedis
2939 4417 2958 4444 ,
2985 4379 3218 4454 tuoque
3250 4371 3639 4452 potissimum
3663 4413 3684 4443 ,

2126 4476 2580 4547 BEATISSIME
2612 4476 2860 4535 PATER
2883 4515 2900 4536 .
2932 4469 3292 4533 confirmata
3316 4467 3551 4554 judicio
3571 4512 3590 4539 ,
3617 4465 3689 4530 fi-

2128 4568 2266 4632 dem
2301 4566 2612 4649 publicam
2660 4573 3041 4631 meruerunt.
3071 4566 3276 4629 Mirari
3311 4564 3506 4643 igitur
3547 4561 3690 4644 quis

2127 4666 2279 4730 satis
2338 4665 2534 4746 possit
2571 4675 2692 4726 ‘aut
2733 4665 3081 4727 undennem
3125 4659 3397 4744 puellam
3441 4680 3552 4743 per
3592 4678 3691 4723 se-

2127 4774 2295 4845 ptem
2345 4782 2594 4825 menses
2638 4760 2934 4827 afflictam
2981 4760 3299 4824 dirissimo
3344 4759 3405 4819 in
3437 4756 3689 4821 naribus

2128 4860 2358 4945 polypo
2382 4880 2460 4923 ex
2492 4859 2626 4923 solo
2651 4858 2741 4920 fili
2774 4859 3015 4922 Camilli
3044 4857 3383 4921 Subuculae
3402 4861 3684 4919 contactu

2128 4957 2339 5021 subito
2369 4956 2906 5021 convalescentem
2926 4984 2941 5015 :
2973 4963 3094 5018 Aut
3123 4953 3507 5019 catharinam
3530 4959 3688 5014 Don-

2127 5054 2334 5116 dulam
2363 5054 2622 5135 triginta
2655 5074 2952 5117 annorum
2980 5052 3315 5116 mulierem
3359 5057 3540 5116 sexto
3584 5067 3690 5127 ge-

2127 5150 2406 5214 stationis
2447 5169 2664 5212 mense
2700 5150 2966 5232 maligna
2998 5147 3158 5212 febri
3191 5154 3581 5225 correptam,
3624 5142 3690 5204 in

2124 5250 2342 5332 pleura
2402 5257 2590 5328 atque
2635 5247 3033 5328 pulmonibus
3087 5246 3578 5310 inflammatam,
3624 5240 3692 5302 in

2127 5352 2376 5430 gutture
2414 5344 2748 5408 infeliciter
2773 5343 3114 5408 ulceratam
3141 5387 3160 5413 ,
3208 5362 3242 5406 a
3268 5335 3526 5404 Medicis
3557 5358 3692 5402 om-

2129 5443 2314 5508 nibus
2358 5440 2800 5510 conclamatam
2835 5461 2912 5505 ex
2942 5440 3081 5505 solo
3108 5459 3305 5524 aquae
3333 5437 3551 5501 haustu
3576 5479 3596 5508 ,
3630 5434 3694 5495 in
