<?xml version="1.0" encoding="UTF-8"?>
<!DOCTYPE html PUBLIC "-//W3C//DTD XHTML 1.0 Transitional//EN"
    "http://www.w3.org/TR/xhtml1/DTD/xhtml1-transitional.dtd">
<html xmlns="http://www.w3.org/1999/xhtml" xml:lang="en" lang="en">
 <head>
  <title>
</title>
<meta http-equiv="Content-Type" content="text/html;charset=utf-8" />
  <meta name='ocr-system' content='tesseract 3.04.00' />
  <meta name='ocr-capabilities' content='ocr_page ocr_carea ocr_par ocr_line ocrx_word'/>
</head>
<body>
  <div class='ocr_page' id='page_1' title='image "benedictixivpon00benegoog_0285.png"; bbox 0 0 4442 6300; ppageno 0'>
   <div class='ocr_carea' id='block_1_1' title="bbox 1545 458 3553 531">
    <p class='ocr_par' dir='ltr' id='par_1_1' title="bbox 1545 458 3553 531">
     <span class='ocr_line' id='line_1_1' title="bbox 1545 458 3553 531; baseline 0.002 -14"><span class='ocrx_word' id='word_1_1' title='bbox 1545 458 1894 531; x_wconf 68' lang='lat' dir='ltr'><strong>omnent</strong></span> <span class='ocrx_word' id='word_1_2' title='bbox 1916 458 2404 519; x_wconf 63' lang='lat' dir='ltr'><strong>‚sucronem</strong></span> <span class='ocrx_word' id='word_1_3' title='bbox 2441 462 2610 519; x_wconf 74' lang='lat' dir='ltr'><strong>arc.</strong></span> <span class='ocrx_word' id='word_1_4' title='bbox 3442 462 3553 521; x_wconf 72' lang='lat' dir='ltr'><strong>sss</strong></span> 
     </span>
    </p>
   </div>
   <div class='ocr_carea' id='block_1_2' title="bbox 494 601 3742 1081">
    <p class='ocr_par' dir='ltr' id='par_1_2' title="bbox 494 601 3742 1081">
     <span class='ocr_line' id='line_1_2' title="bbox 495 601 3742 692; baseline -0.002 -16"><span class='ocrx_word' id='word_1_5' title='bbox 495 606 644 676; x_wconf 77' lang='lat' dir='ltr'><strong>dam</strong></span> <span class='ocrx_word' id='word_1_6' title='bbox 676 605 841 674; x_wconf 80' lang='lat' dir='ltr'><strong>viam</strong></span> <span class='ocrx_word' id='word_1_7' title='bbox 872 602 1068 677; x_wconf 83' lang='lat' dir='ltr'><strong>totius</strong></span> <span class='ocrx_word' id='word_1_8' title='bbox 1110 601 1477 681; x_wconf 64' lang='lat' dir='ltr'><strong>charitatis,</strong></span> <span class='ocrx_word' id='word_1_9' title='bbox 1534 604 1779 672; x_wconf 79' lang='lat' dir='ltr'><strong>nullum</strong></span> <span class='ocrx_word' id='word_1_10' title='bbox 1834 605 2067 675; x_wconf 82' lang='lat' dir='ltr'><strong>timens</strong></span> <span class='ocrx_word' id='word_1_11' title='bbox 2177 604 2376 673; x_wconf 85' lang='lat' dir='ltr'><strong>tiores</strong></span> <span class='ocrx_word' id='word_1_12' title='bbox 2407 627 2477 674; x_wconf 87' lang='lat' dir='ltr'><strong>se</strong></span> <span class='ocrx_word' id='word_1_13' title='bbox 2519 606 2839 674; x_wconf 83' lang='lat' dir='ltr'><strong>transtulit</strong></span> <span class='ocrx_word' id='word_1_14' title='bbox 2876 605 2942 672; x_wconf 89' lang='lat' dir='ltr'><strong>in</strong></span> <span class='ocrx_word' id='word_1_15' title='bbox 2972 604 3282 692; x_wconf 77' lang='lat' dir='ltr'><strong>Regiones</strong></span> <span class='ocrx_word' id='word_1_16' title='bbox 3307 606 3388 674; x_wconf 87' lang='lat' dir='ltr'><strong>ad</strong></span> <span class='ocrx_word' id='word_1_17' title='bbox 3429 604 3742 691; x_wconf 69' lang='lat' dir='ltr'><strong>Apostoli-</strong></span> 
     </span>
     <span class='ocr_line' id='line_1_3' title="bbox 494 698 3734 779; baseline -0.002 -8"><span class='ocrx_word' id='word_1_18' title='bbox 494 698 732 772; x_wconf 84' lang='lat' dir='ltr'><strong>malum</strong></span> <span class='ocrx_word' id='word_1_19' title='bbox 764 702 965 768; x_wconf 81' lang='lat' dir='ltr'><strong>adbuc</strong></span> <span class='ocrx_word' id='word_1_20' title='bbox 1019 701 1350 768; x_wconf 75' lang='lat' dir='ltr'><strong>ambulans</strong></span> <span class='ocrx_word' id='word_1_21' title='bbox 1407 704 1471 766; x_wconf 86' lang='lat' dir='ltr'><strong>in</strong></span> <span class='ocrx_word' id='word_1_22' title='bbox 1532 703 1741 772; x_wconf 88' lang='lat' dir='ltr'><strong>medio</strong></span> <span class='ocrx_word' id='word_1_23' title='bbox 1800 705 2064 779; x_wconf 85' lang='lat' dir='ltr'><strong>umbrae</strong></span> <span class='ocrx_word' id='word_1_24' title='bbox 2168 720 2312 766; x_wconf 88' lang='lat' dir='ltr'><strong>cum</strong></span> <span class='ocrx_word' id='word_1_25' title='bbox 2345 703 2762 768; x_wconf 78' lang='lat' dir='ltr'><strong>exercendum</strong></span> <span class='ocrx_word' id='word_1_26' title='bbox 2798 702 3247 768; x_wconf 72' lang='lat' dir='ltr'><strong>ministeriumz</strong></span> <span class='ocrx_word' id='word_1_27' title='bbox 3277 701 3554 769; x_wconf 76' lang='lat' dir='ltr'><strong>Gloriam</strong></span> <span class='ocrx_word' id='word_1_28' title='bbox 3583 720 3734 767; x_wconf 75' lang='lat' dir='ltr'><strong>vcro</strong></span> 
     </span>
     <span class='ocr_line' id='line_1_4' title="bbox 500 797 3738 886; baseline -0.001 -20"><span class='ocrx_word' id='word_1_29' title='bbox 500 802 749 867; x_wconf 88' lang='lat' dir='ltr'><strong>mortis.</strong></span> <span class='ocrx_word' id='word_1_30' title='bbox 782 805 934 864; x_wconf 82' lang='lat' dir='ltr'><strong>Nam</strong></span> <span class='ocrx_word' id='word_1_31' title='bbox 965 820 1001 863; x_wconf 88' lang='lat' dir='ltr'><strong>a</strong></span> <span class='ocrx_word' id='word_1_32' title='bbox 1028 798 1297 864; x_wconf 87' lang='lat' dir='ltr'><strong>Turcico</strong></span> <span class='ocrx_word' id='word_1_33' title='bbox 1322 797 1538 865; x_wconf 85' lang='lat' dir='ltr'><strong>furore</strong></span> <span class='ocrx_word' id='word_1_34' title='bbox 1568 822 1606 866; x_wconf 91' lang='lat' dir='ltr'><strong>e</strong></span> <span class='ocrx_word' id='word_1_35' title='bbox 1640 802 1897 869; x_wconf 75' lang='lat' dir='ltr'>sublimi</span> <span class='ocrx_word' id='word_1_36' title='bbox 1922 823 2062 868; x_wconf 83' lang='lat' dir='ltr'><strong>cru-</strong></span> <span class='ocrx_word' id='word_1_37' title='bbox 2172 798 2287 864; x_wconf 85' lang='lat' dir='ltr'><strong>Dei</strong></span> <span class='ocrx_word' id='word_1_38' title='bbox 2315 816 2618 881; x_wconf 86' lang='lat' dir='ltr'><strong>quaerens</strong></span> <span class='ocrx_word' id='word_1_39' title='bbox 2646 821 2768 866; x_wconf 90' lang='lat' dir='ltr'><strong>non</strong></span> <span class='ocrx_word' id='word_1_40' title='bbox 2799 821 2969 865; x_wconf 89' lang='lat' dir='ltr'><strong>suam</strong></span> <span class='ocrx_word' id='word_1_41' title='bbox 2995 843 3016 876; x_wconf 87' lang='lat'><strong>‚</strong></span> <span class='ocrx_word' id='word_1_42' title='bbox 3048 802 3359 886; x_wconf 85' lang='lat' dir='ltr'><strong>agr‘estem</strong></span> <span class='ocrx_word' id='word_1_43' title='bbox 3391 808 3644 885; x_wconf 86' lang='lat' dir='ltr'><strong>gentem</strong></span> <span class='ocrx_word' id='word_1_44' title='bbox 3671 807 3738 865; x_wconf 83' lang='lat' dir='ltr'><strong>et</strong></span> 
     </span>
     <span class='ocr_line' id='line_1_5' title="bbox 500 895 3732 983; baseline 0 -20"><span class='ocrx_word' id='word_1_45' title='bbox 500 899 732 965; x_wconf 86' lang='lat' dir='ltr'><strong>deliter</strong></span> <span class='ocrx_word' id='word_1_46' title='bbox 756 914 1132 978; x_wconf 80' lang='lat' dir='ltr'><strong>suspensus,</strong></span> <span class='ocrx_word' id='word_1_47' title='bbox 1159 903 1456 979; x_wconf 84' lang='lat' dir='ltr'><strong>tauquam</strong></span> <span class='ocrx_word' id='word_1_48' title='bbox 1490 919 1529 962; x_wconf 88' lang='lat' dir='ltr'><strong>e</strong></span> <span class='ocrx_word' id='word_1_49' title='bbox 1559 904 1639 963; x_wconf 89' lang='lat' dir='ltr'><strong>Ca</strong></span> <span class='ocrx_word' id='word_1_50' title='bbox 1654 899 1871 965; x_wconf 89' lang='lat' dir='ltr'><strong>tbedra</strong></span> <span class='ocrx_word' id='word_1_51' title='bbox 1917 904 2065 965; x_wconf 86' lang='lat' dir='ltr'><strong>Cru-</strong></span> <span class='ocrx_word' id='word_1_52' title='bbox 2180 895 2493 982; x_wconf 75' lang='lat' dir='ltr'><strong>ignobiles</strong></span> <span class='ocrx_word' id='word_1_53' title='bbox 2511 918 2703 982; x_wconf 87' lang='lat' dir='ltr'><strong>pagos</strong></span> <span class='ocrx_word' id='word_1_54' title='bbox 2731 897 3002 983; x_wconf 86' lang='lat' dir='ltr'><strong>selegit,</strong></span> <span class='ocrx_word' id='word_1_55' title='bbox 3032 898 3095 960; x_wconf 89' lang='lat' dir='ltr'><strong>in</strong></span> <span class='ocrx_word' id='word_1_56' title='bbox 3124 898 3356 981; x_wconf 84' lang='lat' dir='ltr'><strong>quibus</strong></span> <span class='ocrx_word' id='word_1_57' title='bbox 3398 897 3732 964; x_wconf 67' lang='lat' dir='ltr'><strong>seminaret</strong></span> 
     </span>
     <span class='ocr_line' id='line_1_6' title="bbox 496 992 3738 1081; baseline 0.002 -20"><span class='ocrx_word' id='word_1_58' title='bbox 496 997 589 1065; x_wconf 88' lang='lat' dir='ltr'><strong>cis</strong></span> <span class='ocrx_word' id='word_1_59' title='bbox 616 993 840 1060; x_wconf 84' lang='lat' dir='ltr'><strong>Christi</strong></span> <span class='ocrx_word' id='word_1_60' title='bbox 869 992 1250 1074; x_wconf 74' lang='lat' dir='ltr'><strong>loquebatur</strong></span> <span class='ocrx_word' id='word_1_61' title='bbox 1277 995 1357 1060; x_wconf 89' lang='lat' dir='ltr'><strong>de</strong></span> <span class='ocrx_word' id='word_1_62' title='bbox 1388 997 1765 1061; x_wconf 73' lang='lat' dir='ltr'><strong>testimoniis</strong></span> <span class='ocrx_word' id='word_1_63' title='bbox 1804 996 1943 1081; x_wconf 84' lang='lat' dir='ltr'><strong>ejus</strong></span> <span class='ocrx_word' id='word_1_64' title='bbox 1996 1004 2063 1062; x_wconf 85' lang='lat' dir='ltr'><strong>et</strong></span> <span class='ocrx_word' id='word_1_65' title='bbox 2167 994 2431 1058; x_wconf 79' lang='lat' dir='ltr'><strong>verbum</strong></span> <span class='ocrx_word' id='word_1_66' title='bbox 2475 995 2586 1060; x_wconf 74' lang='grc' dir='ltr'><strong>1)Βὶ</strong></span> <span class='ocrx_word' id='word_1_67' title='bbox 2609 1036 2630 1068; x_wconf 68' lang='lat'>9</span> <span class='ocrx_word' id='word_1_68' title='bbox 2660 996 2827 1059; x_wconf 67' lang='lat' dir='ltr'><strong>unde</strong></span> <span class='ocrx_word' id='word_1_69' title='bbox 2857 994 3097 1060; x_wconf 65' lang='lat' dir='ltr'><strong>fructus</strong></span> <span class='ocrx_word' id='word_1_70' title='bbox 3134 996 3364 1060; x_wconf 72' lang='lat' dir='ltr'><strong>uberes</strong></span> <span class='ocrx_word' id='word_1_71' title='bbox 3405 993 3622 1060; x_wconf 67' lang='lat' dir='ltr'><strong>retum</strong></span> <span class='ocrx_word' id='word_1_72' title='bbox 3665 994 3738 1059; x_wconf 65' lang='lat' dir='ltr'><strong>ist</strong></span> 
     </span>
    </p>
   </div>
   <div class='ocr_carea' id='block_1_3' title="bbox 492 1090 2061 1661">
    <p class='ocr_par' dir='ltr' id='par_1_3' title="bbox 492 1090 2061 1661">
     <span class='ocr_line' id='line_1_7' title="bbox 492 1090 2061 1179; baseline 0.001 -21"><span class='ocrx_word' id='word_1_73' title='bbox 492 1112 616 1158; x_wconf 86' lang='lat' dir='ltr'><strong>non</strong></span> <span class='ocrx_word' id='word_1_74' title='bbox 643 1090 1167 1179; x_wconf 82' lang='lat' dir='ltr'><strong>confundebatur.</strong></span> <span class='ocrx_word' id='word_1_75' title='bbox 1198 1092 1497 1177; x_wconf 78' lang='lat' dir='ltr'><strong>Angelica</strong></span> <span class='ocrx_word' id='word_1_76' title='bbox 1522 1094 1752 1160; x_wconf 85' lang='lat' dir='ltr'><strong>deinde</strong></span> <span class='ocrx_word' id='word_1_77' title='bbox 1781 1115 1898 1178; x_wconf 88' lang='lat' dir='ltr'><strong>ope</strong></span> <span class='ocrx_word' id='word_1_78' title='bbox 1919 1103 2061 1178; x_wconf 90' lang='lat' dir='ltr'><strong>post</strong></span> 
     </span>
     <span class='ocr_line' id='line_1_8' title="bbox 497 1187 2060 1262; baseline -0.001 -7"><span class='ocrx_word' id='word_1_79' title='bbox 497 1189 783 1255; x_wconf 88' lang='lat' dir='ltr'><strong>triduum</strong></span> <span class='ocrx_word' id='word_1_80' title='bbox 807 1187 1126 1256; x_wconf 86' lang='lat' dir='ltr'><strong>liberatus</strong></span> <span class='ocrx_word' id='word_1_81' title='bbox 1147 1232 1169 1262; x_wconf 90' lang='lat'><strong>,</strong></span> <span class='ocrx_word' id='word_1_82' title='bbox 1198 1188 1266 1251; x_wconf 90' lang='lat' dir='ltr'><strong>in</strong></span> <span class='ocrx_word' id='word_1_83' title='bbox 1295 1188 1517 1256; x_wconf 88' lang='lat' dir='ltr'><strong>labore</strong></span> <span class='ocrx_word' id='word_1_84' title='bbox 1546 1196 1613 1255; x_wconf 90' lang='lat' dir='ltr'><strong>et</strong></span> <span class='ocrx_word' id='word_1_85' title='bbox 1643 1189 1874 1257; x_wconf 85' lang='lat' dir='ltr'><strong>sudore</strong></span> <span class='ocrx_word' id='word_1_86' title='bbox 1925 1189 2060 1261; x_wconf 80' lang='lat' dir='ltr'><strong>vul·</strong></span> 
     </span>
     <span class='ocr_line' id='line_1_9' title="bbox 495 1278 2057 1370; baseline 0.001 -18"><span class='ocrx_word' id='word_1_87' title='bbox 495 1284 978 1369; x_wconf 56' lang='lat' dir='ltr'><strong>tus-suimlenus</strong></span> <span class='ocrx_word' id='word_1_88' title='bbox 1001 1285 1201 1370; x_wconf 87' lang='lat' dir='ltr'><strong>gratia</strong></span> <span class='ocrx_word' id='word_1_89' title='bbox 1228 1293 1294 1350; x_wconf 88' lang='lat' dir='ltr'><strong>et</strong></span> <span class='ocrx_word' id='word_1_90' title='bbox 1350 1278 1718 1352; x_wconf 85' lang='lat' dir='ltr'><strong>fortitudine</strong></span> <span class='ocrx_word' id='word_1_91' title='bbox 1774 1287 2057 1353; x_wconf 88' lang='lat' dir='ltr'><strong>ambula·</strong></span> 
     </span>
     <span class='ocr_line' id='line_1_10' title="bbox 494 1381 2057 1468; baseline 0.001 -19"><span class='ocrx_word' id='word_1_92' title='bbox 494 1382 589 1449; x_wconf 75' lang='lat' dir='ltr'><strong>vit</strong></span> <span class='ocrx_word' id='word_1_93' title='bbox 616 1403 730 1465; x_wconf 90' lang='lat' dir='ltr'><strong>per</strong></span> <span class='ocrx_word' id='word_1_94' title='bbox 759 1381 996 1464; x_wconf 89' lang='lat' dir='ltr'><strong>Oppida</strong></span> <span class='ocrx_word' id='word_1_95' title='bbox 1025 1387 1091 1445; x_wconf 90' lang='lat' dir='ltr'><strong>et</strong></span> <span class='ocrx_word' id='word_1_96' title='bbox 1116 1382 1436 1458; x_wconf 80' lang='lat' dir='ltr'><strong>Castella,</strong></span> <span class='ocrx_word' id='word_1_97' title='bbox 1462 1405 1578 1468; x_wconf 87' lang='lat' dir='ltr'><strong>per</strong></span> <span class='ocrx_word' id='word_1_98' title='bbox 1605 1384 1791 1450; x_wconf 88' lang='lat' dir='ltr'><strong>vicos</strong></span> <span class='ocrx_word' id='word_1_99' title='bbox 1828 1392 1895 1449; x_wconf 89' lang='lat' dir='ltr'><strong>et</strong></span> <span class='ocrx_word' id='word_1_100' title='bbox 1919 1384 2057 1451; x_wconf 77' lang='lat' dir='ltr'><strong>Pla·</strong></span> 
     </span>
     <span class='ocr_line' id='line_1_11' title="bbox 493 1477 2055 1564; baseline 0.002 -22"><span class='ocrx_word' id='word_1_101' title='bbox 493 1486 635 1544; x_wconf 83' lang='lat' dir='ltr'><strong>toas</strong></span> <span class='ocrx_word' id='word_1_102' title='bbox 658 1521 681 1553; x_wconf 84' lang='lat'>‚</span> <span class='ocrx_word' id='word_1_103' title='bbox 710 1477 1198 1561; x_wconf 81' lang='lat' dir='ltr'><strong>evangelizando</strong></span> <span class='ocrx_word' id='word_1_104' title='bbox 1221 1478 1437 1553; x_wconf 77' lang='lat' dir='ltr'><strong>verbis</strong></span> <span class='ocrx_word' id='word_1_105' title='bbox 1466 1488 1531 1545; x_wconf 90' lang='lat' dir='ltr'><strong>et</strong></span> <span class='ocrx_word' id='word_1_106' title='bbox 1583 1479 1898 1564; x_wconf 85' lang='lat' dir='ltr'><strong>exemplis</strong></span> <span class='ocrx_word' id='word_1_107' title='bbox 1917 1523 1938 1554; x_wconf 90' lang='lat'>,</span> <span class='ocrx_word' id='word_1_108' title='bbox 1969 1481 2055 1547; x_wconf 89' lang='lat' dir='ltr'><strong>si·</strong></span> 
     </span>
     <span class='ocr_line' id='line_1_12' title="bbox 498 1573 2053 1661; baseline 0.004 -24"><span class='ocrx_word' id='word_1_109' title='bbox 498 1573 637 1661; x_wconf 86' lang='lat' dir='ltr'><strong>gnis</strong></span> <span class='ocrx_word' id='word_1_110' title='bbox 664 1581 731 1639; x_wconf 89' lang='lat' dir='ltr'><strong>et</strong></span> <span class='ocrx_word' id='word_1_111' title='bbox 759 1573 1067 1659; x_wconf 83' lang='lat' dir='ltr'><strong>prodigiis</strong></span> <span class='ocrx_word' id='word_1_112' title='bbox 1103 1574 1266 1641; x_wconf 81' lang='lat' dir='ltr'><strong>vitae</strong></span> <span class='ocrx_word' id='word_1_113' title='bbox 1324 1575 1489 1639; x_wconf 77' lang='lat' dir='ltr'><strong>viam</strong></span> <span class='ocrx_word' id='word_1_114' title='bbox 1546 1576 2053 1645; x_wconf 88' lang='lat' dir='ltr'><strong>demonstrando.</strong></span> 
     </span>
    </p>
   </div>
   <div class='ocr_carea' id='block_1_4' title="bbox 494 1672 2221 1762">
    <p class='ocr_par' dir='ltr' id='par_1_4' title="bbox 494 1672 2221 1762">
     <span class='ocr_line' id='line_1_13' title="bbox 494 1672 2221 1762; baseline 0.004 -26"><span class='ocrx_word' id='word_1_115' title='bbox 494 1672 727 1738; x_wconf 68' lang='lat' dir='ltr'><strong>Merito</strong></span> <span class='ocrx_word' id='word_1_116' title='bbox 748 1673 942 1754; x_wconf 83' lang='lat' dir='ltr'><strong>igitur</strong></span> <span class='ocrx_word' id='word_1_117' title='bbox 968 1680 1333 1743; x_wconf 79' lang='lat' dir='ltr'><strong>Sanctorum</strong></span> <span class='ocrx_word' id='word_1_118' title='bbox 1364 1673 1560 1737; x_wconf 71' lang='lat' dir='ltr'><strong>Fastis</strong></span> <span class='ocrx_word' id='word_1_119' title='bbox 1598 1673 2054 1743; x_wconf 82' lang='lat' dir='ltr'><strong>adscribendus</strong></span> <span class='ocrx_word' id='word_1_120' title='bbox 2088 1734 2093 1737; x_wconf 77' lang='grc'><em>,</em></span> <span class='ocrx_word' id='word_1_121' title='bbox 2210 1754 2221 1762; x_wconf 23' lang='grc'><strong><em>1</em></strong></span> 
     </span>
    </p>
   </div>
   <div class='ocr_carea' id='block_1_5' title="bbox 493 1772 2056 2125">
    <p class='ocr_par' dir='ltr' id='par_1_5' title="bbox 493 1772 2056 2125">
     <span class='ocr_line' id='line_1_14' title="bbox 497 1772 2053 1855; baseline 0.003 -22"><span class='ocrx_word' id='word_1_122' title='bbox 497 1789 534 1833; x_wconf 76' lang='lat' dir='ltr'><strong>a</strong></span> <span class='ocrx_word' id='word_1_123' title='bbox 563 1774 1042 1849; x_wconf 64' lang='lat' dir='ltr'><strong>SANCTITATE</strong></span> <span class='ocrx_word' id='word_1_124' title='bbox 1075 1776 1374 1834; x_wconf 73' lang='lat' dir='ltr'><strong>vBsTRA</strong></span> <span class='ocrx_word' id='word_1_125' title='bbox 1408 1779 1742 1845; x_wconf 70' lang='lat' dir='ltr'><strong>censetur,</strong></span> <span class='ocrx_word' id='word_1_126' title='bbox 1767 1772 1874 1855; x_wconf 76' lang='lat' dir='ltr'><strong>qui</strong></span> <span class='ocrx_word' id='word_1_127' title='bbox 1922 1783 2053 1843; x_wconf 71' lang='lat' dir='ltr'><strong>tam</strong></span> 
     </span>
     <span class='ocr_line' id='line_1_15' title="bbox 495 1864 2052 1955; baseline 0.004 -28"><span class='ocrx_word' id='word_1_128' title='bbox 495 1864 725 1929; x_wconf 73' lang='lat' dir='ltr'><strong>invicto</strong></span> <span class='ocrx_word' id='word_1_129' title='bbox 756 1865 895 1930; x_wconf 83' lang='lat' dir='ltr'><strong>zelo</strong></span> <span class='ocrx_word' id='word_1_130' title='bbox 927 1886 1040 1949; x_wconf 86' lang='lat' dir='ltr'><strong>pro</strong></span> <span class='ocrx_word' id='word_1_131' title='bbox 1067 1865 1243 1930; x_wconf 82' lang='lat' dir='ltr'><strong>Fidei</strong></span> <span class='ocrx_word' id='word_1_132' title='bbox 1294 1864 1662 1933; x_wconf 76' lang='lat' dir='ltr'><strong>dilatatione</strong></span> <span class='ocrx_word' id='word_1_133' title='bbox 1696 1868 2052 1955; x_wconf 73' lang='lat' dir='ltr'><strong>pugnavit,</strong></span> 
     </span>
     <span class='ocr_line' id='line_1_16' title="bbox 494 1962 2056 2052; baseline 0.003 -25"><span class='ocrx_word' id='word_1_134' title='bbox 494 1968 558 2027; x_wconf 86' lang='lat' dir='ltr'><strong>et</strong></span> <span class='ocrx_word' id='word_1_135' title='bbox 591 1984 705 2046; x_wconf 85' lang='lat' dir='ltr'><strong>pro</strong></span> <span class='ocrx_word' id='word_1_136' title='bbox 736 1962 1083 2027; x_wconf 84' lang='lat' dir='ltr'><strong>animarum</strong></span> <span class='ocrx_word' id='word_1_137' title='bbox 1112 1963 1321 2030; x_wconf 87' lang='lat' dir='ltr'><strong>salute</strong></span> <span class='ocrx_word' id='word_1_138' title='bbox 1351 1970 1480 2043; x_wconf 82' lang='lat' dir='ltr'><strong>tam</strong></span> <span class='ocrx_word' id='word_1_139' title='bbox 1508 1964 1835 2033; x_wconf 85' lang='lat' dir='ltr'><strong>indefesso</strong></span> <span class='ocrx_word' id='word_1_140' title='bbox 1879 1967 2056 2052; x_wconf 85' lang='lat' dir='ltr'><strong>spiri-</strong></span> 
     </span>
     <span class='ocr_line' id='line_1_17' title="bbox 493 2057 917 2125; baseline -0.002 -1"><span class='ocrx_word' id='word_1_141' title='bbox 493 2064 560 2124; x_wconf 87' lang='lat' dir='ltr'><strong>tu</strong></span> <span class='ocrx_word' id='word_1_142' title='bbox 588 2057 917 2125; x_wconf 78' lang='lat' dir='ltr'><strong>laboravit.</strong></span> 
     </span>
    </p>
   </div>
   <div class='ocr_carea' id='block_1_6' title="bbox 497 2206 2057 2430">
    <p class='ocr_par' dir='ltr' id='par_1_6' title="bbox 497 2206 2057 2430">
     <span class='ocr_line' id='line_1_18' title="bbox 497 2206 2057 2349; baseline 0.004 -31"><span class='ocrx_word' id='word_1_143' title='bbox 497 2253 797 2320; x_wconf 69' lang='lat' dir='ltr'><strong>meon</strong></span> <span class='ocrx_word' id='word_1_144' title='bbox 814 2256 913 2349; x_wconf 76' lang='lat' dir='ltr'><strong>ns</strong></span> <span class='ocrx_word' id='word_1_145' title='bbox 937 2254 1034 2317; x_wconf 74' lang='lat' dir='ltr'><strong>n</strong></span> <span class='ocrx_word' id='word_1_146' title='bbox 1045 2206 1349 2320; x_wconf 63' lang='lat' dir='ltr'><strong>vanius</strong></span> <span class='ocrx_word' id='word_1_147' title='bbox 1388 2258 1780 2323; x_wconf 63' lang='lat' dir='ltr'><strong>sammaa-ca</strong></span> <span class='ocrx_word' id='word_1_148' title='bbox 1807 2261 2057 2338; x_wconf 69' lang='lat' dir='ltr'><strong>apem·</strong></span> 
     </span>
     <span class='ocr_line' id='line_1_19' title="bbox 768 2353 1694 2430; baseline 0 -14"><span class='ocrx_word' id='word_1_149' title='bbox 768 2396 773 2405; x_wconf 75' lang='lat'><strong>·</strong></span> <span class='ocrx_word' id='word_1_150' title='bbox 831 2369 954 2429; x_wconf 72' lang='lat' dir='ltr'><strong>pus</strong></span> <span class='ocrx_word' id='word_1_151' title='bbox 985 2355 1341 2430; x_wconf 63' lang='lat' dir='ltr'><strong>cynnama</strong></span> <span class='ocrx_word' id='word_1_152' title='bbox 1373 2353 1694 2419; x_wconf 64' lang='lat' dir='ltr'><strong>desistens.</strong></span> 
     </span>
    </p>
   </div>
   <div class='ocr_carea' id='block_1_7' title="bbox 478 2543 2058 4092">
    <p class='ocr_par' dir='ltr' id='par_1_7' title="bbox 478 2543 2058 4092">
     <span class='ocr_line' id='line_1_20' title="bbox 618 2543 2056 2631; baseline 0.006 -23"><span class='ocrx_word' id='word_1_153' title='bbox 618 2544 997 2610; x_wconf 73' lang='lat' dir='ltr'><strong>Benedictus</strong></span> <span class='ocrx_word' id='word_1_154' title='bbox 1023 2551 1188 2610; x_wconf 79' lang='lat' dir='ltr'><strong>Deus</strong></span> <span class='ocrx_word' id='word_1_155' title='bbox 1208 2587 1231 2619; x_wconf 89' lang='lat'><strong>‚</strong></span> <span class='ocrx_word' id='word_1_156' title='bbox 1262 2543 1372 2628; x_wconf 80' lang='lat' dir='ltr'><strong>qni</strong></span> <span class='ocrx_word' id='word_1_157' title='bbox 1403 2544 1787 2631; x_wconf 76' lang='lat' dir='ltr'><strong>frigescente</strong></span> <span class='ocrx_word' id='word_1_158' title='bbox 1815 2549 1887 2613; x_wconf 84' lang='lat' dir='ltr'><strong>in·</strong></span> <span class='ocrx_word' id='word_1_159' title='bbox 1922 2570 2056 2615; x_wconf 81' lang='lat' dir='ltr'><strong>cor-</strong></span> 
     </span>
     <span class='ocr_line' id='line_1_21' title="bbox 491 2639 2054 2713; baseline 0.006 -9"><span class='ocrx_word' id='word_1_160' title='bbox 491 2639 676 2705; x_wconf 88' lang='lat' dir='ltr'><strong>dibus</strong></span> <span class='ocrx_word' id='word_1_161' title='bbox 704 2641 1020 2706; x_wconf 86' lang='lat' dir='ltr'><strong>bominum</strong></span> <span class='ocrx_word' id='word_1_162' title='bbox 1050 2640 1356 2708; x_wconf 76' lang='lat' dir='ltr'><strong>charitate</strong></span> <span class='ocrx_word' id='word_1_163' title='bbox 1386 2663 1507 2708; x_wconf 87' lang='lat' dir='ltr'><strong>non</strong></span> <span class='ocrx_word' id='word_1_164' title='bbox 1538 2645 1689 2711; x_wconf 80' lang='lat' dir='ltr'><strong>sinit</strong></span> <span class='ocrx_word' id='word_1_165' title='bbox 1749 2666 1891 2710; x_wconf 90' lang='lat' dir='ltr'><strong>eam</strong></span> <span class='ocrx_word' id='word_1_166' title='bbox 1949 2668 2054 2713; x_wconf 82' lang='lat' dir='ltr'><strong>ex·</strong></span> 
     </span>
     <span class='ocr_line' id='line_1_22' title="bbox 493 2738 2058 2824; baseline 0.006 -22"><span class='ocrx_word' id='word_1_167' title='bbox 493 2738 733 2824; x_wconf 85' lang='lat' dir='ltr'><strong>tingui,</strong></span> <span class='ocrx_word' id='word_1_168' title='bbox 763 2740 874 2805; x_wconf 87' lang='lat' dir='ltr'><strong>sed</strong></span> <span class='ocrx_word' id='word_1_169' title='bbox 901 2760 1017 2822; x_wconf 90' lang='lat' dir='ltr'><strong>per</strong></span> <span class='ocrx_word' id='word_1_170' title='bbox 1045 2739 1303 2805; x_wconf 79' lang='lat' dir='ltr'><strong>Eiectos</strong></span> <span class='ocrx_word' id='word_1_171' title='bbox 1332 2741 1644 2824; x_wconf 87' lang='lat' dir='ltr'><strong>quosdam</strong></span> <span class='ocrx_word' id='word_1_172' title='bbox 1700 2743 1892 2808; x_wconf 82' lang='lat' dir='ltr'><strong>veluti</strong></span> <span class='ocrx_word' id='word_1_173' title='bbox 1947 2766 2058 2812; x_wconf 91' lang='lat' dir='ltr'><strong>no—</strong></span> 
     </span>
     <span class='ocr_line' id='line_1_23' title="bbox 490 2834 2056 2920; baseline 0.006 -21"><span class='ocrx_word' id='word_1_174' title='bbox 490 2854 603 2900; x_wconf 79' lang='lat' dir='ltr'><strong>vos</strong></span> <span class='ocrx_word' id='word_1_175' title='bbox 622 2834 967 2920; x_wconf 74' lang='lat' dir='ltr'><strong>Apostolos</strong></span> <span class='ocrx_word' id='word_1_176' title='bbox 992 2846 1294 2908; x_wconf 77' lang='lat' dir='ltr'><strong>renovat,</strong></span> <span class='ocrx_word' id='word_1_177' title='bbox 1327 2843 1391 2901; x_wconf 89' lang='lat' dir='ltr'><strong>et</strong></span> <span class='ocrx_word' id='word_1_178' title='bbox 1420 2838 1750 2914; x_wconf 83' lang='lat' dir='ltr'><strong>accendit,</strong></span> <span class='ocrx_word' id='word_1_179' title='bbox 1778 2847 1848 2907; x_wconf 85' lang='grc' dir='ltr'><strong>Β.</strong></span> <span class='ocrx_word' id='word_1_180' title='bbox 1877 2847 2056 2908; x_wconf 79' lang='lat' dir='ltr'><strong>Jose-</strong></span> 
     </span>
     <span class='ocr_line' id='line_1_24' title="bbox 494 2931 2052 3026; baseline 0.008 -31"><span class='ocrx_word' id='word_1_181' title='bbox 494 2931 680 3016; x_wconf 86' lang='lat' dir='ltr'><strong>pbum</strong></span> <span class='ocrx_word' id='word_1_182' title='bbox 711 2953 748 2998; x_wconf 87' lang='lat' dir='ltr'><strong>a</strong></span> <span class='ocrx_word' id='word_1_183' title='bbox 778 2934 1071 2999; x_wconf 76' lang='lat' dir='ltr'><strong>Leonissa</strong></span> <span class='ocrx_word' id='word_1_184' title='bbox 1101 2933 1179 2998; x_wconf 86' lang='lat' dir='ltr'><strong>ad</strong></span> <span class='ocrx_word' id='word_1_185' title='bbox 1210 2934 1329 2998; x_wconf 89' lang='lat' dir='ltr'><strong>boc</strong></span> <span class='ocrx_word' id='word_1_186' title='bbox 1358 2933 1783 3002; x_wconf 84' lang='lat' dir='ltr'><strong>ministerium</strong></span> <span class='ocrx_word' id='word_1_187' title='bbox 1814 2938 2052 3026; x_wconf 84' lang='lat' dir='ltr'><strong>elegit,</strong></span> 
     </span>
     <span class='ocr_line' id='line_1_25' title="bbox 485 3029 2054 3111; baseline 0.006 -18"><span class='ocrx_word' id='word_1_188' title='bbox 485 3047 677 3111; x_wconf 83' lang='lat' dir='ltr'><strong>quem</strong></span> <span class='ocrx_word' id='word_1_189' title='bbox 696 3030 777 3093; x_wconf 89' lang='lat' dir='ltr'><strong>ab</strong></span> <span class='ocrx_word' id='word_1_190' title='bbox 801 3029 1194 3094; x_wconf 88' lang='lat' dir='ltr'><strong>incunabulis</strong></span> <span class='ocrx_word' id='word_1_191' title='bbox 1217 3029 1521 3103; x_wconf 20' lang='lat' dir='ltr'><strong>div-initus</strong></span> <span class='ocrx_word' id='word_1_192' title='bbox 1534 3041 1850 3100; x_wconf 81' lang='lat' dir='ltr'><strong>servatum</strong></span> <span class='ocrx_word' id='word_1_193' title='bbox 1872 3059 2054 3103; x_wconf 81' lang='lat' dir='ltr'><strong>evan·</strong></span> 
     </span>
     <span class='ocr_line' id='line_1_26' title="bbox 488 3125 2052 3211; baseline 0.008 -20"><span class='ocrx_word' id='word_1_194' title='bbox 488 3125 730 3211; x_wconf 87' lang='lat' dir='ltr'><strong>gelicae</strong></span> <span class='ocrx_word' id='word_1_195' title='bbox 759 3125 1133 3211; x_wconf 81' lang='lat' dir='ltr'><strong>perfectioni</strong></span> <span class='ocrx_word' id='word_1_196' title='bbox 1169 3147 1241 3192; x_wconf 88' lang='lat' dir='ltr'><strong>ac</strong></span> <span class='ocrx_word' id='word_1_197' title='bbox 1259 3128 1701 3211; x_wconf 84' lang='lat' dir='ltr'><strong>praedicationi</strong></span> <span class='ocrx_word' id='word_1_198' title='bbox 1727 3153 2052 3204; x_wconf 86' lang='lat' dir='ltr'><strong>consecra·</strong></span> 
     </span>
     <span class='ocr_line' id='line_1_27' title="bbox 488 3222 2053 3303; baseline 0.009 -17"><span class='ocrx_word' id='word_1_199' title='bbox 488 3222 599 3286; x_wconf 83' lang='lat' dir='ltr'><strong>vit.</strong></span> <span class='ocrx_word' id='word_1_200' title='bbox 628 3230 688 3288; x_wconf 83' lang='lat' dir='ltr'><strong>Is</strong></span> <span class='ocrx_word' id='word_1_201' title='bbox 717 3224 882 3286; x_wconf 87' lang='lat' dir='ltr'><strong>enim</strong></span> <span class='ocrx_word' id='word_1_202' title='bbox 910 3224 1282 3288; x_wconf 84' lang='lat' dir='ltr'><strong>humilitatis</strong></span> <span class='ocrx_word' id='word_1_203' title='bbox 1304 3267 1327 3299; x_wconf 90' lang='lat'>‚</span> <span class='ocrx_word' id='word_1_204' title='bbox 1362 3226 1795 3303; x_wconf 83' lang='lat' dir='ltr'><strong>obedientiae,</strong></span> <span class='ocrx_word' id='word_1_205' title='bbox 1825 3234 2053 3300; x_wconf 83' lang='lat' dir='ltr'><strong>oratio-</strong></span> 
     </span>
     <span class='ocr_line' id='line_1_28' title="bbox 487 3320 2051 3408; baseline 0.009 -26"><span class='ocrx_word' id='word_1_206' title='bbox 487 3320 612 3408; x_wconf 84' lang='lat' dir='ltr'><strong>nis,</strong></span> <span class='ocrx_word' id='word_1_207' title='bbox 641 3321 1063 3403; x_wconf 82' lang='lat' dir='ltr'><strong>poenitentiae</strong></span> <span class='ocrx_word' id='word_1_208' title='bbox 1089 3328 1566 3407; x_wconf 80' lang='lat' dir='ltr'><strong>ceterarumque</strong></span> <span class='ocrx_word' id='word_1_209' title='bbox 1595 3326 1899 3393; x_wconf 86' lang='lat' dir='ltr'><strong>virtutum</strong></span> <span class='ocrx_word' id='word_1_210' title='bbox 1921 3332 2051 3396; x_wconf 83' lang='lat' dir='ltr'><strong>cul-</strong></span> 
     </span>
     <span class='ocr_line' id='line_1_29' title="bbox 486 3413 2049 3504; baseline 0.009 -23"><span class='ocrx_word' id='word_1_211' title='bbox 486 3425 588 3481; x_wconf 89' lang='lat' dir='ltr'><strong>tor</strong></span> <span class='ocrx_word' id='word_1_212' title='bbox 611 3418 901 3484; x_wconf 88' lang='lat' dir='ltr'><strong>assiduus</strong></span> <span class='ocrx_word' id='word_1_213' title='bbox 926 3462 946 3490; x_wconf 87' lang='lat'>‚</span> <span class='ocrx_word' id='word_1_214' title='bbox 977 3439 1088 3500; x_wconf 86' lang='lat' dir='ltr'><strong>pro</strong></span> <span class='ocrx_word' id='word_1_215' title='bbox 1116 3419 1228 3484; x_wconf 78' lang='lat' dir='ltr'><strong>Dei</strong></span> <span class='ocrx_word' id='word_1_216' title='bbox 1259 3413 1463 3504; x_wconf 80' lang='lat' dir='ltr'><strong>gloria</strong></span> <span class='ocrx_word' id='word_1_217' title='bbox 1492 3430 1556 3485; x_wconf 91' lang='lat' dir='ltr'><strong>et</strong></span> <span class='ocrx_word' id='word_1_218' title='bbox 1574 3424 1922 3491; x_wconf 88' lang='lat' dir='ltr'><strong>animarum</strong></span> <span class='ocrx_word' id='word_1_219' title='bbox 1951 3451 2049 3495; x_wconf 87' lang='lat' dir='ltr'><strong>sa·</strong></span> 
     </span>
     <span class='ocr_line' id='line_1_30' title="bbox 485 3511 2051 3609; baseline 0.005 -34"><span class='ocrx_word' id='word_1_220' title='bbox 485 3511 622 3579; x_wconf 90' lang='lat' dir='ltr'><strong>lute</strong></span> <span class='ocrx_word' id='word_1_221' title='bbox 649 3513 1014 3579; x_wconf 87' lang='lat' dir='ltr'><strong>innumeros</strong></span> <span class='ocrx_word' id='word_1_222' title='bbox 1048 3514 1300 3588; x_wconf 81' lang='lat' dir='ltr'><strong>labores</strong></span> <span class='ocrx_word' id='word_1_223' title='bbox 1320 3524 1390 3581; x_wconf 88' lang='lat' dir='ltr'><strong>et</strong></span> <span class='ocrx_word' id='word_1_224' title='bbox 1419 3539 1750 3587; x_wconf 76' lang='lat' dir='ltr'><strong>aerumnas</strong></span> <span class='ocrx_word' id='word_1_225' title='bbox 1797 3537 2051 3609; x_wconf 83' lang='lat' dir='ltr'><strong>perpes-</strong></span> 
     </span>
     <span class='ocr_line' id='line_1_31' title="bbox 484 3611 2047 3706; baseline 0.007 -28"><span class='ocrx_word' id='word_1_226' title='bbox 484 3632 594 3678; x_wconf 84' lang='lat' dir='ltr'><strong>sus</strong></span> <span class='ocrx_word' id='word_1_227' title='bbox 622 3613 821 3680; x_wconf 81' lang='lat' dir='ltr'><strong>verbo</strong></span> <span class='ocrx_word' id='word_1_228' title='bbox 850 3621 913 3676; x_wconf 90' lang='lat' dir='ltr'><strong>et</strong></span> <span class='ocrx_word' id='word_1_229' title='bbox 944 3611 1240 3695; x_wconf 87' lang='lat' dir='ltr'><strong>exemplo</strong></span> <span class='ocrx_word' id='word_1_230' title='bbox 1266 3613 1769 3682; x_wconf 86' lang='lat' dir='ltr'><strong>Christianorum</strong></span> <span class='ocrx_word' id='word_1_231' title='bbox 1829 3622 2047 3706; x_wconf 87' lang='lat' dir='ltr'><strong>depra-</strong></span> 
     </span>
     <span class='ocr_line' id='line_1_32' title="bbox 488 3707 2047 3798; baseline 0.008 -25"><span class='ocrx_word' id='word_1_232' title='bbox 488 3717 665 3773; x_wconf 72' lang='lat' dir='ltr'><strong>vatos</strong></span> <span class='ocrx_word' id='word_1_233' title='bbox 692 3729 904 3773; x_wconf 88' lang='lat' dir='ltr'><strong>mores</strong></span> <span class='ocrx_word' id='word_1_234' title='bbox 931 3709 1008 3772; x_wconf 87' lang='lat' dir='ltr'><strong>ad</strong></span> <span class='ocrx_word' id='word_1_235' title='bbox 1041 3707 1365 3773; x_wconf 82' lang='lat' dir='ltr'><strong>meliorem</strong></span> <span class='ocrx_word' id='word_1_236' title='bbox 1395 3710 1643 3798; x_wconf 79' lang='lat' dir='ltr'><strong>frugem</strong></span> <span class='ocrx_word' id='word_1_237' title='bbox 1672 3718 1902 3798; x_wconf 82' lang='lat' dir='ltr'><strong>passim</strong></span> <span class='ocrx_word' id='word_1_238' title='bbox 1950 3740 2047 3788; x_wconf 87' lang='lat' dir='ltr'><strong>re·</strong></span> 
     </span>
     <span class='ocr_line' id='line_1_33' title="bbox 481 3799 2045 3889; baseline 0.008 -22"><span class='ocrx_word' id='word_1_239' title='bbox 481 3799 761 3878; x_wconf 78' lang='lat' dir='ltr'><strong>vocavit,</strong></span> <span class='ocrx_word' id='word_1_240' title='bbox 792 3815 859 3870; x_wconf 91' lang='lat' dir='ltr'><strong>et</strong></span> <span class='ocrx_word' id='word_1_241' title='bbox 875 3805 1319 3880; x_wconf 82' lang='lat' dir='ltr'><strong>contumeliis,</strong></span> <span class='ocrx_word' id='word_1_242' title='bbox 1348 3809 1640 3889; x_wconf 79' lang='lat' dir='ltr'><strong>probris,</strong></span> <span class='ocrx_word' id='word_1_243' title='bbox 1670 3813 2045 3884; x_wconf 73' lang='lat' dir='ltr'><strong>verberibus</strong></span> 
     </span>
     <span class='ocr_line' id='line_1_34' title="bbox 482 3901 2043 3999; baseline 0.009 -34"><span class='ocrx_word' id='word_1_244' title='bbox 482 3905 801 3987; x_wconf 82' lang='lat' dir='ltr'><strong>appetitus</strong></span> <span class='ocrx_word' id='word_1_245' title='bbox 829 3901 1191 3987; x_wconf 77' lang='lat' dir='ltr'><strong>gaudebat,</strong></span> <span class='ocrx_word' id='word_1_246' title='bbox 1218 3906 1387 3987; x_wconf 87' lang='lat' dir='ltr'><strong>quod</strong></span> <span class='ocrx_word' id='word_1_247' title='bbox 1439 3905 1592 3972; x_wconf 87' lang='lat' dir='ltr'><strong>talia</strong></span> <span class='ocrx_word' id='word_1_248' title='bbox 1641 3909 1772 3993; x_wconf 90' lang='lat' dir='ltr'><strong>pati</strong></span> <span class='ocrx_word' id='word_1_249' title='bbox 1824 3912 2043 3999; x_wconf 86' lang='lat' dir='ltr'><strong>dignus</strong></span> 
     </span>
     <span class='ocr_line' id='line_1_35' title="bbox 478 3999 2044 4092; baseline 0.007 -28"><span class='ocrx_word' id='word_1_250' title='bbox 478 3999 866 4076; x_wconf 77' lang='lat' dir='ltr'><strong>baberetur3</strong></span> <span class='ocrx_word' id='word_1_251' title='bbox 898 4019 1013 4067; x_wconf 87' lang='lat' dir='ltr'><strong>nec</strong></span> <span class='ocrx_word' id='word_1_252' title='bbox 1046 4000 1618 4083; x_wconf 79' lang='lat' dir='ltr'><strong>unquamanimam</strong></span> <span class='ocrx_word' id='word_1_253' title='bbox 1673 4027 1849 4073; x_wconf 89' lang='lat' dir='ltr'><strong>suam</strong></span> <span class='ocrx_word' id='word_1_254' title='bbox 1904 4029 2044 4092; x_wconf 87' lang='lat' dir='ltr'><strong>pre·</strong></span> 
     </span>
    </p>
   </div>
   <div class='ocr_carea' id='block_1_8' title="bbox 478 4095 2135 4185">
    <p class='ocr_par' dir='ltr' id='par_1_8' title="bbox 478 4095 2135 4185">
     <span class='ocr_line' id='line_1_36' title="bbox 478 4095 2135 4185; baseline 0.007 -22"><span class='ocrx_word' id='word_1_255' title='bbox 478 4097 806 4166; x_wconf 79' lang='lat' dir='ltr'><strong>tiosiorem</strong></span> <span class='ocrx_word' id='word_1_256' title='bbox 839 4095 990 4163; x_wconf 84' lang='lat' dir='ltr'><strong>fecit</strong></span> <span class='ocrx_word' id='word_1_257' title='bbox 1018 4118 1204 4181; x_wconf 88' lang='lat' dir='ltr'><strong>quam</strong></span> <span class='ocrx_word' id='word_1_258' title='bbox 1239 4118 1349 4172; x_wconf 84' lang='lat' dir='ltr'><strong>se,</strong></span> <span class='ocrx_word' id='word_1_259' title='bbox 1379 4098 1581 4165; x_wconf 86' lang='lat' dir='ltr'><strong>immo</strong></span> <span class='ocrx_word' id='word_1_260' title='bbox 1626 4122 1740 4185; x_wconf 91' lang='lat' dir='ltr'><strong>pro</strong></span> <span class='ocrx_word' id='word_1_261' title='bbox 1793 4106 2042 4174; x_wconf 89' lang='lat' dir='ltr'><strong>nomine</strong></span> <span class='ocrx_word' id='word_1_262' title='bbox 2132 4125 2135 4128; x_wconf 75' lang='grc'>’</span> 
     </span>
    </p>
   </div>
   <div class='ocr_carea' id='block_1_9' title="bbox 475 4194 2039 4948">
    <p class='ocr_par' dir='ltr' id='par_1_9' title="bbox 475 4194 2039 4948">
     <span class='ocr_line' id='line_1_37' title="bbox 479 4194 2038 4282; baseline 0.005 -22"><span class='ocrx_word' id='word_1_263' title='bbox 479 4200 633 4261; x_wconf 68' lang='lat' dir='ltr'><strong>Iesu</strong></span> <span class='ocrx_word' id='word_1_264' title='bbox 661 4194 1085 4262; x_wconf 83' lang='lat' dir='ltr'><strong>libentissime</strong></span> <span class='ocrx_word' id='word_1_265' title='bbox 1112 4196 1412 4274; x_wconf 76' lang='lat' dir='ltr'><strong>tradidit3</strong></span> <span class='ocrx_word' id='word_1_266' title='bbox 1443 4205 1506 4262; x_wconf 91' lang='lat' dir='ltr'><strong>et</strong></span> <span class='ocrx_word' id='word_1_267' title='bbox 1537 4201 1818 4282; x_wconf 83' lang='lat' dir='ltr'><strong>quamvis</strong></span> <span class='ocrx_word' id='word_1_268' title='bbox 1872 4226 2038 4272; x_wconf 88' lang='lat' dir='ltr'><strong>mar·</strong></span> 
     </span>
     <span class='ocr_line' id='line_1_38' title="bbox 477 4293 2039 4383; baseline 0.007 -26"><span class='ocrx_word' id='word_1_269' title='bbox 477 4293 642 4379; x_wconf 75' lang='lat' dir='ltr'><strong>tyrio</strong></span> <span class='ocrx_word' id='word_1_270' title='bbox 666 4314 874 4368; x_wconf 82' lang='lat' dir='ltr'><strong>mors,</strong></span> <span class='ocrx_word' id='word_1_271' title='bbox 902 4313 1026 4358; x_wconf 91' lang='lat' dir='ltr'><strong>non</strong></span> <span class='ocrx_word' id='word_1_272' title='bbox 1074 4300 1292 4360; x_wconf 84' lang='lat' dir='ltr'><strong>tamen</strong></span> <span class='ocrx_word' id='word_1_273' title='bbox 1349 4297 1655 4383; x_wconf 77' lang='lat' dir='ltr'><strong>martyrio</strong></span> <span class='ocrx_word' id='word_1_274' title='bbox 1709 4297 2039 4377; x_wconf 77' lang='lat' dir='ltr'><strong>voluntas,</strong></span> 
     </span>
     <span class='ocr_line' id='line_1_39' title="bbox 481 4390 2038 4479; baseline 0.005 -25"><span class='ocrx_word' id='word_1_275' title='bbox 481 4408 602 4454; x_wconf 82' lang='lat' dir='ltr'><strong>non</strong></span> <span class='ocrx_word' id='word_1_276' title='bbox 630 4390 931 4456; x_wconf 85' lang='lat' dir='ltr'><strong>voluntati</strong></span> <span class='ocrx_word' id='word_1_277' title='bbox 962 4390 1323 4475; x_wconf 72' lang='lat' dir='ltr'><strong>martyrium</strong></span> <span class='ocrx_word' id='word_1_278' title='bbox 1346 4433 1367 4464; x_wconf 87' lang='lat'><strong>‚</strong></span> <span class='ocrx_word' id='word_1_279' title='bbox 1398 4410 1608 4475; x_wconf 82' lang='lat' dir='ltr'><strong>neque</strong></span> <span class='ocrx_word' id='word_1_280' title='bbox 1664 4394 1790 4479; x_wconf 89' lang='lat' dir='ltr'><strong>ipsi</strong></span> <span class='ocrx_word' id='word_1_281' title='bbox 1837 4397 2038 4477; x_wconf 86' lang='lat' dir='ltr'><strong>gloria</strong></span> 
     </span>
     <span class='ocr_line' id='line_1_40' title="bbox 479 4485 2038 4577; baseline 0.008 -28"><span class='ocrx_word' id='word_1_282' title='bbox 479 4485 705 4550; x_wconf 86' lang='lat' dir='ltr'><strong>defuit.</strong></span> <span class='ocrx_word' id='word_1_283' title='bbox 735 4491 910 4549; x_wconf 80' lang='lat' dir='ltr'><strong>Hunc</strong></span> <span class='ocrx_word' id='word_1_284' title='bbox 939 4485 1205 4567; x_wconf 91' lang='lat' dir='ltr'><strong>proinde</strong></span> <span class='ocrx_word' id='word_1_285' title='bbox 1236 4486 1491 4552; x_wconf 89' lang='lat' dir='ltr'><strong>beatum</strong></span> <span class='ocrx_word' id='word_1_286' title='bbox 1541 4490 1761 4556; x_wconf 89' lang='lat' dir='ltr'><strong>Virum</strong></span> <span class='ocrx_word' id='word_1_287' title='bbox 1782 4535 1805 4567; x_wconf 84' lang='lat'>‚</span> <span class='ocrx_word' id='word_1_288' title='bbox 1852 4495 2038 4577; x_wconf 78' lang='lat' dir='ltr'><strong>cujus</strong></span> 
     </span>
     <span class='ocr_line' id='line_1_41' title="bbox 479 4580 2038 4664; baseline 0.007 -18"><span class='ocrx_word' id='word_1_289' title='bbox 479 4580 773 4647; x_wconf 76' lang='lat' dir='ltr'><strong>heroicae</strong></span> <span class='ocrx_word' id='word_1_290' title='bbox 827 4583 1089 4647; x_wconf 86' lang='lat' dir='ltr'><strong>virtutes</strong></span> <span class='ocrx_word' id='word_1_291' title='bbox 1144 4584 1480 4664; x_wconf 87' lang='lat' dir='ltr'><strong>praeclaris</strong></span> <span class='ocrx_word' id='word_1_292' title='bbox 1539 4587 1860 4654; x_wconf 82' lang='lat' dir='ltr'><strong>miraculis</strong></span> <span class='ocrx_word' id='word_1_293' title='bbox 1915 4591 2038 4657; x_wconf 88' lang='lat' dir='ltr'><strong>rite</strong></span> 
     </span>
     <span class='ocr_line' id='line_1_42' title="bbox 475 4679 2036 4769; baseline 0.006 -25"><span class='ocrx_word' id='word_1_294' title='bbox 475 4679 754 4764; x_wconf 84' lang='lat' dir='ltr'><strong>probatis</strong></span> <span class='ocrx_word' id='word_1_295' title='bbox 792 4679 1203 4760; x_wconf 44' lang='lat' dir='ltr'><strong>confirmatae·</strong></span> <span class='ocrx_word' id='word_1_296' title='bbox 1251 4679 1547 4756; x_wconf 85' lang='lat' dir='ltr'><strong>fuerunt,</strong></span> <span class='ocrx_word' id='word_1_297' title='bbox 1598 4684 2036 4769; x_wconf 86' lang='lat' dir='ltr'><strong>dignissimum</strong></span> 
     </span>
     <span class='ocr_line' id='line_1_43' title="bbox 475 4767 2038 4864; baseline 0.006 -21"><span class='ocrx_word' id='word_1_298' title='bbox 475 4794 705 4843; x_wconf 85' lang='lat' dir='ltr'><strong>censeo</strong></span> <span class='ocrx_word' id='word_1_299' title='bbox 724 4818 747 4850; x_wconf 90' lang='lat'><strong>‚</strong></span> <span class='ocrx_word' id='word_1_300' title='bbox 767 4776 875 4858; x_wconf 89' lang='lat' dir='ltr'><strong>qui</strong></span> <span class='ocrx_word' id='word_1_301' title='bbox 905 4777 985 4840; x_wconf 86' lang='lat' dir='ltr'><strong>ab</strong></span> <span class='ocrx_word' id='word_1_302' title='bbox 1001 4767 1336 4864; x_wconf 75' lang='lat' dir='ltr'><strong>infallibili</strong></span> <span class='ocrx_word' id='word_1_303' title='bbox 1365 4781 1767 4862; x_wconf 80' lang='lat' dir='ltr'><strong>Apostolatus</strong></span> <span class='ocrx_word' id='word_1_304' title='bbox 1795 4786 1909 4850; x_wconf 87' lang='lat' dir='ltr'><strong>Tui</strong></span> <span class='ocrx_word' id='word_1_305' title='bbox 1931 4805 2038 4852; x_wconf 79' lang='lat' dir='ltr'><strong>vo-</strong></span> 
     </span>
     <span class='ocr_line' id='line_1_44' title="bbox 476 4867 1739 4948; baseline 0.003 -8"><span class='ocrx_word' id='word_1_306' title='bbox 476 4894 549 4940; x_wconf 87' lang='lat' dir='ltr'><strong>ce</strong></span> <span class='ocrx_word' id='word_1_307' title='bbox 576 4874 640 4937; x_wconf 91' lang='lat' dir='ltr'><strong>in</strong></span> <span class='ocrx_word' id='word_1_308' title='bbox 669 4879 1028 4939; x_wconf 88' lang='lat' dir='ltr'><strong>Sanctorum</strong></span> <span class='ocrx_word' id='word_1_309' title='bbox 1058 4867 1384 4939; x_wconf 82' lang='lat' dir='ltr'><strong>numerum</strong></span> <span class='ocrx_word' id='word_1_310' title='bbox 1411 4876 1739 4948; x_wconf 80' lang='lat' dir='ltr'><strong>referatur.</strong></span> 
     </span>
    </p>
   </div>
   <div class='ocr_carea' id='block_1_10' title="bbox 514 5015 2023 5180">
    <p class='ocr_par' dir='ltr' id='par_1_10' title="bbox 514 5015 2023 5180">
     <span class='ocr_line' id='line_1_45' title="bbox 514 5015 2023 5118; baseline 0.009 -39"><span class='ocrx_word' id='word_1_311' title='bbox 514 5015 823 5081; x_wconf 67' lang='lat' dir='ltr'><strong>mcozs</strong></span> <span class='ocrx_word' id='word_1_312' title='bbox 838 5017 933 5079; x_wconf 82' lang='lat' dir='ltr'><strong>US</strong></span> <span class='ocrx_word' id='word_1_313' title='bbox 964 5018 1192 5079; x_wconf 74' lang='lat' dir='ltr'><strong>Simoni</strong></span> <span class='ocrx_word' id='word_1_314' title='bbox 1223 5020 1557 5098; x_wconf 68' lang='lat' dir='ltr'><strong>Episcopus·</strong></span> <span class='ocrx_word' id='word_1_315' title='bbox 1586 5024 2023 5118; x_wconf 67' lang='lat' dir='ltr'><strong>Marcionensis</strong></span> 
     </span>
     <span class='ocr_line' id='line_1_46' title="bbox 1001 5115 1408 5180; baseline 0.007 -5"><span class='ocrx_word' id='word_1_316' title='bbox 1001 5129 1007 5136; x_wconf 75' lang='grc'><em>’</em></span> <span class='ocrx_word' id='word_1_317' title='bbox 1094 5115 1408 5180; x_wconf 64' lang='lat' dir='ltr'><strong>summa.</strong></span> 
     </span>
    </p>
   </div>
   <div class='ocr_carea' id='block_1_11' title="bbox 597 5251 2037 5336">
    <p class='ocr_par' dir='ltr' id='par_1_11' title="bbox 597 5251 2037 5336">
     <span class='ocr_line' id='line_1_47' title="bbox 597 5251 2037 5336; baseline 0.006 -20"><span class='ocrx_word' id='word_1_318' title='bbox 597 5251 813 5319; x_wconf 80' lang='lat' dir='ltr'><strong>Divino</strong></span> <span class='ocrx_word' id='word_1_319' title='bbox 848 5251 1034 5336; x_wconf 80' lang='lat' dir='ltr'><strong>plane</strong></span> <span class='ocrx_word' id='word_1_320' title='bbox 1074 5254 1341 5319; x_wconf 91' lang='lat' dir='ltr'><strong>consilio</strong></span> <span class='ocrx_word' id='word_1_321' title='bbox 1383 5276 1457 5324; x_wconf 89' lang='lat' dir='ltr'><strong>ac</strong></span> <span class='ocrx_word' id='word_1_322' title='bbox 1500 5256 1809 5325; x_wconf 83' lang='lat' dir='ltr'><strong>beneficio</strong></span> <span class='ocrx_word' id='word_1_323' title='bbox 1848 5262 2037 5329; x_wconf 87' lang='lat' dir='ltr'><strong>morti</strong></span> 
     </span>
    </p>
   </div>
   <div class='ocr_carea' id='block_1_12' title="bbox 2162 1089 3736 1447">
    <p class='ocr_par' dir='ltr' id='par_1_12' title="bbox 2162 1089 3736 1447">
     <span class='ocr_line' id='line_1_48' title="bbox 2170 1089 3736 1175; baseline 0.001 -22"><span class='ocrx_word' id='word_1_324' title='bbox 2170 1089 2489 1173; x_wconf 86' lang='lat' dir='ltr'><strong>patientia.</strong></span> <span class='ocrx_word' id='word_1_325' title='bbox 2521 1096 2714 1155; x_wconf 78' lang='lat' dir='ltr'><strong>Decet</strong></span> <span class='ocrx_word' id='word_1_326' title='bbox 2741 1098 3073 1175; x_wconf 85' lang='lat' dir='ltr'><strong>propterea</strong></span> <span class='ocrx_word' id='word_1_327' title='bbox 3095 1135 3117 1165; x_wconf 84' lang='lat'>‚</span> <span class='ocrx_word' id='word_1_328' title='bbox 3145 1098 3212 1154; x_wconf 91' lang='lat' dir='ltr'><strong>ut</strong></span> <span class='ocrx_word' id='word_1_329' title='bbox 3247 1091 3375 1155; x_wconf 86' lang='lat' dir='ltr'><strong>Viri</strong></span> <span class='ocrx_word' id='word_1_330' title='bbox 3407 1092 3517 1155; x_wconf 86' lang='lat' dir='ltr'><strong>Dei</strong></span> <span class='ocrx_word' id='word_1_331' title='bbox 3544 1090 3736 1155; x_wconf 84' lang='lat' dir='ltr'><strong>virtu-</strong></span> 
     </span>
     <span class='ocr_line' id='line_1_49' title="bbox 2167 1186 3734 1274; baseline 0.002 -23"><span class='ocrx_word' id='word_1_332' title='bbox 2167 1194 2266 1251; x_wconf 85' lang='lat' dir='ltr'><strong>tes</strong></span> <span class='ocrx_word' id='word_1_333' title='bbox 2295 1206 2524 1273; x_wconf 86' lang='lat' dir='ltr'><strong>resque</strong></span> <span class='ocrx_word' id='word_1_334' title='bbox 2553 1186 2872 1271; x_wconf 82' lang='lat' dir='ltr'><strong>praeclare</strong></span> <span class='ocrx_word' id='word_1_335' title='bbox 2903 1194 3113 1274; x_wconf 82' lang='lat' dir='ltr'><strong>gestas</strong></span> <span class='ocrx_word' id='word_1_336' title='bbox 3138 1188 3201 1252; x_wconf 81' lang='lat' dir='ltr'><strong>in</strong></span> <span class='ocrx_word' id='word_1_337' title='bbox 3232 1188 3590 1253; x_wconf 84' lang='lat' dir='ltr'><strong>sublimiori</strong></span> <span class='ocrx_word' id='word_1_338' title='bbox 3619 1196 3734 1254; x_wconf 82' lang='lat' dir='ltr'><strong>Ec·</strong></span> 
     </span>
     <span class='ocr_line' id='line_1_50' title="bbox 2166 1280 3728 1373; baseline 0.001 -28"><span class='ocrx_word' id='word_1_339' title='bbox 2166 1280 2396 1373; x_wconf 78' lang='lat' dir='ltr'><strong>clasiae</strong></span> <span class='ocrx_word' id='word_1_340' title='bbox 2439 1282 2582 1349; x_wconf 90' lang='lat' dir='ltr'><strong>loco</strong></span> <span class='ocrx_word' id='word_1_341' title='bbox 2622 1284 2860 1368; x_wconf 86' lang='lat' dir='ltr'><strong>positas</strong></span> <span class='ocrx_word' id='word_1_342' title='bbox 2900 1285 3326 1360; x_wconf 78' lang='lat' dir='ltr'><strong>admiremur,</strong></span> <span class='ocrx_word' id='word_1_343' title='bbox 3364 1284 3728 1361; x_wconf 85' lang='lat' dir='ltr'><strong>imitemur,</strong></span> 
     </span>
     <span class='ocr_line' id='line_1_51' title="bbox 2162 1399 2556 1447; baseline 0 -2"><span class='ocrx_word' id='word_1_344' title='bbox 2162 1399 2556 1447; x_wconf 80' lang='lat' dir='ltr'><strong>veneremur.</strong></span> 
     </span>
    </p>
   </div>
   <div class='ocr_carea' id='block_1_13' title="bbox 2215 1575 3689 1736">
    <p class='ocr_par' dir='ltr' id='par_1_13' title="bbox 2215 1575 3689 1736">
     <span class='ocr_line' id='line_1_52' title="bbox 2215 1575 3689 1736; baseline 0 -95"><span class='ocrx_word' id='word_1_345' title='bbox 2215 1575 2640 1642; x_wconf 72' lang='lat' dir='ltr'><strong>Nlcouvs</strong></span> <span class='ocrx_word' id='word_1_346' title='bbox 2674 1577 2934 1736; x_wconf 43' lang='lat' dir='ltr'><strong>smaltz&amp;</strong></span> <span class='ocrx_word' id='word_1_347' title='bbox 2963 1580 3304 1656; x_wconf 66' lang='lat' dir='ltr'><strong>Episcopus</strong></span> <span class='ocrx_word' id='word_1_348' title='bbox 3353 1578 3689 1643; x_wconf 64' lang='lat' dir='ltr'><strong>Annaeus</strong></span> 
     </span>
     <span class='ocr_line' id='line_1_53' title="bbox 2906 1676 3099 1736; baseline 0.005 -1"><span class='ocrx_word' id='word_1_349' title='bbox 2906 1676 3099 1736; x_wconf 59' lang='lat' dir='ltr'><strong>‘seona</strong></span> 
     </span>
    </p>
   </div>
   <div class='ocr_carea' id='block_1_14' title="bbox 2161 1863 3737 2142">
    <p class='ocr_par' dir='ltr' id='par_1_14' title="bbox 2161 1863 3737 2142">
     <span class='ocr_line' id='line_1_54' title="bbox 2286 1863 3737 1950; baseline 0.001 -24"><span class='ocrx_word' id='word_1_350' title='bbox 2286 1863 2643 1929; x_wconf 83' lang='lat' dir='ltr'><strong>Domestica</strong></span> <span class='ocrx_word' id='word_1_351' title='bbox 2672 1863 2799 1930; x_wconf 81' lang='lat' dir='ltr'><strong>vita</strong></span> <span class='ocrx_word' id='word_1_352' title='bbox 2822 1863 3225 1950; x_wconf 83' lang='lat' dir='ltr'><strong>integerrime</strong></span> <span class='ocrx_word' id='word_1_353' title='bbox 3243 1865 3524 1932; x_wconf 87' lang='lat' dir='ltr'><strong>traducta</strong></span> <span class='ocrx_word' id='word_1_354' title='bbox 3552 1863 3737 1930; x_wconf 88' lang='lat' dir='ltr'><strong>mini-</strong></span> 
     </span>
     <span class='ocr_line' id='line_1_55' title="bbox 2161 1961 3735 2047; baseline 0.001 -22"><span class='ocrx_word' id='word_1_355' title='bbox 2161 1981 2268 2025; x_wconf 87' lang='lat' dir='ltr'><strong>me</strong></span> <span class='ocrx_word' id='word_1_356' title='bbox 2310 1969 2638 2027; x_wconf 88' lang='lat' dir='ltr'><strong>contentus</strong></span> <span class='ocrx_word' id='word_1_357' title='bbox 2667 1961 2890 2028; x_wconf 88' lang='lat' dir='ltr'><strong>beatus</strong></span> <span class='ocrx_word' id='word_1_358' title='bbox 2933 1962 3167 2047; x_wconf 69' lang='lat' dir='ltr'><strong>loseph</strong></span> <span class='ocrx_word' id='word_1_359' title='bbox 3194 1984 3230 2030; x_wconf 87' lang='lat' dir='ltr'><strong>a</strong></span> <span class='ocrx_word' id='word_1_360' title='bbox 3271 1962 3567 2028; x_wconf 86' lang='lat' dir='ltr'><strong>Leonissa</strong></span> <span class='ocrx_word' id='word_1_361' title='bbox 3608 1961 3735 2028; x_wconf 88' lang='lat' dir='ltr'><strong>sibi</strong></span> 
     </span>
     <span class='ocr_line' id='line_1_56' title="bbox 2163 2057 3737 2142; baseline -0.002 -15"><span class='ocrx_word' id='word_1_362' title='bbox 2163 2078 2242 2127; x_wconf 69' lang='lat' dir='ltr'><strong>cx</strong></span> <span class='ocrx_word' id='word_1_363' title='bbox 2270 2060 2493 2124; x_wconf 89' lang='lat' dir='ltr'><strong>umbra</strong></span> <span class='ocrx_word' id='word_1_364' title='bbox 2524 2059 2601 2123; x_wconf 88' lang='lat' dir='ltr'><strong>ad</strong></span> <span class='ocrx_word' id='word_1_365' title='bbox 2634 2057 2835 2124; x_wconf 87' lang='lat' dir='ltr'><strong>solem</strong></span> <span class='ocrx_word' id='word_1_366' title='bbox 2866 2058 3299 2142; x_wconf 77' lang='lat' dir='ltr'><strong>prodeundum</strong></span> <span class='ocrx_word' id='word_1_367' title='bbox 3331 2059 3737 2136; x_wconf 79' lang='lat' dir='ltr'><strong>existimavit,</strong></span> 
     </span>
    </p>
   </div>
   <div class='ocr_carea' id='block_1_15' title="bbox 2162 2144 3865 2240">
    <p class='ocr_par' dir='ltr' id='par_1_15' title="bbox 2162 2144 3865 2240">
     <span class='ocr_line' id='line_1_57' title="bbox 2162 2144 3865 2240; baseline 0.003 -23"><span class='ocrx_word' id='word_1_368' title='bbox 2162 2154 2749 2237; x_wconf 87' lang='lat' dir='ltr'><strong>remotissimasque</strong></span> <span class='ocrx_word' id='word_1_369' title='bbox 2775 2152 2964 2239; x_wconf 90' lang='lat' dir='ltr'><strong>petiit</strong></span> <span class='ocrx_word' id='word_1_370' title='bbox 2991 2156 3304 2240; x_wconf 77' lang='lat' dir='ltr'><strong>Regiones</strong></span> <span class='ocrx_word' id='word_1_371' title='bbox 3325 2144 3616 2238; x_wconf 73' lang='lat' dir='ltr'><strong>Captivos</strong></span> <span class='ocrx_word' id='word_1_372' title='bbox 3657 2176 3738 2222; x_wconf 72' lang='lat' dir='ltr'><strong>en</strong></span> <span class='ocrx_word' id='word_1_373' title='bbox 3857 2231 3865 2240; x_wconf 48' lang='grc'><em>,</em></span> 
     </span>
    </p>
   </div>
   <div class='ocr_carea' id='block_1_16' title="bbox 2154 2247 3740 3676">
    <p class='ocr_par' dir='ltr' id='par_1_16' title="bbox 2154 2247 3740 3676">
     <span class='ocr_line' id='line_1_58' title="bbox 2163 2247 3740 2338; baseline 0.002 -26"><span class='ocrx_word' id='word_1_374' title='bbox 2163 2247 2524 2315; x_wconf 81' lang='lat' dir='ltr'><strong>Infidelium</strong></span> <span class='ocrx_word' id='word_1_375' title='bbox 2557 2251 2884 2338; x_wconf 75' lang='lat' dir='ltr'><strong>tyrannide</strong></span> <span class='ocrx_word' id='word_1_376' title='bbox 2914 2251 2977 2314; x_wconf 88' lang='lat' dir='ltr'><strong>in</strong></span> <span class='ocrx_word' id='word_1_377' title='bbox 3008 2250 3365 2318; x_wconf 80' lang='lat' dir='ltr'><strong>libertatem</strong></span> <span class='ocrx_word' id='word_1_378' title='bbox 3394 2251 3740 2318; x_wconf 81' lang='lat' dir='ltr'><strong>vindicatu—</strong></span> 
     </span>
     <span class='ocr_line' id='line_1_59' title="bbox 2164 2345 3737 2433; baseline 0.003 -21"><span class='ocrx_word' id='word_1_379' title='bbox 2164 2370 2280 2413; x_wconf 86' lang='lat' dir='ltr'><strong>rus</strong></span> <span class='ocrx_word' id='word_1_380' title='bbox 2299 2348 2462 2423; x_wconf 67' lang='lat' dir='ltr'><strong>;‚ubi</strong></span> <span class='ocrx_word' id='word_1_381' title='bbox 2494 2358 2775 2414; x_wconf 83' lang='lat' dir='ltr'><strong>extrema</strong></span> <span class='ocrx_word' id='word_1_382' title='bbox 2817 2366 3105 2431; x_wconf 88' lang='lat' dir='ltr'><strong>quaeque</strong></span> <span class='ocrx_word' id='word_1_383' title='bbox 3133 2345 3509 2433; x_wconf 83' lang='lat' dir='ltr'><strong>perpessus,</strong></span> <span class='ocrx_word' id='word_1_384' title='bbox 3550 2348 3737 2416; x_wconf 81' lang='lat' dir='ltr'><strong>mira·</strong></span> 
     </span>
     <span class='ocr_line' id='line_1_60' title="bbox 2162 2445 3736 2529; baseline 0 -19"><span class='ocrx_word' id='word_1_385' title='bbox 2162 2445 2310 2510; x_wconf 89' lang='lat' dir='ltr'><strong>culo</strong></span> <span class='ocrx_word' id='word_1_386' title='bbox 2349 2466 2386 2510; x_wconf 85' lang='lat' dir='ltr'><strong>a</strong></span> <span class='ocrx_word' id='word_1_387' title='bbox 2430 2446 2729 2529; x_wconf 89' lang='lat' dir='ltr'><strong>periculis</strong></span> <span class='ocrx_word' id='word_1_388' title='bbox 2772 2445 3230 2529; x_wconf 85' lang='lat' dir='ltr'><strong>dirissimisque</strong></span> <span class='ocrx_word' id='word_1_389' title='bbox 3270 2445 3589 2529; x_wconf 80' lang='lat' dir='ltr'><strong>suppliciis</strong></span> <span class='ocrx_word' id='word_1_390' title='bbox 3632 2466 3736 2510; x_wconf 86' lang='lat' dir='ltr'><strong>su·</strong></span> 
     </span>
     <span class='ocr_line' id='line_1_61' title="bbox 2161 2541 3740 2628; baseline -0.001 -20"><span class='ocrx_word' id='word_1_391' title='bbox 2161 2550 2408 2625; x_wconf 88' lang='lat' dir='ltr'><strong>perstes</strong></span> <span class='ocrx_word' id='word_1_392' title='bbox 2440 2542 2595 2608; x_wconf 70' lang='lat' dir='ltr'><strong>fuitz</strong></span> <span class='ocrx_word' id='word_1_393' title='bbox 2630 2545 2805 2610; x_wconf 83' lang='lat' dir='ltr'><strong>Licet</strong></span> <span class='ocrx_word' id='word_1_394' title='bbox 2843 2543 3171 2628; x_wconf 83' lang='lat' dir='ltr'><strong>omnigena</strong></span> <span class='ocrx_word' id='word_1_395' title='bbox 3200 2541 3740 2611; x_wconf 70' lang='lat' dir='ltr'><strong>excultuserudi-</strong></span> 
     </span>
     <span class='ocr_line' id='line_1_62' title="bbox 2163 2639 3736 2725; baseline 0.001 -22"><span class='ocrx_word' id='word_1_396' title='bbox 2163 2639 2355 2712; x_wconf 84' lang='lat' dir='ltr'><strong>tione,</strong></span> <span class='ocrx_word' id='word_1_397' title='bbox 2385 2642 2625 2704; x_wconf 72' lang='lat' dir='ltr'><strong>tamum</strong></span> <span class='ocrx_word' id='word_1_398' title='bbox 2655 2639 2919 2707; x_wconf 79' lang='lat' dir='ltr'><strong>villaset</strong></span> <span class='ocrx_word' id='word_1_399' title='bbox 2944 2640 3280 2725; x_wconf 87' lang='lat' dir='ltr'><strong>agrestium</strong></span> <span class='ocrx_word' id='word_1_400' title='bbox 3309 2640 3583 2705; x_wconf 82' lang='lat' dir='ltr'><strong>virorum</strong></span> <span class='ocrx_word' id='word_1_401' title='bbox 3607 2660 3736 2704; x_wconf 85' lang='lat' dir='ltr'><strong>ma·</strong></span> 
     </span>
     <span class='ocr_line' id='line_1_63' title="bbox 2162 2736 3726 2821; baseline -0.001 -21"><span class='ocrx_word' id='word_1_402' title='bbox 2162 2736 2326 2820; x_wconf 90' lang='lat' dir='ltr'><strong>palia</strong></span> <span class='ocrx_word' id='word_1_403' title='bbox 2353 2737 2647 2803; x_wconf 78' lang='lat' dir='ltr'><strong>lustravit</strong></span> <span class='ocrx_word' id='word_1_404' title='bbox 2684 2740 2948 2803; x_wconf 79' lang='lat' dir='ltr'><strong>verbum</strong></span> <span class='ocrx_word' id='word_1_405' title='bbox 2979 2739 3089 2803; x_wconf 88' lang='lat' dir='ltr'><strong>Dei</strong></span> <span class='ocrx_word' id='word_1_406' title='bbox 3134 2737 3726 2821; x_wconf 71' lang='lat' dir='ltr'><strong>depraedicatumse</strong></span> 
     </span>
     <span class='ocr_line' id='line_1_64' title="bbox 2163 2833 3733 2919; baseline 0.001 -20"><span class='ocrx_word' id='word_1_407' title='bbox 2163 2841 2400 2900; x_wconf 89' lang='lat' dir='ltr'><strong>Omnes</strong></span> <span class='ocrx_word' id='word_1_408' title='bbox 2425 2834 2691 2901; x_wconf 84' lang='lat' dir='ltr'><strong>virtutes</strong></span> <span class='ocrx_word' id='word_1_409' title='bbox 2718 2833 2980 2900; x_wconf 81' lang='lat' dir='ltr'><strong>mirifice</strong></span> <span class='ocrx_word' id='word_1_410' title='bbox 3009 2835 3247 2908; x_wconf 80' lang='lat' dir='ltr'><strong>coluit;</strong></span> <span class='ocrx_word' id='word_1_411' title='bbox 3275 2835 3611 2919; x_wconf 74' lang='lat' dir='ltr'><strong>praecipue</strong></span> <span class='ocrx_word' id='word_1_412' title='bbox 3639 2840 3733 2900; x_wconf 85' lang='lat' dir='ltr'><strong>ta·</strong></span> 
     </span>
     <span class='ocr_line' id='line_1_65' title="bbox 2163 2931 3730 3015; baseline 0.001 -20"><span class='ocrx_word' id='word_1_413' title='bbox 2163 2950 2306 2995; x_wconf 89' lang='lat' dir='ltr'><strong>men</strong></span> <span class='ocrx_word' id='word_1_414' title='bbox 2337 2932 2647 3015; x_wconf 87' lang='lat' dir='ltr'><strong>praestitit</strong></span> <span class='ocrx_word' id='word_1_415' title='bbox 2675 2933 2739 2995; x_wconf 90' lang='lat' dir='ltr'><strong>in</strong></span> <span class='ocrx_word' id='word_1_416' title='bbox 2769 2952 3094 3015; x_wconf 78' lang='lat' dir='ltr'><strong>pauperes-</strong></span> <span class='ocrx_word' id='word_1_417' title='bbox 3116 2931 3493 2997; x_wconf 84' lang='lat' dir='ltr'><strong>liberalitate</strong></span> <span class='ocrx_word' id='word_1_418' title='bbox 3514 2977 3536 3006; x_wconf 86' lang='lat'>‚</span> <span class='ocrx_word' id='word_1_419' title='bbox 3569 2950 3730 3014; x_wconf 83' lang='lat' dir='ltr'><strong>quos</strong></span> 
     </span>
     <span class='ocr_line' id='line_1_66' title="bbox 2159 3026 3729 3095; baseline 0.003 -5"><span class='ocrx_word' id='word_1_420' title='bbox 2159 3026 2320 3092; x_wconf 90' lang='lat' dir='ltr'><strong>aluit</strong></span> <span class='ocrx_word' id='word_1_421' title='bbox 2348 3029 2536 3093; x_wconf 85' lang='lat' dir='ltr'><strong>etiam</strong></span> <span class='ocrx_word' id='word_1_422' title='bbox 2566 3049 2647 3093; x_wconf 81' lang='lat' dir='ltr'><strong>ex</strong></span> <span class='ocrx_word' id='word_1_423' title='bbox 2673 3039 2893 3095; x_wconf 81' lang='lat' dir='ltr'><strong>ventre</strong></span> <span class='ocrx_word' id='word_1_424' title='bbox 2914 3028 3299 3094; x_wconf 87' lang='lat' dir='ltr'><strong>defraudato.</strong></span> <span class='ocrx_word' id='word_1_425' title='bbox 3331 3034 3381 3091; x_wconf 78' lang='lat' dir='ltr'>A</span> <span class='ocrx_word' id='word_1_426' title='bbox 3413 3028 3729 3094; x_wconf 83' lang='lat' dir='ltr'><strong>miraculis</strong></span> 
     </span>
     <span class='ocr_line' id='line_1_67' title="bbox 2157 3125 3725 3216; baseline 0.002 -26"><span class='ocrx_word' id='word_1_427' title='bbox 2157 3130 2306 3192; x_wconf 78' lang='lat' dir='ltr'><strong>ante‘</strong></span> <span class='ocrx_word' id='word_1_428' title='bbox 2347 3134 2413 3191; x_wconf 86' lang='lat' dir='ltr'><strong>et</strong></span> <span class='ocrx_word' id='word_1_429' title='bbox 2447 3134 2596 3216; x_wconf 78' lang='lat' dir='ltr'><strong>post</strong></span> <span class='ocrx_word' id='word_1_430' title='bbox 2624 3134 2893 3191; x_wconf 84' lang='lat' dir='ltr'><strong>mortem</strong></span> <span class='ocrx_word' id='word_1_431' title='bbox 2939 3126 3127 3194; x_wconf 81' lang='lat' dir='ltr'><strong>editis</strong></span> <span class='ocrx_word' id='word_1_432' title='bbox 3155 3125 3544 3193; x_wconf 86' lang='lat' dir='ltr'><strong>clarissimus</strong></span> <span class='ocrx_word' id='word_1_433' title='bbox 3581 3125 3725 3193; x_wconf 80' lang='lat' dir='ltr'><strong>fuit.</strong></span> 
     </span>
     <span class='ocr_line' id='line_1_68' title="bbox 2156 3224 3728 3306; baseline 0.003 -19"><span class='ocrx_word' id='word_1_434' title='bbox 2156 3229 2329 3298; x_wconf 86' lang='lat' dir='ltr'><strong>Quae</strong></span> <span class='ocrx_word' id='word_1_435' title='bbox 2357 3225 2560 3289; x_wconf 84' lang='lat' dir='ltr'><strong>omnia</strong></span> <span class='ocrx_word' id='word_1_436' title='bbox 2588 3244 2732 3290; x_wconf 88' lang='lat' dir='ltr'><strong>cum</strong></span> <span class='ocrx_word' id='word_1_437' title='bbox 2763 3224 2883 3288; x_wconf 87' lang='lat' dir='ltr'><strong>rite</strong></span> <span class='ocrx_word' id='word_1_438' title='bbox 2911 3226 3170 3306; x_wconf 76' lang='lat' dir='ltr'><strong>probata</strong></span> <span class='ocrx_word' id='word_1_439' title='bbox 3203 3225 3351 3299; x_wconf 78' lang='lat' dir='ltr'><strong>sint,</strong></span> <span class='ocrx_word' id='word_1_440' title='bbox 3374 3226 3605 3292; x_wconf 86' lang='lat' dir='ltr'><strong>comite</strong></span> <span class='ocrx_word' id='word_1_441' title='bbox 3626 3247 3728 3292; x_wconf 88' lang='lat' dir='ltr'><strong>su·</strong></span> 
     </span>
     <span class='ocr_line' id='line_1_69' title="bbox 2154 3320 3727 3406; baseline 0.002 -23"><span class='ocrx_word' id='word_1_442' title='bbox 2154 3340 2379 3403; x_wconf 87' lang='lat' dir='ltr'><strong>premo</strong></span> <span class='ocrx_word' id='word_1_443' title='bbox 2401 3320 2641 3406; x_wconf 81' lang='lat' dir='ltr'><strong>iudicio</strong></span> <span class='ocrx_word' id='word_1_444' title='bbox 2663 3326 3157 3390; x_wconf 74' lang='lat' dir='ltr'>SANCTITATIS</span> <span class='ocrx_word' id='word_1_445' title='bbox 3181 3328 3350 3388; x_wconf 65' lang='lat' dir='ltr'><strong>111AE</strong></span> <span class='ocrx_word' id='word_1_446' title='bbox 3378 3321 3553 3386; x_wconf 83' lang='lat' dir='ltr'><strong>illum</strong></span> <span class='ocrx_word' id='word_1_447' title='bbox 3577 3331 3727 3388; x_wconf 84' lang='lat' dir='ltr'><strong>San·</strong></span> 
     </span>
     <span class='ocr_line' id='line_1_70' title="bbox 2157 3411 3726 3505; baseline 0.001 -24"><span class='ocrx_word' id='word_1_448' title='bbox 2157 3425 2399 3505; x_wconf 90' lang='lat' dir='ltr'><strong>ctorum</strong></span> <span class='ocrx_word' id='word_1_449' title='bbox 2433 3418 2597 3504; x_wconf 68' lang='lat' dir='ltr'><strong>Albo</strong></span> <span class='ocrx_word' id='word_1_450' title='bbox 2635 3411 2948 3494; x_wconf 85' lang='lat' dir='ltr'><strong>adscribi,</strong></span> <span class='ocrx_word' id='word_1_451' title='bbox 3016 3437 3092 3488; x_wconf 80' lang='lat' dir='ltr'><strong>ac</strong></span> <span class='ocrx_word' id='word_1_452' title='bbox 3130 3418 3389 3502; x_wconf 88' lang='lat' dir='ltr'><strong>publico</strong></span> <span class='ocrx_word' id='word_1_453' title='bbox 3432 3419 3726 3486; x_wconf 85' lang='lat' dir='ltr'><strong>solemni·</strong></span> 
     </span>
     <span class='ocr_line' id='line_1_71' title="bbox 2155 3512 3721 3601; baseline 0.003 -25"><span class='ocrx_word' id='word_1_454' title='bbox 2155 3534 2279 3596; x_wconf 87' lang='lat' dir='ltr'><strong>que</strong></span> <span class='ocrx_word' id='word_1_455' title='bbox 2308 3512 2818 3594; x_wconf 71' lang='lat' dir='ltr'><strong>christifidelium</strong></span> <span class='ocrx_word' id='word_1_456' title='bbox 2846 3513 3018 3579; x_wconf 89' lang='lat' dir='ltr'><strong>cultu</strong></span> <span class='ocrx_word' id='word_1_457' title='bbox 3033 3515 3267 3581; x_wconf 85' lang='lat' dir='ltr'><strong>·donari</strong></span> <span class='ocrx_word' id='word_1_458' title='bbox 3291 3535 3481 3601; x_wconf 80' lang='lat' dir='ltr'><strong>posse</strong></span> <span class='ocrx_word' id='word_1_459' title='bbox 3508 3516 3721 3584; x_wconf 77' lang='lat' dir='ltr'><strong>existi-</strong></span> 
     </span>
     <span class='ocr_line' id='line_1_72' title="bbox 2155 3627 2420 3676; baseline 0.008 -4"><span class='ocrx_word' id='word_1_460' title='bbox 2155 3627 2420 3676; x_wconf 86' lang='lat' dir='ltr'><strong>marem.</strong></span> 
     </span>
    </p>
   </div>
   <div class='ocr_carea' id='block_1_17' title="bbox 2196 3763 3675 3985">
    <p class='ocr_par' dir='ltr' id='par_1_17' title="bbox 2196 3761 3675 3985">
     <span class='ocr_line' id='line_1_73' title="bbox 2196 3763 3675 3889; baseline 0.003 -20"><span class='ocrx_word' id='word_1_461' title='bbox 2196 3763 2521 3871; x_wconf 68' lang='lat' dir='ltr'><strong>maces</strong></span> <span class='ocrx_word' id='word_1_462' title='bbox 2562 3795 2994 3873; x_wconf 70' lang='lat' dir='ltr'><strong>Amemus</strong></span> <span class='ocrx_word' id='word_1_463' title='bbox 3023 3809 3486 3889; x_wconf 64' lang='lat' dir='ltr'><strong>smum-uanus</strong></span> <span class='ocrx_word' id='word_1_464' title='bbox 3526 3814 3675 3888; x_wconf 65' lang='lat' dir='ltr'><strong>sps</strong></span> 
     </span>
     <span class='ocr_line' id='line_1_74' title="bbox 2247 3905 3596 3985; baseline 0.004 -20"><span class='ocrx_word' id='word_1_465' title='bbox 2247 3920 2465 3983; x_wconf 71' lang='lat' dir='ltr'><strong>scopus</strong></span> <span class='ocrx_word' id='word_1_466' title='bbox 2501 3905 2795 3969; x_wconf 62' lang='lat' dir='ltr'><strong>Ortona.</strong></span> <span class='ocrx_word' id='word_1_467' title='bbox 2846 3916 2907 3970; x_wconf 78' lang='lat' dir='ltr'><strong>st</strong></span> <span class='ocrx_word' id='word_1_468' title='bbox 2938 3910 3246 3985; x_wconf 72' lang='lat' dir='ltr'><strong>campica-</strong></span> <span class='ocrx_word' id='word_1_469' title='bbox 3280 3910 3596 3976; x_wconf 62' lang='lat' dir='ltr'><strong>desistens.</strong></span> 
     </span>
    </p>
   </div>
   <div class='ocr_carea' id='block_1_18' title="bbox 2141 4099 3718 5354">
    <p class='ocr_par' dir='ltr' id='par_1_18' title="bbox 2141 4099 3718 5354">
     <span class='ocr_line' id='line_1_75' title="bbox 2276 4099 3717 4183; baseline 0.006 -24"><span class='ocrx_word' id='word_1_470' title='bbox 2276 4099 2737 4161; x_wconf 77' lang='lat' dir='ltr'><strong>BEATISSIME</strong></span> <span class='ocrx_word' id='word_1_471' title='bbox 2779 4104 3056 4165; x_wconf 79' lang='lat' dir='ltr'><strong>PATER.</strong></span> <span class='ocrx_word' id='word_1_472' title='bbox 3112 4105 3340 4167; x_wconf 83' lang='lat' dir='ltr'><strong>Beatus</strong></span> <span class='ocrx_word' id='word_1_473' title='bbox 3391 4099 3626 4183; x_wconf 79' lang='lat' dir='ltr'><strong>Ioseph</strong></span> <span class='ocrx_word' id='word_1_474' title='bbox 3675 4120 3717 4167; x_wconf 80' lang='lat' dir='ltr'><strong>a</strong></span> 
     </span>
     <span class='ocr_line' id='line_1_76' title="bbox 2149 4183 3718 4276; baseline 0.003 -21"><span class='ocrx_word' id='word_1_475' title='bbox 2149 4191 2447 4276; x_wconf 70' lang='lat' dir='ltr'><strong>Leonissa</strong></span> <span class='ocrx_word' id='word_1_476' title='bbox 2482 4193 2785 4264; x_wconf 87' lang='lat' dir='ltr'><strong>Sacerdos</strong></span> <span class='ocrx_word' id='word_1_477' title='bbox 2811 4194 3139 4261; x_wconf 79' lang='lat' dir='ltr'><strong>Professus</strong></span> <span class='ocrx_word' id='word_1_478' title='bbox 3159 4183 3224 4260; x_wconf 72' lang='lat' dir='ltr'><strong>in&#39;</strong></span> <span class='ocrx_word' id='word_1_479' title='bbox 3252 4197 3479 4263; x_wconf 80' lang='lat' dir='ltr'><strong>Ordine</strong></span> <span class='ocrx_word' id='word_1_480' title='bbox 3519 4196 3718 4268; x_wconf 77' lang='lat' dir='ltr'><strong>Mino·</strong></span> 
     </span>
     <span class='ocr_line' id='line_1_77' title="bbox 2148 4291 3717 4379; baseline 0.006 -27"><span class='ocrx_word' id='word_1_481' title='bbox 2148 4308 2288 4354; x_wconf 90' lang='lat' dir='ltr'><strong>rum</strong></span> <span class='ocrx_word' id='word_1_482' title='bbox 2332 4291 2527 4357; x_wconf 88' lang='lat' dir='ltr'><strong>sancti</strong></span> <span class='ocrx_word' id='word_1_483' title='bbox 2571 4291 2878 4358; x_wconf 79' lang='lat' dir='ltr'><strong>Francisci</strong></span> <span class='ocrx_word' id='word_1_484' title='bbox 2920 4294 3408 4376; x_wconf 80' lang='lat' dir='ltr'><strong>capuccinorum</strong></span> <span class='ocrx_word' id='word_1_485' title='bbox 3452 4295 3534 4358; x_wconf 89' lang='lat' dir='ltr'><strong>ab</strong></span> <span class='ocrx_word' id='word_1_486' title='bbox 3575 4295 3717 4379; x_wconf 80' lang='lat' dir='ltr'><strong>ipsa</strong></span> 
     </span>
     <span class='ocr_line' id='line_1_78' title="bbox 2147 4383 3714 4473; baseline 0.003 -20"><span class='ocrx_word' id='word_1_487' title='bbox 2147 4387 2275 4473; x_wconf 81' lang='lat' dir='ltr'><strong>jam</strong></span> <span class='ocrx_word' id='word_1_488' title='bbox 2308 4383 2572 4471; x_wconf 81' lang='lat' dir='ltr'><strong>pueritia</strong></span> <span class='ocrx_word' id='word_1_489' title='bbox 2602 4388 2939 4456; x_wconf 90' lang='lat' dir='ltr'><strong>caelestem</strong></span> <span class='ocrx_word' id='word_1_490' title='bbox 2971 4392 3161 4456; x_wconf 80' lang='lat' dir='ltr'><strong>vitam</strong></span> <span class='ocrx_word' id='word_1_491' title='bbox 3191 4391 3426 4458; x_wconf 88' lang='lat' dir='ltr'><strong>ducens</strong></span> <span class='ocrx_word' id='word_1_492' title='bbox 3468 4392 3714 4457; x_wconf 85' lang='lat' dir='ltr'><strong>futurae</strong></span> 
     </span>
     <span class='ocr_line' id='line_1_79' title="bbox 2147 4485 3713 4575; baseline 0.004 -26"><span class='ocrx_word' id='word_1_493' title='bbox 2147 4485 2502 4551; x_wconf 82' lang='lat' dir='ltr'><strong>sanctitatis</strong></span> <span class='ocrx_word' id='word_1_494' title='bbox 2546 4488 2838 4569; x_wconf 84' lang='lat' dir='ltr'><strong>praetulit</strong></span> <span class='ocrx_word' id='word_1_495' title='bbox 2866 4487 3115 4552; x_wconf 87' lang='lat' dir='ltr'><strong>indicia.</strong></span> <span class='ocrx_word' id='word_1_496' title='bbox 3165 4494 3337 4555; x_wconf 85' lang='lat' dir='ltr'><strong>luter</strong></span> <span class='ocrx_word' id='word_1_497' title='bbox 3365 4489 3713 4575; x_wconf 77' lang='lat' dir='ltr'><strong>Religiosos</strong></span> 
     </span>
     <span class='ocr_line' id='line_1_80' title="bbox 2148 4581 3711 4668; baseline 0.004 -23"><span class='ocrx_word' id='word_1_498' title='bbox 2148 4581 2412 4665; x_wconf 82' lang='lat' dir='ltr'><strong>praefati</strong></span> <span class='ocrx_word' id='word_1_499' title='bbox 2441 4583 2693 4649; x_wconf 84' lang='lat' dir='ltr'><strong>Ordinis</strong></span> <span class='ocrx_word' id='word_1_500' title='bbox 2720 4585 3204 4668; x_wconf 81' lang='lat' dir='ltr'><strong>Gapuccinorum</strong></span> <span class='ocrx_word' id='word_1_501' title='bbox 3247 4587 3562 4662; x_wconf 84' lang='lat' dir='ltr'><strong>adscitus,</strong></span> <span class='ocrx_word' id='word_1_502' title='bbox 3604 4607 3711 4652; x_wconf 90' lang='lat' dir='ltr'><strong>ne·</strong></span> 
     </span>
     <span class='ocr_line' id='line_1_81' title="bbox 2146 4678 3712 4768; baseline 0.007 -26"><span class='ocrx_word' id='word_1_503' title='bbox 2146 4679 2295 4743; x_wconf 89' lang='lat' dir='ltr'><strong>dum</strong></span> <span class='ocrx_word' id='word_1_504' title='bbox 2313 4678 2693 4746; x_wconf 87' lang='lat' dir='ltr'><strong>laboriosam</strong></span> <span class='ocrx_word' id='word_1_505' title='bbox 2722 4685 3255 4768; x_wconf 86' lang='lat' dir='ltr'><strong>asperrimamque</strong></span> <span class='ocrx_word' id='word_1_506' title='bbox 3275 4687 3462 4752; x_wconf 79' lang='lat' dir='ltr'><strong>vitam</strong></span> <span class='ocrx_word' id='word_1_507' title='bbox 3495 4705 3712 4752; x_wconf 79' lang='lat' dir='ltr'><strong>evoca·</strong></span> 
     </span>
     <span class='ocr_line' id='line_1_82' title="bbox 2145 4776 3711 4863; baseline 0.003 -21"><span class='ocrx_word' id='word_1_508' title='bbox 2145 4778 2276 4853; x_wconf 82' lang='lat' dir='ltr'><strong>vit,</strong></span> <span class='ocrx_word' id='word_1_509' title='bbox 2306 4776 2671 4863; x_wconf 85' lang='lat' dir='ltr'><strong>rigidissimi</strong></span> <span class='ocrx_word' id='word_1_510' title='bbox 2715 4781 2962 4845; x_wconf 88' lang='lat' dir='ltr'><strong>Ordinis</strong></span> <span class='ocrx_word' id='word_1_511' title='bbox 2989 4781 3281 4849; x_wconf 81' lang='lat' dir='ltr'><strong>Instituta</strong></span> <span class='ocrx_word' id='word_1_512' title='bbox 3321 4790 3540 4848; x_wconf 82' lang='lat' dir='ltr'><strong>exacte</strong></span> <span class='ocrx_word' id='word_1_513' title='bbox 3583 4802 3711 4847; x_wconf 88' lang='lat' dir='ltr'><strong>ser-</strong></span> 
     </span>
     <span class='ocr_line' id='line_1_83' title="bbox 2141 4876 3712 4951; baseline 0.004 -9"><span class='ocrx_word' id='word_1_514' title='bbox 2141 4876 2344 4942; x_wconf 76' lang='lat' dir='ltr'><strong>vando</strong></span> <span class='ocrx_word' id='word_1_515' title='bbox 2362 4919 2383 4951; x_wconf 83' lang='lat'>‚</span> <span class='ocrx_word' id='word_1_516' title='bbox 2414 4877 2526 4941; x_wconf 88' lang='lat' dir='ltr'><strong>sed</strong></span> <span class='ocrx_word' id='word_1_517' title='bbox 2552 4876 2632 4940; x_wconf 82' lang='lat' dir='ltr'><strong>ad</strong></span> <span class='ocrx_word' id='word_1_518' title='bbox 2658 4877 2865 4944; x_wconf 87' lang='lat' dir='ltr'><strong>carnis</strong></span> <span class='ocrx_word' id='word_1_519' title='bbox 2894 4881 3385 4948; x_wconf 83' lang='lat' dir='ltr'><strong>macerationem</strong></span> <span class='ocrx_word' id='word_1_520' title='bbox 3426 4880 3712 4948; x_wconf 81' lang='lat' dir='ltr'><strong>volunta·</strong></span> 
     </span>
     <span class='ocr_line' id='line_1_84' title="bbox 2149 4973 3711 5063; baseline 0.006 -27"><span class='ocrx_word' id='word_1_521' title='bbox 2149 4973 2241 5036; x_wconf 89' lang='lat' dir='ltr'><strong>ria</strong></span> <span class='ocrx_word' id='word_1_522' title='bbox 2274 4975 2746 5058; x_wconf 80' lang='lat' dir='ltr'><strong>supererogavit</strong></span> <span class='ocrx_word' id='word_1_523' title='bbox 2770 4977 3191 5060; x_wconf 86' lang='lat' dir='ltr'><strong>poenitentiae</strong></span> <span class='ocrx_word' id='word_1_524' title='bbox 3221 4998 3413 5060; x_wconf 89' lang='lat' dir='ltr'><strong>opera</strong></span> <span class='ocrx_word' id='word_1_525' title='bbox 3431 5021 3452 5052; x_wconf 89' lang='lat'><strong>,</strong></span> <span class='ocrx_word' id='word_1_526' title='bbox 3483 4999 3711 5063; x_wconf 83' lang='lat' dir='ltr'><strong>nempe</strong></span> 
     </span>
     <span class='ocr_line' id='line_1_85' title="bbox 2147 5067 3712 5160; baseline 0.006 -25"><span class='ocrx_word' id='word_1_527' title='bbox 2147 5067 2639 5154; x_wconf 81' lang='lat' dir='ltr'><strong>flagellationes,</strong></span> <span class='ocrx_word' id='word_1_528' title='bbox 2672 5072 2916 5150; x_wconf 82' lang='lat' dir='ltr'><strong>cilicia,</strong></span> <span class='ocrx_word' id='word_1_529' title='bbox 2951 5074 3266 5142; x_wconf 87' lang='lat' dir='ltr'><strong>assiduum</strong></span> <span class='ocrx_word' id='word_1_530' title='bbox 3289 5076 3602 5160; x_wconf 78' lang='lat' dir='ltr'><strong>jejunium</strong></span> <span class='ocrx_word' id='word_1_531' title='bbox 3645 5085 3712 5144; x_wconf 85' lang='lat' dir='ltr'><strong>et</strong></span> 
     </span>
     <span class='ocr_line' id='line_1_86' title="bbox 2145 5168 3704 5250; baseline 0.006 -17"><span class='ocrx_word' id='word_1_532' title='bbox 2145 5168 2578 5234; x_wconf 88' lang='lat' dir='ltr'><strong>abstinentias.</strong></span> <span class='ocrx_word' id='word_1_533' title='bbox 2623 5172 2936 5250; x_wconf 73' lang='lat' dir='ltr'><strong>Constanti</strong></span> <span class='ocrx_word' id='word_1_534' title='bbox 2966 5192 3110 5236; x_wconf 89' lang='lat' dir='ltr'><strong>cura</strong></span> <span class='ocrx_word' id='word_1_535' title='bbox 3141 5182 3207 5237; x_wconf 88' lang='lat' dir='ltr'><strong>et</strong></span> <span class='ocrx_word' id='word_1_536' title='bbox 3248 5174 3454 5238; x_wconf 90' lang='lat' dir='ltr'><strong>studio</strong></span> <span class='ocrx_word' id='word_1_537' title='bbox 3495 5196 3704 5246; x_wconf 81' lang='lat' dir='ltr'><strong>rerum</strong></span> 
     </span>
     <span class='ocr_line' id='line_1_87' title="bbox 2143 5266 3708 5354; baseline 0.004 -22"><span class='ocrx_word' id='word_1_538' title='bbox 2143 5266 2509 5332; x_wconf 86' lang='lat' dir='ltr'><strong>caelestium</strong></span> <span class='ocrx_word' id='word_1_539' title='bbox 2536 5268 3045 5352; x_wconf 83' lang='lat' dir='ltr'><strong>contemplationi</strong></span> <span class='ocrx_word' id='word_1_540' title='bbox 3055 5268 3300 5354; x_wconf 78' lang='lat' dir='ltr'><strong>jugiter</strong></span> <span class='ocrx_word' id='word_1_541' title='bbox 3323 5291 3390 5335; x_wconf 87' lang='lat' dir='ltr'><strong>se</strong></span> <span class='ocrx_word' id='word_1_542' title='bbox 3409 5273 3708 5339; x_wconf 87' lang='lat' dir='ltr'><strong>exercuit.</strong></span> 
     </span>
    </p>
   </div>
   <div class='ocr_carea' id='block_1_19' title="bbox 473 5350 3711 5468">
    <p class='ocr_par' dir='ltr' id='par_1_19' title="bbox 473 5350 3711 5468">
     <span class='ocr_line' id='line_1_88' title="bbox 473 5350 3711 5468; baseline 0.005 -52"><span class='ocrx_word' id='word_1_543' title='bbox 473 5359 730 5434; x_wconf 74' lang='lat' dir='ltr'><strong>ereptus</strong></span> <span class='ocrx_word' id='word_1_544' title='bbox 754 5350 990 5436; x_wconf 54' lang='lat' dir='ltr'><strong>ioseph</strong></span> <span class='ocrx_word' id='word_1_545' title='bbox 1018 5371 1053 5416; x_wconf 88' lang='lat' dir='ltr'><strong>a</strong></span> <span class='ocrx_word' id='word_1_546' title='bbox 1083 5352 1375 5436; x_wconf 79' lang='lat' dir='ltr'><strong>Leonissa</strong></span> <span class='ocrx_word' id='word_1_547' title='bbox 1397 5399 1418 5431; x_wconf 87' lang='lat'>‚</span> <span class='ocrx_word' id='word_1_548' title='bbox 1444 5355 1526 5420; x_wconf 88' lang='lat' dir='ltr'><strong>ab</strong></span> <span class='ocrx_word' id='word_1_549' title='bbox 1553 5357 1915 5436; x_wconf 73' lang='lat' dir='ltr'><strong>infidelibus</strong></span> <span class='ocrx_word' id='word_1_550' title='bbox 1941 5370 2036 5427; x_wconf 87' lang='lat' dir='ltr'><strong>tu·</strong></span> <span class='ocrx_word' id='word_1_551' title='bbox 2087 5433 2097 5468; x_wconf 41' lang='grc' dir='ltr'>ι</span> <span class='ocrx_word' id='word_1_552' title='bbox 2147 5362 2295 5431; x_wconf 87' lang='lat' dir='ltr'><strong>zelo</strong></span> <span class='ocrx_word' id='word_1_553' title='bbox 2313 5363 2653 5431; x_wconf 79' lang='lat' dir='ltr'><strong>catholicae</strong></span> <span class='ocrx_word' id='word_1_554' title='bbox 2671 5364 3007 5451; x_wconf 81' lang='lat' dir='ltr'><strong>Religionis</strong></span> <span class='ocrx_word' id='word_1_555' title='bbox 3023 5368 3453 5453; x_wconf 87' lang='lat' dir='ltr'><strong>propagandae</strong></span> <span class='ocrx_word' id='word_1_556' title='bbox 3472 5369 3711 5435; x_wconf 76' lang='lat' dir='ltr'><strong>inflam-</strong></span> 
     </span>
    </p>
   </div>
  </div>
 </body>
</html>
