4442 6300
1533 475 1882 545 Quinqul
1920 474 2396 533 mucronum
2433 481 2597 533 [TC.

455 622 523 691 in
550 622 739 704 caelo
761 621 1174 705 Ragnantium
1204 618 1540 689 solendum
1567 621 1831 704 proponi
1875 638 2024 684 cun-

456 718 1163 795 ctis.Cbristitidelibus,
1190 726 1260 783 ut
1290 719 1373 784 sit
1396 717 1573 783 illius
1604 718 1672 781 in
1702 717 2026 800 exemplar

460 826 535 883 et
560 817 996 900 patrocinium.

512 1011 975 1073 PHILIPPUS
1007 1010 1256 1073 sunu
1294 1014 1410 1072 Tit.
1435 1011 1497 1071 S.
1529 1011 1775 1086 Agnetis
1799 1018 1987 1072 extra

710 1111 959 1171 Mosam
988 1110 1306 1184 Presbyter
1330 1111 1675 1171 cardinalis
1702 1113 1771 1168 dc

1074 1209 1408 1269 nontam.

585 1403 755 1478 Opus
783 1395 1085 1463 dexterae
1115 1396 1366 1462 Excelsi
1383 1397 1565 1461 nobis
1589 1394 2023 1460 admirandum

453 1495 825 1577 proponitur
869 1496 931 1558 in
952 1501 1021 1559 B.
1053 1488 1319 1560 Camillo
1360 1496 1439 1560 de
1469 1493 1681 1560 Lellis.
1720 1493 1832 1558 tti‘c
1864 1514 1898 1557 a
1940 1491 2028 1557 la·

455 1593 618 1658 xiori
647 1593 1017 1674 perditionis
1044 1594 1144 1658 via
1172 1604 1525 1666 revocatus,
1556 1612 1743 1674 quam
1766 1593 1827 1653 in
1851 1589 2028 1673 juve·

452 1688 566 1753 nili
622 1697 826 1755 aetate
867 1691 1261 1762 calcaverat,
1305 1698 1542 1754 arctam
1588 1689 2023 1753 mandatorum

458 1788 572 1870 Dei
603 1788 897 1854 semitam
929 1807 1090 1870 quae
1115 1788 1287 1865 ducit
1314 1788 1390 1851 ad
1433 1787 1622 1851 vitam
1654 1829 1674 1859 ‚
1718 1786 1985 1868 arripuit
2005 1828 2027 1858 ,

454 1904 827 1970 progressus
848 1892 968 1959 est,
998 1906 1069 1951 ac
1091 1884 1363 1950 feliciter
1379 1882 1857 1951 consummavit.
1880 1882 2028 1947 Nul-

452 1981 537 2047 lis
566 2001 843 2065 unquam
877 1982 1200 2047 laboribus
1217 2002 1331 2065 pro
1360 2000 1469 2045 sua
1496 2001 1568 2044 ac
1598 1979 2023 2044 proximorum

456 2079 660 2145 salute
690 2077 985 2164 fatigatus
1014 2080 1076 2142 in
1113 2078 1527 2151 Nouocomiis,
1556 2076 1747 2143 etiam
1780 2076 2030 2159 postha-

460 2177 602 2241 bito
643 2177 812 2242 vitae
834 2175 1125 2241 mortalis
1152 2175 1511 2239 discrimine
1534 2217 1555 2247 ,
1600 2173 1863 2238 aedibus
1904 2172 2027 2256 pri·

451 2273 635 2347 vatis,
663 2274 792 2338 imo
821 2280 884 2338 et
915 2273 1033 2337 viis
1063 2272 1333 2356 publicis
1350 2272 1682 2336 videbatur
1706 2278 2028 2355 aegrotan-

458 2369 613 2433 tium
635 2370 733 2435 vel
765 2370 1049 2435 mulcere
1067 2390 1335 2454 angores
1361 2368 1459 2434 vel
1491 2369 1703 2434 ulcera
1732 2366 2023 2432 manibus

453 2467 826 2542 attrectare,
868 2488 941 2533 ac
983 2468 1045 2530 in
1077 2476 1362 2532 extremo
1404 2485 1606 2552 agone
1650 2464 2023 2530 constitutos

456 2564 888 2648 spiritualibus
917 2566 1218 2630 subsidiis
1246 2564 1539 2648 adjuvare
1558 2605 1581 2636 ,
1612 2582 1767 2627 nova
1797 2562 2024 2625 instru-

454 2670 553 2727 cta
583 2649 701 2728 sub·
732 2650 1304 2727 salutifero'Crucis
1334 2663 1514 2743 signo
1558 2658 2018 2743 Religiosorum

452 2756 695 2825 familia
719 2800 740 2831 ,
764 2778 930 2840 quae
974 2757 1238 2822 solemni
1281 2765 1429 2822 voto
1459 2757 1808 2838 mancipata
1849 2753 2021 2821 bisce

453 2854 824 2920 muneribus
845 2854 922 2918 ad
953 2863 1350 2935 aegrotorum
1385 2850 1676 2917 solatium
1708 2848 2021 2915 obeundis

450 2951 867 3016 incumberet.
886 2952 1307 3026 Quamobrem
1334 2969 1564 3013 censeo
1582 2952 1650 3011 Β.
1668 2947 2019 3021 Camillum,

455 3048 564 3130 qni
604 3047 906 3112 charitate
949 3047 1256 3132 dirigente
1297 3046 1577 3129 introivit
1621 3046 1684 3106 in
1713 3044 2023 3128 potentias

453 3144 728 3219 Domini,
749 3152 1111 3210 Sanctorum
1134 3145 1332 3211 Fastis
1351 3165 1465 3227 per
1481 3147 2023 3210 SANCTITATEM

457 3245 819 3307 vsssrnau
876 3244 1126 3307 tandem
1187 3263 1328 3308 esse
1371 3240 1850 3306 adscribendum
1878 3282 1899 3313 ,
1954 3247 2025 3305 ut

452 3339 677 3405 landes
705 3340 843 3423 ejus
878 3341 1122 3404 nuntiet
1164 3339 1442 3404 Ecclesia
1467 3382 1488 3412 ,
1521 3337 1846 3426 sciantque
1877 3337 2024 3403 fide·

449 3436 551 3502 les
567 3437 789 3519 Populi
820 3437 883 3501 in
906 3457 985 3500 eo
1007 3436 1207 3501 situm’
1224 3456 1367 3500 esse
1398 3434 1818 3499 calamitatum
1851 3454 2026 3515 prae·

457 3534 681 3613 sidium
702 3544 1191 3617 expressamque
1213 3532 1687 3599 ardentissimae
1707 3531 2025 3597 charitatis

459 3631 821 3717 imaginem.

478 3794 1060 3888 mmmms
1078 3824 1141 3885 s.
1180 3807 1492 3899 sagense„
1524 3824 1691 3883 roro·
1711 3823 1983 3885 Pactum

598 3959 603 3970 ι
704 3922 1016 3982 munaus
1049 3922 1403 3982 cardinalis
1433 3922 1747 3981 Columna.

490 4173 505 4181 ,
581 4110 851 4186 Quoties·
877 4111 1025 4175 mibi
1072 4110 1243 4175 Beati
1277 4107 1526 4198 Camilli
1558 4108 1636 4174 de
1665 4107 1859 4174 L‘ellis
1898 4130 2028 4175 me·-

454 4207 655 4294 mria
698 4210 1042 4281 succurrit,
1083 4213 1543 4272 sanissima
1585 4212 1836 4271 rnna
1870 4250 1889 4279 ,
1935 4213 2029 4271 to-

457 4304 579 4372 ties
607 4321 851 4378 meeum
876 4304 1268 4389 cogitatione
1291 4311 1513 4386 repeto
1552 4303 1755 4366 virum
1799 4301 1979 4367 illum
2004 4347 2026 4378 ,

455 4401 563 4484 qui
589 4401 1255 4468 Davidicotestimonio
1277 4405 1502 4464 Beatus
1525 4410 1625 4464 est
1652 4399 2026 4483 appellatus,

458 4499 626 4581 quod
657 4497 1042 4582 intelligeret
1069 4517 1251 4575 super
1278 4502 1552 4576 Bassum
1593 4511 1651 4560 ct
1677 4518 2026 4575 pauperem.

456 4596 651 4680 Egeni
685 4615 835 4661 sane
861 4604 924 4660 et
953 4603 1262 4678 Pauperes
1306 4594 1350 4656 ii
1380 4604 1521 4659 sunt
1545 4637 1565 4666 ‚
1596 4616 1753 4676 quos
1799 4595 2028 4677 premit

459 4692 1088 4760 ultimaimminentis
1120 4694 1345 4757 mortis
1361 4692 1711 4776 aegritudo,
1732 4701 1796 4755 et
1823 4691 1883 4754 in
1912 4698 2030 4754 Do·

458 4803 619 4855 nomn
649 4797 1034 4855 aeternitatis
1073 4792 1199 4874 Jam
1223 4791 1355 4873 jam
1403 4790 1600 4854 ituros
1627 4800 1811 4853 vexat
1855 4808 2027 4871 prae·

459 4888 794 4953 teritorum
828 4886 1130 4950 memoria
1155 4885 1651 4961 ‚et-tuturorum
1683 4893 1884 4949 metus
1925 4904 2029 4947 an·

461 5003 655 5066 ceps,
686 5003 762 5047 ac
804 4981 1292 5048 dubiusexitus.
1338 4985 1537 5064 Super
1561 4981 1675 5044 bos
1719 4981 2029 5045 intellexit

458 5079 707 5158 Camilli
731 5079 1024 5144 deffiellis
1046 5080 1345 5149 ebaritas,
1377 5098 1498 5141 non
1529 5097 1839 5159 quaerens
1868 5099 2029 5161 quae

458 5198 571 5241 sua
599 5186 743 5241 sunt
762 5178 927 5250 ,sed
958 5197 1118 5259 quae
1146 5183 1292 5241 lesu
1324 5175 1554 5239 Christi
1575 5217 1596 5247 ,
1628 5175 2031 5241 incredibiles

456 5270 714 5340 labores
760 5274 936 5344 ,ultro
977 5273 1376 5356 suscipiens,
1420 5291 1549 5354 quo.
1596 5278 1662 5334 et
1704 5291 2028 5355 aegrorum

457 5388 723 5455 corpora
749 5369 1052 5436 subsidiis
1070 5375 1419 5458 opportune
1446 5373 1781 5444 recrearet,
1808 5378 1875 5434 et
1900 5367 2034 5436 ani-

3398 482 3501 536 tas

2134 640 2276 686 mos
2317 616 2615 708 purgarat
2658 643 2692 688 a
2734 622 2945 707 vitiis,
2989 623 3320 708 dignisque
3361 624 3705 697 christiano

2133 719 2395 783 nomine
2423 720 2756 785 virtutibus
2785 719 3172 787 informaret.
3201 729 3271 786 ln
3301 723 3418 789 bac
3449 726 3705 790 sanctise

2135 810 2296 879 sima
2325 815 2643 882 charitatis
2676 817 2905 882 militia
2951 820 3249 902 optimum
3283 820 3443 885 bunc
3483 822 3705 884 Virum

2138 931 2259 974 non
2306 910 2564 976 militem
2609 918 3046 980 tantummodo
3078 927 3400 980 strenuum
3427 964 3448 993 ,
3480 919 3591 982 sed
3635 926 3707 984 ut

2136 1008 2335 1073 Isaiae
2379 1011 2589 1076 verbis
2619 1017 2795 1086 utar,
2853 1017 3074 1076 Ducem
3119 1034 3190 1079 ac
3238 1018 3704 1092 Praeceptor-om

2144 1105 2436 1169 Gentibus
2462 1106 2727 1172 indulsit
2770 1114 2935 1175 Deus
2956 1153 2977 1182 ,
3008 1118 3078 1173 ut
3104 1130 3265 1175 novo
3295 1112 3567 1178 excitato
3608 1134 3704 1179 re·

2137 1199 2369 1281 lig-ioso
2429 1204 2699 1278 Ordine,
2743 1205 3092 1290 insurgeret
3150 1207 3229 1270 ad
3272 1208 3702 1276 defendendos

2138 1300 2376 1375 Eqsnos
2416 1318 2491 1364 ac
2540 1303 2892 1378 Paupsres,
2921 1305 3152 1384 quibus
3196 1305 3259 1366 in
3304 1303 3452 1368 bora
3496 1307 3704 1372 exitus

2140 1394 2235 1456 sni
2266 1394 2629 1461 colluctatio
2660 1406 2758 1462 est
2786 1399 3089 1462 adversus
3111 1406 3464 1477 spiritualia
3494 1409 3704 1482 nequi-

2134 1496 2257 1555 tiae
2308 1496 2523 1556 Hundt‘
2550 1497 2874 1568 nectores,
2904 1515 2977 1557 ac
3027 1500 3426 1560 Tenebrarum
3470 1504 3707 1565 Princi-

2132 1608 2263 1666 pes.
2297 1589 2606 1673 Exemplo
2633 1600 2820 1673 atque
2868 1592 3173 1657 institutis
3204 1596 3342 1659 suis·
3365 1599 3431 1658 Β.
3476 1597 3703 1659 Camil-

2140 1686 2238 1751 lus
2269 1686 2576 1769 perfecit,
2605 1709 2683 1754 ne
2711 1690 3002 1755 deessent
3025 1691 3086 1753 in
3119 1693 3229 1755 Dei
3263 1693 3565 1765 Ecclesia,
3598 1697 3703 1779 qui

2138 1781 2590 1849 christifideles
2643 1785 2705 1847 in
2767 1795 3053 1851 extremo
3094 1808 3294 1873 agone
3335 1791 3705 1858 constitutos

2139 1880 2482 1954 docerent,
2511 1900 2744 1945 sumere
2788 1895 3025 1947 scutum
3063 1888 3273 1961 Fidei,
3301 1892 3367 1949 in
3412 1908 3527 1967 quo
3566 1908 3706 1966 pos·

2137 1989 2269 2040 sant
2301 1983 2482 2056 tanea
2504 1985 2627 2044 tela
2650 1971 3008 2059 aequissimi
3021 1989 3396 2061 extimuere.
3417 1990 3705 2069 Quapro-

2134 2081 2278 2156 pter
2307 2076 2559 2141 beatum
2590 2079 2749 2143 bunc
2774 2079 2988 2143 Virum
3018 2080 3097 2144 de
3127 2080 3413 2146 universa
3449 2081 3557 2146 Dei
3590 2088 3703 2150 Ec-

2134 2170 2333 2236 clesia
2379 2172 2613 2256 optime
2644 2174 2937 2240 meritum
2963 2221 2984 2251 ‚
3015 2176 3315 2242 charitate
3359 2196 3429 2242 ac
3460 2178 3705 2243 miseri·

2136 2268 2351 2332 cordia
2381 2268 2682 2353 insignem
2703 2313 2725 2344 ,
2756 2271 2897 2336 novi
2934 2272 3218 2356 Religiosi
3247 2273 3495 2339 Ordinis
3527 2276 3704 2340 insti-

2131 2364 2369 2429 tutione
2381 2362 2893 2440 celeberrimum‚
2905 2374 3263 2433 Sanctorum
3281 2368 3452 2434 cultu
3471 2370 3706 2456 dignis-

2137 2459 2363 2523 simum
2391 2479 2648 2534 censeo,
2672 2472 2742 2526 ut
2770 2462 2876 2544 qni
2905 2470 3161 2536 Romae,
3184 2465 3332 2528 dum
3348 2466 3493 2530 olim
3518 2468 3708 2550 pesti-

2129 2556 2325 2621 lentia
2353 2558 2787 2623 crudelissima
2817 2561 2979 2625 Urbs
3007 2561 3160 2628 baec
3190 2562 3374 2626 Orbis
3400 2564 3701 2648 Princeps

2131 2650 2472 2725 laboraret,
2504 2662 2668 2719 tanta
2703 2663 2953 2737 tamque
2982 2656 3215 2743 inclyta
3246 2657 3542 2723 virtutum
3576 2680 3709 2724 om-

2126 2749 2297 2811 nium
2317 2750 2688 2817 documenta
2709 2752 3038 2836 praestitit,
3056 2753 3277 2818 eadem
3299 2755 3362 2817 iu
3383 2758 3551 2821 Urbe
3575 2777 3705 2822 me·
3733 2802 3744 2809 -

2129 2848 2285 2913 ritos
2308 2845 2634 2914 laboribus
2661 2849 2789 2915 suis
2817 2848 3088 2915 bonores
3114 2861 3504 2934 assequatur.

2193 3045 2289 3105 Fr.
2325 3042 2755 3107 ANTONIUS
2791 3047 3100 3108 camarda
3127 3048 3465 3125 Episcopus
3499 3050 3653 3111 Rea·

2661 3146 2831 3205 tinus
2856 3143 3174 3207 Assistsas.

2222 3331 2230 3344 ‘
2258 3337 2719 3400 BEATISSIME
2742 3341 3016 3401 PATER.
3042 3337 3330 3402 Ostendit
3354 3343 3525 3404 Deus
3555 3338 3709 3404 divi·

2137 3431 2257 3495 tias
2287 3429 2528 3515 gloriae
2558 3452 2706 3496 suae
2735 3433 2797 3494 in
2826 3455 2972 3499 vasa
3004 3436 3475 3500 misericordiae
3495 3483 3516 3512 ,
3558 3455 3703 3501 cum

2137 3535 2209 3594 Β.
2238 3528 2573 3594 Camillum
2606 3529 2687 3594 de
2715 3529 2905 3598 Lellis
2935 3553 2969 3597 a
3011 3533 3113 3597 via
3141 3534 3490 3616 iniquitatis
3532 3555 3704 3600 amo·

2134 3625 2270 3699 vit,
2313 3631 2380 3689 et
2408 3646 2522 3709 per
2544 3625 2711 3691 viam
2749 3627 3271 3711 justificationum
3305 3648 3555 3696 suarum
3598 3627 3709 3696 de-

2135 3721 2356 3794 duxit,
2401 3729 2593 3804 atque
2652 3725 2932 3788 exercuit
2971 3726 3033 3787 in
3093 3726 3487 3793 mirabilibus
3532 3729 3706 3802 suis,

2134 3818 2343 3902 ipsum
2368 3822 2745 3884 assumendo
2764 3821 2840 3886 ad
2868 3823 3204 3886 maximum
3231 3824 3710 3909 charitatisopus

2134 3916 2557 3980 exercendum
2591 3916 2653 3977 in
2685 3916 3083 3982 intirmorum
3131 3907 3708 3999 administratione,

2137 4011 2203 4074 in
2235 4032 2358 4096 qua
2382 4031 2599 4077 revera
2630 4013 2916 4078 Infirmus
2944 4036 3086 4079 cum
3118 4015 3578 4084 infirmantibus
3621 4020 3713 4084 et'-

2134 4107 2380 4182 fectus,
2411 4108 2594 4174 valde
2624 4110 2856 4191 placuit
2883 4111 2968 4183 ei,
2999 4113 3105 4194 qui
3141 4111 3395 4178 Electos
3426 4137 3575 4180 snos
3604 4138 3711 4182 vo·

2136 4213 2391 4271 saturus
2430 4206 2507 4269 ad
2540 4204 2803 4291 gloriam
2825 4250 2847 4280 ,
2878 4208 3154 4274 dicturus
3197 4220 3290 4274 est
3325 4209 3486 4277 illis:
3538 4213 3711 4278 infir-

2137 4323 2278 4366 mus
2306 4321 2479 4365 eram
2503 4346 2524 4375 ,
2555 4310 2618 4365 et
2643 4304 2946 4368 visitastis
2991 4327 3136 4381 me3
3170 4309 3437 4374 maxime
3484 4310 3710 4393 dignus

2138 4407 2239 4463 est
2255 4398 2483 4481 igitur,
2512 4406 2583 4462 ut
2607 4420 2641 4464 a
2673 4404 3154 4465 SANCTlTATE
3198 4410 3498 4469 VESTRA
3542 4408 3709 4471 inter

2137 4495 2286 4578 illos
2318 4495 2682 4560 solemniter
2708 4508 3223 4574 connumeretur,
3250 4502 3358 4582 qui
3389 4502 3449 4564 in
3483 4502 3581 4568 die
3613 4525 3709 4565 re-

2140 4592 2510 4658 tributionis
2541 4594 2795 4657 audient
2822 4615 3040 4660 vocem
3074 4598 3537 4665 benedictionis
3570 4600 3710 4664 Filii

2138 4689 2295 4754 Dei:
2329 4692 2551 4754 Venite
2586 4691 2900 4755 benedicti
2943 4696 3144 4758 Patris
3177 4696 3298 4759 mei
3327 4741 3345 4764 .
3393 4696 3710 4780 possidete

2136 4793 2420 4869 paratum
2446 4783 2626 4850 vobis
2659 4794 2936 4868 Regnum
2955 4810 2991 4853 a
3007 4792 3447 4857 constitutione
3471 4793 3708 4858 Mundi.

2192 4984 2604 5047 NIGOLAUS
2637 4985 2875 5047 simoni
2905 4990 3243 5065 Episcopus
3275 4991 3664 5052 Marcionem.

2765 5085 3081 5146 Assistens'.

2270 5270 2569 5340 Camillus
2597 5273 2677 5339 de
2706 5272 2895 5338 Lellis
2927 5276 3171 5341 Excelsi
3206 5277 3463 5342 dextera
3508 5283 3705 5341 muta·

2138 5375 2243 5433 tus
2282 5366 2487 5435 induit
2525 5368 2784 5436 loricam
2825 5369 2972 5436 fidei
3015 5381 3084 5438 et
3122 5372 3479 5449 charitatis,
3523 5395 3708 5457 quam
