4442 6300
1022 484 1133 538 270

920 629 1344 693 ANTONIUS
1372 631 1648 693 Camoni
1694 629 2029 707 Episcopus
2056 629 2346 693 nvo-u·-

1378 743 1496 789 ω
1541 727 1841 799 Auium
1858 770 1877 788 .

971 948 1231 1013 Divitias
1258 947 1729 1012 misericordiae
1762 956 1823 1011 et
1858 945 2151 1009 bonitatis
2174 944 2404 1007 suaein

841 1053 914 1112 B.
943 1042 1270 1109 catharina
1321 1045 1402 1108 de
1455 1043 1682 1107 Ricciis
1723 1042 2000 1107 ostendit
2046 1048 2250 1112 Deus,
2293 1041 2398 1122 qui

838 1143 1233 1227 complexam
1262 1140 1571 1206 ineffabili
1602 1140 1904 1204 charitate
1931 1146 1994 1203 et
2024 1137 2406 1203 sublimiori-

834 1243 955 1309 bus
997 1238 1478 1305 charismatibus
1539 1236 1918 1303 cumulatam
1943 1279 1965 1309 ,
1995 1236 2174 1319 quasi
2220 1255 2402 1318 spon-

834 1356 975 1404 um
1002 1345 1282 1402 ornatam
1312 1354 1548 1399 corona
1567 1378 1588 1405 ,
1638 1344 1704 1398 et
1749 1335 2106 1399 decoratam
2152 1332 2402 1401 monili-

833 1435 953 1499 bus
980 1434 1114 1500 suis
1144 1432 1375 1496 annulo
1409 1452 1525 1497 suo
1553 1431 1967 1497 subarrhavit.
1985 1436 2181 1506 Quam
2210 1449 2402 1512 porro

832 1533 976 1597 dum
1011 1532 1261 1597 viveret
1291 1530 1356 1594 in
1382 1530 1635 1595 deliciis
1673 1529 1939 1601 hahuit,
1980 1527 2239 1593 nuncin
2266 1525 2403 1613 glo-

830 1631 926 1695 ria
956 1628 1407 1695 miraculorum
1443 1625 1844 1692 manifestare
1873 1625 2303 1710 dignatusest,
2331 1633 2403 1690 ut

834 1737 1008 1792 tuum
1042 1727 1163 1800 sit,
1190 1728 1654 1788 BEATIssmE
1686 1727 1933 1786 PATER
1954 1764 1979 1797 ,
2020 1721 2239 1786 induta
2279 1721 2404 1785 vir-

830 1833 968 1891 tute
998 1844 1080 1889 ex
1109 1824 1238 1887 alto
1261 1865 1282 1895 ,
1307 1820 1468 1886 hanc
1490 1840 1731 1903 ponere
1781 1821 1846 1883 in
1895 1820 2100 1885 lucem
2130 1828 2197 1884 et
2224 1820 2404 1887 laeti-

829 1924 982 1988 tiam
1028 1920 1237 1986 Plebis
1272 1939 1428 1985 snae
1449 1961 1471 1994 ,
1500 1938 1689 2002 quam
1722 1918 2036 2003 exemplis
2063 1925 2394 2000 provocet,

829 2029 898 2086 et
924 2020 1131 2085 foveat
1160 2014 1412 2082 auxiliis
1431 2061 1448 2078 .

947 2230 1224 2294 CAESAR
1259 2230 1563 2308 Bonojuri
1590 2228 1925 2304 Episcopus
1959 2226 2284 2288 Pharensis

1438 2325 1743 2387 Am'stons
1767 2368 1784 2386 .

957 2530 1248 2618 Speciosa
1279 2541 1376 2597 est
1402 2531 1570 2596 inter
1597 2528 1764 2595 filias
1793 2526 2148 2595 Jerusalem
2181 2528 2401 2593 Catha-

829 2634 965 2698 rina
995 2634 1076 2697 de
1107 2630 1342 2697 Ricciis
1362 2673 1383 2705 ,
1412 2650 1574 2712 quae
1605 2628 1943 2693 maximum
1975 2649 2229 2710 semper
2255 2635 2401 2693 San·

822 2730 1054 2798 ctitatis
1080 2729 1370 2813 praebuit
1390 2718 1848 2812 argumentum.
1864 2731 2032 2791 llaec
2053 2746 2197 2790 vere
2213 2726 2368 2811 virgi
2387 2764 2391 2769 -

825 2828 1039 2893 nitatis
1059 2827 1275 2891 florem
1306 2847 1340 2890 a
1376 2833 1505 2890 Deo
1532 2824 1833 2905 tradi-tum
1869 2823 2167 2888 intactum
2193 2844 2398 2889 serva·

825 2928 948 3000 vit,
993 2924 1232 2990 nullam
1267 2943 1540 3006 unquam
1576 2921 1797 2986 habuit
1826 2920 2157 2995 maculam,
2187 2941 2394 3002 neque

824 3042 1042 3108 rugam
1071 3065 1093 3093 ,
1122 3022 1232 3087 sed
1266 3040 1519 3102 semper
1545 3019 1606 3081 in
1637 3019 1785 3094 fide,
1815 3020 1877 3080 in
1909 3040 2021 3100 spe
2047 3063 2067 3089 ,
2098 3020 2160 3081 in
2191 3018 2393 3084 chari·

825 3127 953 3184 tate
983 3121 1338 3201 incorrupta
1380 3117 1764 3200 permansit.
1806 3118 2042 3182 Habuit
2087 3123 2392 3199 Sponsum

825 3236 947 3280 non
997 3223 1358 3287 terrenum,
1411 3212 1522 3278 sed
1573 3234 1716 3278 eum
1760 3213 1868 3297 qui
1916 3215 1978 3275 in
2019 3212 2221 3278 Caelis
2253 3222 2393 3286 est,

827 3317 968 3379 etim
1000 3313 1107 3395 qui
1140 3332 1331 3394 super
1357 3330 1603 3374 omnem
1650 3311 2061 3394 principatum
2109 3318 2176 3376 et
2212 3318 2397 3375 Pote-

829 3419 1054 3475 statem
1080 3452 1102 3482 ,
1132 3405 1238 3492 qui
1268 3428 1458 3491 super
1489 3407 1821 3472 Cherubim
1853 3409 2033 3473 sedet
2058 3452 2079 3482 ,
2126 3428 2249 3473 non
2294 3431 2393 3473 so-

820 3508 953 3572 lum
1008 3513 1316 3591 Sponsum
1342 3548 1363 3579 ,
1415 3505 1526 3572 sed
1580 3513 1920 3572 amatorem
1966 3506 2246 3570 omnium
2286 3506 2396 3573 ho-

826 3606 1060 3674 minnm
1094 3603 1606 3667 ardentissimum
1638 3609 1704 3666 et
1732 3601 2085 3684 speciosum
2126 3624 2279 3685 prae
2323 3602 2394 3667 fl-

822 3702 931 3768 liis
961 3700 1287 3765 hominum
1317 3745 1333 3761 .

949 3803 1226 3862 Meretur
1243 3796 1263 3856 i
1271 3795 1925 3876 &immanissimi
1946 3800 2226 3867 PATER,
2239 3793 2393 3860 haec

826 3895 1022 3979 Virgo
1068 3892 1314 3973 sapiens
1345 3898 1411 3954 et
1436 3910 1555 3953 una
1585 3889 1665 3952 de
1696 3908 1957 3955 numero
1988 3892 2390 3973 prudentum,

824 4001 897 4056 ut
927 3991 991 4054 in
1018 3989 1235 4054 Altare
1262 4008 1459 4053 aureo
1490 3994 1637 4051 ante
1668 3985 1885 4051 oculos
1916 3989 2169 4052 Domini
2199 3988 2396 4055 collo-

819 4096 997 4156 cetur
1015 4131 1038 4163 ,
1067 4095 1256 4170 atque
1287 4086 1351 4148 in
1381 4083 1638 4150 caelesti
1673 4086 2033 4150 sanctuario
2061 4095 2125 4153 et
2152 4086 2286 4170 ipsa
2314 4087 2392 4152 ad

825 4192 1264 4252 ornamentum
1294 4180 1570 4247 omnium
1603 4188 1962 4248 Sanctorum
1984 4227 2006 4255 ,
2052 4185 2114 4246 in
2160 4186 2391 4269 quihus

818 4284 1128 4350 Dominus
1155 4280 1543 4365 requiescit,
1574 4290 1974 4350 recenseatur
1993 4327 2009 4342 .

898 4493 1228 4556 PAULUS
1258 4494 1567 4648 Romaim
1596 4491 1935 4570 Episcopus
1972 4495 2321 4571 Spoletinus

1487 4592 1732 4652 uincens
1757 4632 1773 4649 .

943 4804 1138 4863 Beata
1181 4794 1511 4860 catharina
1553 4795 1635 4860 de
1681 4796 1905 4870 Ricciis
1933 4806 2027 4861 est
2060 4795 2167 4860 illa
2196 4796 2388 4882 Virgo

822 4898 1076 4981 sapiens
1106 4906 1169 4960 et
1204 4915 1325 4960 una
1357 4894 1435 4958 de
1480 4913 1746 4962 numero
1776 4895 2149 4976 prudentum
2174 4938 2194 4965 ,
2227 4916 2390 4978 quae

818 4993 1050 5058 meruit
1080 4994 1314 5056 intrare
1347 4992 1426 5054 ad
1456 4993 1704 5071 nuptias
1736 4991 1982 5056 Domini
2015 4992 2130 5056 sui:
2164 4991 2388 5057 Oleum

821 5109 1092 5171 namque
1151 5087 1508 5154 devotionis
1569 5107 1822 5170 semper
1874 5091 2270 5156 conservavit
2323 5089 2390 5154 in

822 5185 1117 5270 lampada
1145 5205 1256 5249 sua
1279 5226 1301 5258 ,
1344 5192 1407 5252 et
1452 5183 1698 5252 solicite
1731 5185 2041 5267 quaesivit
2082 5193 2389 5268 Sponsum

997 5393 1087 5465 (a)
1138 5394 1191 5448 s.
1232 5395 1433 5448 Petrus
1473 5379 1852 5460 cluniacensi)
1888 5377 2067 5468 αρωξ
2094 5397 2184 5451 so.

2034 481 2246 536 ACTA
2282 478 2941 537 cmoNtsttoms

2523 644 2706 690 suum
2734 631 3101 707 attenteque
3122 620 3462 689 ambulavit
3485 624 3547 687 in
3565 624 3686 691 viis
3703 623 3863 710 ejnsz
3882 626 4086 691 Etiam

2520 721 2588 786 in
2615 722 2732 786 viis
2762 722 3002 804 asperis
3033 727 3249 789 secuta
3280 728 3377 786 est
3404 721 3583 789 illum
3602 765 3626 796 ‚
3652 743 3794 789 cum
3823 742 4086 804 pauper-

2522 828 2650 884 tate
2672 862 2694 892 ,
2724 819 2959 902 vigiliis
2978 863 3000 891 ,
3033 820 3262 893 inedia,
3291 818 3560 902 aliisque
3590 820 3810 905 poenis
3842 840 3911 884 se
3940 828 4087 885 con-

2517 915 2775 981 formari
2817 917 2992 983 Cruci
3038 917 3260 983 Christi
3305 914 3773 1003 ferventissime
3817 916 4085 1001 sategit:

2519 1014 2692 1079 Unde
2725 1016 2957 1081 meruit
2990 1014 3359 1078 mirabiliter
3386 1027 3643 1097 portare
3683 1035 3936 1080 crucem
3969 1020 4089 1078 Do·

2519 1111 2670 1173 mini
2703 1111 2825 1185 sui,
2862 1123 2926 1176 et
2957 1132 3181 1176 corona
3214 1112 3352 1196 ejus
3382 1111 3595 1195 spinea
3614 1114 3926 1183 coronari,
3950 1109 4084 1194 plu-

2519 1209 2824 1291 ribusque
2867 1209 3009 1274 aliis
3059 1209 3242 1281 donis
3286 1207 3672 1275 caelestibus
3725 1206 4081 1283 cumulari,

2516 1305 2753 1386 quibus
2783 1305 3046 1369 mirifice
3071 1312 3285 1369 ornata
3306 1302 3549 1369 fervida
3571 1303 3870 1388 aspiravit
3897 1305 4092 1370 intra·

2514 1402 2706 1466 re-ad
2752 1400 3049 1484 gaudium
3101 1400 3346 1464 Domini
3392 1401 3489 1466 sui
3528 1401 3662 1486 jugi
3707 1420 3922 1464 amore
3951 1400 4084 1467 lan·

2516 1517 2713 1581 guens
2739 1543 2755 1558 .
2816 1498 3135 1563 Exaudivit
3181 1496 3478 1563 Dominus
3537 1519 3761 1583 preces
3800 1498 4075 1563 dilectae

2514 1615 2665 1660 suae
2692 1639 2713 1667 ,
2751 1597 3086 1678 posuitque
3118 1597 3180 1657 in
3210 1617 3284 1663 ea
3312 1595 3602 1660 thronum
3648 1617 3869 1671 suum,
3912 1605 3975 1661 et
4017 1598 4080 1660 in

2515 1689 2875 1777 habitaculo
2923 1692 3185 1758 caelesti
3230 1691 3374 1758 facit
3423 1692 3597 1757 illam
3649 1693 3971 1763 habitare,
4002 1692 4085 1759 si·

2516 1790 2780 1873 gnisque
2816 1790 3256 1858 miraculorum
3285 1791 3470 1855 nohis
3496 1792 3770 1855 ostendit
3798 1791 3860 1853 in
3889 1790 4088 1857 choro

2512 1897 2867 1952 sanctarum
2892 1888 3213 1972 virginum
3246 1888 3657 1972 adscriptam,
3681 1897 3747 1955 ut
3780 1888 3919 1974 ejus
3949 1909 4084 1955 me·

2513 1986 2716 2049 moria
2746 1986 2939 2051 etiam
2972 1986 3288 2051 recolatur
3312 1987 3373 2048 in
3409 1986 3595 2049 terris
3621 2031 3637 2047 .

2657 2238 2974 2342 uanius
3015 2281 3226 2359 narres
3253 2254 3599 2356 rpem«.
3635 2280 3933 2358 worm

3127 2377 3428 2438 desistens
3446 2419 3463 2437 .

2637 2660 2730 2723 Ad
2765 2660 3076 2727 Christum
3106 2616 3434 2726 bominum
3479 2660 3543 2729 in
3593 2660 3838 2736 Caelis,
3886 2661 4070 2747 cujus

2507 2758 2679 2823 vices
2709 2766 2876 2822 tanta
2909 2760 3145 2843 pietate
3186 2760 3356 2843 geris
3409 2761 3471 2822 in
3517 2759 3744 2833 terris,
3773 2765 4077 2825 BEATIS·

2507 2862 2689 2919 smss
2719 2864 2972 2924 PATER
2996 2902 3018 2932 ,
3048 2858 3348 2923 hodierna
3390 2858 3535 2923 luce
3577 2878 3920 2923 conversus
3947 2877 4071 2939 non

2507 2951 2821 3016 immerito
2849 2954 3087 3018 dixeris
3108 2958 3384 3028 ‚Domino
3415 2960 3617 3019 dilexi
3643 2958 3913 3019 docorem
3959 2958 4073 3017 Do·
4166 3004 4171 3008 .

2505 3069 2637 3111 nnus
2669 3063 2830 3113 ruas:
2853 3051 2969 3114 Ubi
3007 3070 3277 3133 namque
3312 3050 3685 3115 militantem
3720 3049 4070 3117 Ecclesiam

2505 3156 2562 3210 et
2597 3149 2884 3232 Martyris
2912 3149 3213 3234 sanguine
3245 3155 3308 3213 et
3337 3147 3777 3214 confessorum
3824 3149 4067 3213 virtuti-

2507 3244 2624 3309 hus
2684 3245 3011 3310 illustrasti
3039 3271 3060 3320 3
3110 3266 3192 3310 ne
3239 3246 3385 3329 quid
3438 3258 3759 3329 postremo
3818 3246 4073 3315 deesset

2505 3343 2671 3422 quod
2701 3351 2911 3425 posset
2945 3344 3235 3407 decorem
3288 3343 3427 3426 ejus
3477 3365 3707 3428 augere
3730 3387 3749 3416 ,
3785 3333 3982 3407 lio‘die'
4007 3339 4075 3404 in

2505 3440 2832 3504 catharina
2862 3442 2941 3506 de
2973 3440 3203 3505 Ricciis
3224 3441 3598 3525 virginitatis
3621 3441 3807 3503 etiam
3842 3441 4077 3506 honore

2507 3540 2770 3602 eandem
2804 3559 2903 3601 am
2916 3537 3239 3622 pliticabis.
3268 3545 3386 3602 Per
3413 3545 3501 3602 Te
3527 3537 3739 3620 igitur,
3769 3543 4073 3601 BEATtS-

2508 3641 2689 3699 stam
2718 3641 2969 3699 PATER
2993 3677 3015 3707 ,
3045 3636 3247 3699 aderit
3278 3634 3501 3718 Regina
3533 3656 3567 3698 a
3598 3635 3836 3699 dextris
3877 3634 4068 3698 divini

2504 3733 2722 3812 Sponsi
2753 3732 2814 3794 in
2844 3731 3074 3797 vestitu
3108 3733 3400 3816 sanguine
3427 3733 3717 3817 Martyris
3747 3734 4068 3805 deaurato,

2506 3835 2568 3890 et
2597 3827 2982 3892 circumdata
3011 3827 3306 3893 varietate
3351 3829 3646 3891 virtutum
3690 3836 3878 3909 atque
3924 3848 4071 3892 con-

2504 3922 2788 4005 cupiscet
2836 3924 3132 3988 decorem
3178 3925 3415 4006 ipsius,
3465 3924 3755 4007 quoniam
3806 3935 3950 4006 post
3978 3932 4072 3988 tot

2505 4018 2862 4100 praeclaros
2903 4022 3229 4086 sanctitate
3283 4022 3463 4085 Viros
3514 4021 3858 4086 adducetur
3882 4021 4071 4088 hodie

2505 4117 2835 4183 catharina
2876 4117 2939 4181 in
2983 4118 3313 4200 Templum
3349 4124 3535 4201 Regis
3564 4118 3700 4202 (a),
3729 4139 3860 4182 cun·
3891 4139 4070 4197 mys-

2502 4218 2631 4278 tica
2669 4220 3066 4293 virainitats,
3109 4220 3408 4279 altissima
3453 4221 3840 4289 hanutum,
3879 4220 4069 4308 suffiti*

2501 4319 2773 4392 minima
2801 4318 3121 4377 charitats.
3155 4311 3398 4377 Talium
3430 4323 3887 4395 unguentorum
3922 4311 4072 4379 offo-

2504 4429 2571 4473 re
2614 4410 2936 4475 Catharina
2965 4412 3042 4475 ad
3072 4431 3141 4476 se
3189 4411 3380 4476 traxit
3421 4411 3766 4494 Philippum
3811 4412 4069 4478 Nerium

2500 4506 2645 4572 dum
2712 4507 2985 4574 viveret.
3045 4506 3281 4572 Talium
3341 4502 3640 4574 virtutum
3702 4508 3881 4592 copia
3938 4517 4067 4574 tana

2504 4613 2627 4668 tam
2655 4605 2776 4668 sibi
2807 4604 3069 4690 gloriam
3103 4607 3483 4690 comparavit
3509 4603 3570 4668 in
3589 4577 3805 4672 q{taulis
3822 4649 3846 4680 ‚
3876 4627 4068 4690 quan-

2501 4708 2628 4765 tam
2658 4702 3026 4787 Magdalena
3057 4702 3139 4767 de
3171 4703 3380 4768 Panis
3407 4723 3700 4768 enarrare
3729 4703 3831 4767 vix
3864 4705 4070 4786 potuit

2503 4799 2567 4861 in
2599 4801 2782 4864 terris
2807 4847 2823 4863 .
2869 4807 2962 4866 Ea
3000 4800 3256 4864 demum
3289 4800 3612 4885 signorum
3633 4799 3930 4872 claritate
3962 4807 4072 4867 Ca·

2508 4898 2750 4988 than-ina
2779 4898 2859 4963 de
2893 4897 3116 4962 Ricciis
3145 4907 3471 4970 coruscat,
3511 4919 3674 4980 quae
3717 4906 3790 4964 ut
3827 4897 3893 4961 in
3935 4919 4072 4965 san-

2511 5003 2753 5059 ctarum
2812 4993 3134 5078 virginum
3193 4994 3358 5057 Albo
3415 5004 3853 5070 recenseatur,
3895 5003 4069 5060 tuum

2507 5092 2698 5160 modo
2731 5089 3088 5165 Graculum,
3118 5096 3575 5158 BEATISSIME
3599 5098 3875 5181 PATER,
3896 5111 4074 5177 prae·

2499 5188 2765 5252 stolatur
2791 5232 2808 5249 .
