4442 6300
941 488 969 535 a
1921 484 2119 536 ACTA
2190 456 2847 538 ‹zANoNtix'ttoxts

1311 629 1788 690 OXOMEN.

769 831 1277 889 canonizationis
1312 829 1487 885 Beati
1516 831 1739 886 PETRI
1776 831 2157 889 REGALATt
2210 826 2327 887 Or·

839 931 1002 987 dinis
1034 928 1342 985 Minorem
1371 967 1390 993 ‚
1423 930 1593 1013 apud
1625 928 1948 998 Hispanos
2012 928 2325 1000 lleyularis

844 1023 1285 1086 observantiae
1318 1024 1378 1083 S.
1418 1025 1728 1082 Francisci
1758 1026 2215 1083 Restauratoris.

881 1223 1034 1281 Cum
1062 1260 1081 1285 ‚
1114 1224 1249 1296 post
1283 1215 1607 1278 abs-datas
1639 1215 1717 1277 de
1752 1235 1925 1279 more
1977 1224 2319 1295 Anteprae-

756 1314 1129 1399 paratoriam
1164 1323 1229 1377 et
1285 1312 1817 1392 praeparatorium
1881 1313 2323 1396 congregatio·

759 1429 913 1481 nes,
943 1410 1263 1473 referente
1292 1409 1730 1472 Reverendiss.
1769 1416 1832 1470 Ι).
1896 1410 2075 1472 Card.
2134 1417 2324 1472 Anto·

756 1508 864 1570 nio
892 1507 1163 1572 xaverio
1200 1513 1285 1569 tie
1316 1506 1669 1570 Gentilibus
1690 1550 1710 1576 .
1751 1508 2068 1588 proposita
2129 1506 2320 1571 fuerit

756 1604 818 1666 in
878 1604 1377 1686 congregatione
1437 1603 1724 1666 Generali
1750 1648 1770 1674 ‚
1826 1603 2032 1665 babita
2101 1624 2311 1666 coram

754 1702 1185 1765 sanctissimo.
1221 1699 1417 1763 die-2.
1451 1701 1619 1763 lunii
1654 1701 1965 1763 currentis
1985 1701 2146 1764 anni.
2168 1707 2319 1764 catt-

759 1819 827 1864 εει
861 1805 1157 1863 Oxomen.
1192 1798 1691 1862 canonizationis
1722 1804 1787 1860 B.
1824 1804 2047 1861 PETRI
2080 1806 2315 1863 REGA·

756 1902 933 1959 LATI
963 1917 1151 1978 super
1182 1897 1385 1959 Dubio
1413 1940 1433 1968 ,
1468 1901 1554 1959 An
1588 1910 1643 1957 st
1671 1905 1739 1957 de
1772 1904 1987 1974 quibus
2048 1902 2318 1960 Hit-acu-

757 1999 837 2056 lis
865 2007 1097 2056 constet
1119 2006 1256 2071 post
1308 1999 1607 2056 indultam
1667 2014 1706 2056 a
1763 1998 1911 2057 Sede
1968 1996 2317 2069 apostolica

756 2098 946 2156 sidem
984 2094 1137 2151 ΒΕΑ
1156 2091 1256 2153 ΤΟ
1284 2097 1733 2153 venerationem
1764 2113 1786 2165 ς
1825 2095 2113 2170 ,Cumque
2176 2098 2322 2154 San-

654 2206 675 2218 ·
755 2187 940 2251 clitas
970 2195 1130 2260 Sua,
1186 2182 1553 2269 praemissis
1611 2188 2134 2267 praemittendis,
2193 2188 2320 2251 duo

753 2306 832 2350 ex
861 2286 953 2349 eis
988 2286 1049 2346 in
1081 2287 1271 2348 tertio
1302 2306 1535 2369 genere
1567 2286 1999 2366 approbaverit
2028 2330 2046 2355 ‚
2078 2286 2167 2348 uti
2190 2286 2317 2349 col·

754 2381 975 2467 ligitur
1003 2405 1081 2446 ex
1110 2388 1378 2447 Decreta
1407 2384 1577 2447 edito
1612 2383 1715 2445 die
1752 2388 1847 2446 14.
1883 2384 2035 2446 Julii
2066 2404 2319 2447 curren-

756 2480 837 2544 tis
865 2481 1047 2555 auni3
1083 2487 1424 2544 voventum
1450 2480 1699 2543 tandem
1731 2479 1845 2542 suit
1875 2480 1935 2540 in
1959 2481 2080 2542 alia
2120 2487 2320 2544 Gene-

757 2576 872 2641 rali
907 2579 1418 2661 Congregatione‚
1439 2578 1644 2640 babita
1664 2579 1906 2660 pariter
1927 2599 2138 2642 coram
2171 2586 2316 2641 San-

754 2675 1036 2740 ctissimo
1061 2720 1079 2747 ,
1111 2677 1217 2739 die
1244 2682 1351 2738 22.
1386 2676 1769 2756 Septembris
1801 2676 2087 2756 proxime
2141 2696 2319 2759 prae-

757 2773 968 2845 lariti,
999 2774 1075 2836 ad
1109 2783 1496 2853 postremum
1526 2817 1546 2845 ‚
1575 2773 1741 2853 quod
1775 2782 2101 2854 supererat
2125 2817 2144 2842 ‚
2206 2780 2319 2834 ttu-

756 2871 969 2939 bium:
1010 2875 1097 2933 An
1127 2884 1326 2934 stante
1362 2877 1792 2948 approbatione
1841 2878 2324 2947 supradictorum

756 2974 1009 3031 anonam
1044 2973 1492 3032 Hit-acutorum
1524 3011 1543 3040 ‚
1580 2982 1707 3030 tuto
1735 2975 1984 3047 procedi
2024 2972 2213 3045 possit
2245 2976 2325 3031 aa

754 3072 1091 3130 solemnem
1124 3074 1387 3145 ejusdem
1443 3072 1685 3128 ΒΕΔΤΙ
1743 3073 2278 3130 canonizationem
2301 3091 2325 3140 ,-

756 3167 1195 3247 Omnibusque
1224 3169 1601 3244 Affirmative
1616 3166 2162 3244 respondentibuS‚
2181 3172 2325 3226 San-

757 3265 943 3326 ctitas
973 3271 1087 3326 Sua
1156 3262 1607 3327 resolutionem
1669 3262 1920 3324 differre
1977 3260 2214 3334 voluit,
2261 3269 2324 3321 ut

755 3361 927 3443 prius
952 3403 970 3431 ,
1004 3360 1220 3424 effusis
1250 3360 1327 3424 ad
1361 3366 1554 3422 Deum
1581 3360 1898 3439 precibus,
1916 3358 2208 3420 caelestis
2235 3358 2321 3418 lu·

758 3459 949 3521 minis
977 3467 1159 3540 opem
1195 3458 1257 3517 in
1290 3466 1411 3519 tam
1437 3456 1604 3539 gravi
1621 3455 2076 3519 deliberatione
2105 3453 2327 3536 implo-

758 3563 944 3620 raret.
964 3556 1199 3629 Quibus
1228 3553 1525 3635 impletis,
1553 3554 1719 3616 idem
1750 3551 2183 3615 sanctissimus
2212 3558 2328 3612 Do·

758 3655 962 3718 minus
991 3660 1222 3718 Noster
1243 3697 1262 3726 ,
1295 3663 1435 3734 post
1463 3652 1691 3715 Missae
1722 3649 2210 3714 celebrationem
2250 3648 2324 3710 ad

753 3750 950 3815 altare
977 3755 1037 3814 S.
1072 3750 1376 3814 Brunonis
1403 3750 1466 3811 in
1487 3746 1765 3814 Ecclesia
1788 3754 1845 3810 S.
1872 3748 2099 3811 Mariae
2131 3754 2331 3828 Ange-

756 3848 959 3912 lorum
990 3848 1068 3910 ad
1098 3847 1399 3911 Thermas
1435 3846 1855 3910 Diocletianas
1880 3888 1899 3913 ‚
1952 3843 2166 3907 accitis
2224 3865 2326 3905 ro·

760 3966 892 4010 ram
927 3966 995 4009 se
1028 3953 1097 4008 R.
1131 3953 1194 4010 P.
1231 3946 1540 4008 Ludovico
1596 3945 1673 4005 de
1734 3942 2100 4006 valentibus
2157 3941 2323 4003 Fidei

756 4051 1127 4116 Promotou-e
1150 4086 1169 4112 ‚
1198 4055 1266 4106 et
1307 4062 1410 4105 me
1468 4042 1867 4123 infrascripto
1926 4040 2282 4103 secretario
2304 4081 2324 4110 ‚

758 4160 1058 4222 praesens
1087 4140 1587 4204 canonizationis
1619 4145 1685 4201 B.
1722 4145 1947 4202 PETRI
1989 4143 2326 4200 REGALA-

760 4243 836 4301 'l'l
861 4281 880 4310 ,
939 4239 1466 4319 quandocumque
1540 4237 1907 4306 faciendae,
1983 4241 2322 4298 Decretum

761 4337 1037 4418 expediri
1068 4348 1132 4402 et
1165 4336 1475 4420 publicari
1522 4335 1854 4400 mandavit.
1914 4341 2044 4397 Hac
2104 4333 2204 4396 die
2260 4338 2323 4394 6.

765 4434 1055 4498 Octobris
1086 4435 1271 4497 1744.

1058 4537 1118 4593 S.
1150 4529 1327 4594 card.
1365 4528 1635 4593 Valenti.

888 4633 1050 4690 Loco
1069 4627 1120 4711 ἦ·
1138 4626 1359 4709 sigilli.

1062 4806 1081 4817 “
1159 4730 1264 4787 rt».
1301 4729 1669 4788 patriarcha
1705 4725 2117 4802 Hierosolym.
2151 4725 2213 4785 S.
2256 4727 2325 4782 R.

1220 4829 1282 4887 C.
1323 4828 1480 4886 sm.

1274 5020 1597 5083 FLOREN
1611 5021 1805 5079 TINA

773 5218 1280 5277 canonizationis
1309 5220 1533 5277 Beatos
1564 5217 2023 5274 CATnantNAE
2053 5213 2149 5270 PF.
2178 5212 2329 5269 Rlc-

848 5318 992 5373 CttS
1014 5317 1305 5374 monialis
1333 5316 1645 5389 professae
1677 5314 1741 5369 in
1780 5315 1912 5370 t'en.
1954 5311 2324 5367 monasterio

2528 636 2585 693 S.
2645 636 2951 692 Vincenti?
2996 635 3277 693 Ciuitatis
3336 636 3512 693 Prnti
3557 634 3801 694 Ordinis
3831 636 4007 694 Prae-

2522 737 2874 792 dicatorum.

2563 923 2776 987 Relata
2810 925 2870 985 in
2901 924 3393 1007 congregatione
3426 924 3714 990 Generali
3744 934 3874 991 Sar..
3901 926 4002 993 Ri-

2436 1034 2612 1087 tuum
2646 1020 2857 1085 habita
2889 1023 2991 1085 die
3019 1027 3122 1083 24.
3151 1023 3356 1084 Martii
3388 1025 3701 1086 currentis
3727 1024 3867 1085 anni
3902 1046 4004 1087 ro-

2439 1141 2570 1184 rem
2602 1120 3004 1183 sanctissimo
3022 1120 3283 1182 Domino
3305 1126 3532 1183 Nostro
3557 1127 4006 1183 BENEntCTo

2436 1223 2625 1279 ΡΑΡΑ
2664 1222 2823 1279 xlv.
2855 1236 2968 1298 per
3016 1215 3625 1279 Reverendissimum
3693 1224 3759 1279 t).
3820 1218 4001 1281 card.

2437 1314 2789 1376 Lercarium
2822 1318 3028 1376 Causa
3051 1314 3546 1376 canonizationis
3609 1320 3672 1376 B.
3718 1319 4004 1377 CATHA-

2438 1416 2634 1474 RlNAE
2663 1411 2742 1471 de
2775 1414 3043 1473 RlccllS
3073 1431 3263 1491 super
3312 1412 3555 1473 Dubio:
3621 1414 3716 1472 An
3741 1454 3761 1481 ‚
3822 1424 3875 1472 et
3932 1418 4000 1471 de

2435 1515 2655 1585 quibus
2683 1512 2997 1570 Mimantis
3028 1518 3260 1570 constet
3286 1523 3421 1583 post
3454 1514 3755 1571 indultam
3807 1514 4000 1569 eidem

2443 1611 2668 1668 Beatae
2708 1611 3161 1667 Venerationem
3190 1612 3258 1665 in
3291 1626 3436 1668 casu
3463 1652 3483 1680 ‚
3515 1620 3572 1668 et
3600 1615 3684 1669 ad
3727 1612 3993 1685 effectam

2431 1711 2500 1764 de
2535 1725 2652 1780 qao
2683 1708 2929 1779 aqiturz
2974 1706 3124 1765 Cum
3185 1722 3263 1764 ex
3326 1703 3571 1775 tribus,
3634 1723 3794 1783 quae
3854 1711 3998 1765 tuno

2432 1799 2679 1861 fuerunt
2717 1798 3034 1880 proposita
3056 1839 3094 1867 ‚·
3125 1804 3189 1860 et
3250 1799 3598 1862 examinata
3654 1797 3950 1861 Miracula
3973 1841 3993 1868 ‚

2432 1898 2738 1960 Sanctitas
2767 1902 2886 1959 Sua
2919 1896 3041 1958 duo
3086 1896 3520 1977 approbaverit
3584 1907 3799 1960 secuta
3857 1903 4000 1976 post

2431 1992 2765 2057 formalem
2800 1993 3001 2056 dictae
3034 1999 3262 2056 Beatae
3291 1998 3756 2058 CATnAtuNAE
3803 1993 4001 2056 Beati·

2434 2089 2792 2153 ficationem
2821 2133 2840 2162 ‚
2876 2092 2964 2153 uti
2998 2089 3321 2173 colligitur
3368 2111 3447 2154 ex
3504 2096 3771 2153 Det-reto
3830 2090 3999 2153 edito

2444 2187 2542 2248 die
2576 2192 2678 2249 26.
2711 2187 2860 2250 Maii
2894 2188 3202 2251 currentis
3234 2188 3416 2259 anni,
3473 2197 3539 2251 et
3597 2188 3994 2269 postmodum

2433 2285 2535 2348 die
2563 2291 2667 2346 22.
2693 2306 2889 2367 nuper
2909 2285 3107 2369 elapsi
3137 2288 3371 2349 mensis
3403 2285 3815 2365 SeptembriS‚
3845 2305 3985 2347 coa·

2430 2389 2524 2443 cta
2557 2383 2783 2443 iterum
2822 2382 3107 2445 Generali
3159 2382 3652 2464 congregatione
3710 2388 3842 2444 See.
3909 2380 4001 2444 ni-

2435 2487 2608 2542 tuum
2639 2499 2846 2541 eoram
2882 2480 3109 2542 eodem
3142 2480 3546 2542 sanctissimo
3576 2458 3842 2541 bomine
3872 2484 3996 2541 No·

2432 2587 2559 2639 stro
2592 2577 2973 2657 propositum
3010 2576 3200 2639 fuerit
3230 2596 3343 2657 per
3394 2577 3814 2656 supradictum
3880 2585 3995 2639 tte-

2431 2674 2951 2736 verendissimum
2988 2681 3055 2735 D.
3090 2673 3269 2737 card.
3299 2675 3653 2737 Lercarium
3688 2673 3997 2744 alterum,

2433 2774 2596 2854 quod
2627 2772 3104 2835 examinandum
3140 2781 3509 2853 supererat,
3540 2771 3810 2833 Dubium
3838 2793 3854 2829 ε
3899 2775 3994 2832 An

2432 2886 2623 2935 stante
2660 2878 3102 2947 approbatione
3134 2878 3384 2933 duorum
3423 2873 3861 2956 &iraculorum
3898 2882 3991 2929 ta-

2435 2976 2800 3033 to·deveniri
2823 2976 3014 3049 possit
3047 2977 3126 3031 ad
3154 2975 3476 3031 solemnem
3506 2974 3705 3043 ipsius
3762 2973 3992 3029 Beatao

2438 3073 2528 3131 CA
2548 3071 2946 3129 Tfl‘AnlNAE
2981 3072 3581 3128 Canonizationemz
3615 3072 3997 3146 Omnesque,

2435 3168 2541 3246 qni
2572 3168 2630 3226 iu
2661 3186 2734 3227 ea
2767 3164 3256 3246 congregatione
3290 3163 3653 3245 suffragium
3687 3165 3989 3236 tulerint,

2436 3262 2875 3323 affirmativum
2908 3257 3196 3323 dederint
3229 3281 3637 3342 responsum=
3684 3262 3998 3326 Sanctitas

2435 3366 2552 3421 Sua
2586 3359 3030 3421 resolutionem
3062 3379 3133 3420 ea
3167 3359 3270 3421 die
3304 3360 3559 3423 differre
3620 3359 3812 3422 voluit
3848 3404 3868 3430 ‚
3925 3369 3997 3422 ut

2438 3467 2569 3517 tum
2602 3456 2763 3520 suis.
2797 3477 2935 3518 cum
2970 3454 3233 3518 aliorum
3269 3457 3565 3536 precibus
3603 3460 3665 3517 in
3693 3464 3819 3519 tam
3857 3469 3993 3537 gra·-

2435 3553 2493 3612 vi
2511 3552 2968 3615 deliberatione
2990 3552 3198 3614 lumen
3222 3574 3255 3614 a
3277 3561 3464 3616 ‘Patre
3487 3553 3795 3615 luminum
3820 3555 3999 3633 prius

2437 3651 2843 3729 imploraret,
2876 3650 3054 3731 quoe
3075 3669 3213 3712 cum
3266 3651 3514 3713 abunde
3576 3652 3990 3732 sequentibus

2439 3748 2659 3810 diebus
2715 3749 3025 3830 peregerit
3051 3792 3068 3818 ,
3101 3746 3435 3808 novissime
3466 3744 3861 3828 infrascripta
3891 3746 3996 3808 die

2438 3852 2495 3907 S.
2529 3848 2795 3907 Brunoni
2829 3844 3377 3909 carthusianorum
3417 3845 3752 3906 Fundatori
3798 3844 4001 3905 dicata

2438 3953 2581 4023 post
2611 3943 2997 4006 celebratum
3031 3943 3090 4003 in
3126 3940 3409 4005 Ecclesia
3441 3948 3497 4004 S.
3533 3941 3772 4004 Mariae
3798 3947 3998 4023 Ange-

2436 4039 2640 4101 lorum
2671 4039 2896 4104 Missae
2927 4039 3311 4105 Sacrificium
3334 4083 3352 4107 .
3398 4040 3616 4102 accitis
3663 4058 3869 4101 coram
3931 4056 4001 4099 se

2433 4142 2505 4198 R.
2539 4144 2599 4198 Ρ.
2631 4137 2942 4200 Ludovico
2974 4137 3052 4199 de
3079 4136 3443 4199 valentibus
3476 4137 3641 4197 Fidei
3678 4142 3996 4214 promoto·

2439 4254 2507 4298 re
2529 4277 2549 4305 ‚
2583 4253 2807 4316 tneque
2837 4232 3245 4313 infrascripto
3280 4240 3411 4296 Sae.
3449 4235 3689 4294 Rittium
3729 4237 4000 4310 Congre-

2436 4331 2704 4414 gationis
2733 4330 3083 4395 secretario
3108 4372 3126 4395 .
3161 4339 3226 4391 ut
3259 4351 3485 4393 novum
3520 4332 3709 4393 decus
3744 4327 3991 4390 l‘raedi·

2441 4438 2725 4492 catorum
2763 4428 2978 4491 ordini
3010 4426 3304 4500 adderet,
3338 4447 3635 4510 praesens
3668 4425 4002 4488 Canoniza-

2434 4527 2622 4588 tionis
2664 4535 3052 4589 memoratae
3113 4530 3335 4588 Beatae
3395 4528 3859 4588 CATHARlNAE
3918 4522 3999 4584 de

2438 4628 2711 4686 RlcCtlS
2733 4664 2752 4693 ‚
2785 4621 3301 4705 quandocumque
3344 4622 3671 4686 faciendae
3693 4667 3711 4694 ,
3769 4628 4008 4682 Decre-

2438 4730 2568 4783 tum
2601 4720 2879 4800 expediri
2909 4741 2981 4782 ac
3011 4719 3311 4800 publicari
3346 4720 3691 4784 mandavit.
3727 4724 3854 4781 Hac
3906 4716 4010 4778 die

2437 4824 2498 4880 6.
2530 4818 2824 4882 Octobris
2857 4821 3039 4879 1744.

2738 4921 2794 4976 S.
2830 4917 3009 4979 Card.
3040 4915 3284 4979 Valenti

2561 5021 2733 5078 Loro
2752 5012 2803 5096 †
2820 5012 3038 5096 Sigilli.

2785 5215 2846 5269 T.
2889 5213 3241 5273 Patriarrha
3282 5187 3872 5287 Hierosolytaitanas

2817 5313 2971 5370 Secr.
