4442 6300
942 540 949 545 .
969 493 1079 545 272

786 636 1079 700 Pontiflce
1110 642 1368 702 Summo
1388 639 1726 705 definiente
1756 650 1820 705 et
1850 640 2210 710 declarante
2236 644 2352 707 im-

783 733 1093 813 pleantur.
1147 740 1430 817 Agnosce
1470 758 1623 823 ergo
1654 783 1675 810 ,
1720 744 2180 805 amarissime
2223 748 2349 805 ΡΑ-

784 836 936 893 TEn
968 872 990 902 ,
1032 830 1188 896 banc
1233 838 1473 896 Omma
1519 841 1711 899 Ovem
1757 837 1913 902 hanc
1955 846 2125 902 tuam
2153 880 2174 911 ,
2211 838 2344 921 jam

785 925 911 989 divi
938 926 1200 1010 Philippi
1231 929 1401 993 Nerii
1424 972 1445 1001 ,
1468 930 1601 1013 jam
1633 931 1813 997 divae
1842 933 2070 998 Mariae
2100 936 2348 1018 Magda-

785 1022 970 1087 leaae
1000 1023 1080 1085 de
1112 1027 1319 1089 Pazzis
1347 1069 1367 1096 ,
1404 1025 1536 1110 jam
1567 1030 1869 1094 virtutum
1901 1041 1967 1096 et
2010 1031 2347 1096 miraculo-

784 1140 929 1185 rum
971 1121 1332 1188 testimonio
1359 1127 1861 1211 comprobatam;
1905 1131 2054 1212 quin
2103 1130 2237 1193 imo
2265 1129 2345 1194 ab

784 1219 1061 1301 Wmffl
1089 1220 1267 1311 cujus
1309 1224 1481 1307 geris
1508 1224 1677 1290 vices
1697 1268 1718 1299 ,
1758 1247 2056 1309 supremo
2085 1235 2345 1292 Pastore

783 1322 1066 1381 vocatam
1092 1327 1159 1380 et
1186 1317 1477 1395 electam3
1498 1318 1764 1385 electam
1788 1323 1909 1387 sibi
1929 1325 1991 1385 in
2013 1329 2343 1406 Sponsam,

785 1410 1048 1477 electam
1080 1413 1143 1474 in
1187 1415 1476 1489 deliciis,
1523 1418 1778 1500 suisque
1810 1420 2217 1504 stigmatibus
2263 1421 2344 1484 si-

786 1515 1056 1591 gnatam:
1088 1515 1397 1592 Agnosce,
1425 1512 1704 1594 inquam,
1733 1515 1851 1579 boc
1879 1537 1988 1580 vas
2014 1516 2342 1581 electionis

785 1607 1265 1673 charismatibus
1313 1611 1606 1676 omnibus
1649 1613 1972 1678 abundans
2018 1621 2082 1677 et
2130 1635 2346 1696 super·

781 1704 1023 1777 fluens;
1067 1713 1133 1770 et
1158 1705 1370 1771 divino
1402 1708 1515 1772 illo
1557 1710 1663 1791 qui
1694 1728 1946 1792 semper
1983 1710 2342 1775 pontificiae

783 1800 1123 1864 Cathedrae
1153 1810 1400 1883 praesto
1422 1812 1543 1877 est,
1574 1806 1789 1888 spiritu
1812 1805 2064 1871 afflatus
2082 1808 2194 1873 hac
2213 1819 2339 1871 tam

783 1896 1112 1979 prudenti,
1160 1909 1284 1963 tam
1332 1906 1461 1965 Deo
1503 1911 1567 1966 et
1608 1903 1898 1967 Proximo
1941 1903 2186 1968 solicita
2211 1949 2233 1979 ,
2276 1913 2341 1971 et

781 1993 1183 2077 lampadibus
1235 2002 1366 2061 tam
1419 1996 1624 2083 plenis
1677 2008 1886 2080 parata
1938 2001 2018 2065 de
2068 2003 2340 2085 quinque

780 2091 1135 2175 Virginibus
1159 2093 1454 2177 Virgine,
1499 2097 1782 2178 quintum
1819 2097 2034 2161 Divum
2079 2100 2341 2165 canoni-

779 2187 1043 2253 zationis
1070 2187 1401 2255 solemniis
1428 2237 1450 2265 ,
1492 2213 1655 2274 quae
1688 2203 1860 2259 tanto
1887 2195 2097 2259 studio
2143 2204 2340 2262 tanta-

780 2306 903 2367 que
945 2286 1314 2352 assiduitate
1357 2288 1681 2373 disponis,
1726 2292 1887 2356 adde
1932 2300 1997 2356 et
2040 2293 2336 2375 complex

776 2387 1013 2445 Novum
1068 2387 1398 2451 Hetruriae
1459 2397 1811 2469 opportuno
1859 2396 2143 2471 tempore
2199 2391 2339 2453 mit·

773 2486 841 2541 te
870 2479 1277 2559 praesidium,
1307 2482 1671 2547 obsecranti
1699 2484 2193 2549 praedicatorum
2228 2492 2341 2552 Or·

774 2574 904 2637 dini
947 2594 1174 2639 novum
1222 2577 1467 2643 decusa
1514 2586 1592 2644 Et
1640 2581 2038 2648 pontificatus
2078 2584 2194 2647 Tui
2237 2604 2345 2647 au.-

772 2672 1139 2757 gustissima
1184 2681 1250 2738 et
1287 2675 1656 2742 intemerata
1700 2687 2101 2745 monumenta
2130 2700 2287 2765 auge
2319 2725 2340 2755 ,

774 2778 968 2853 atque
1010 2772 1361 2839 aeternitati
1409 2775 1781 2841 commenda
1806 2819 1829 2851 ,
1876 2782 2338 2843 BEATISSIME

773 2873 1048 2932 PATER.

811 3064 1300 3128 FRANCISCUS
1330 3066 1753 3131 ANTONIUS
1788 3070 2028 3145 spansa
2059 3074 2310 3149 Episco-

889 3180 1013 3244 pus
1045 3163 1316 3241 Aquinas
1343 3176 1402 3227 ot
1447 3169 1859 3244 Fregellanam
1895 3169 2207 3234 desistens.

897 3358 1359 3423 BEATIssmE
1402 3363 1676 3423 PATER.
1718 3364 1855 3425 Non
1910 3361 2199 3445 splendet
2245 3369 2338 3430 tot

772 3447 979 3513 stellis
1008 3453 1259 3516 Caelum
1277 3497 1298 3527 ,
1327 3453 1489 3519 sicut
1517 3456 1792 3542 inclytus
1818 3459 2330 3523 praedicatorum

773 3548 943 3612 Ordo
969 3554 1064 3611 tot
1092 3548 1428 3633 syderibus
1460 3551 1933 3634 fulgentissimis
1971 3561 2332 3622 Sanctorum

769 3644 1098 3727 utriusque
1118 3666 1305 3709 sexus
1331 3655 1607 3710 ornatur.
1636 3652 1869 3711 Horum
1894 3651 2019 3712 duo
2040 3653 2206 3718 inter
2234 3676 2333 3719 ce·

767 3749 905 3807 tera
934 3742 1119 3806 nobis
1160 3742 1636 3823 contemplanda
1672 3764 1741 3807 se
1771 3744 2044 3808 offerunt
2070 3787 2088 3808 .
2135 3754 2328 3811 Unum

772 3837 1019 3904 scilicet
1058 3837 1383 3903 catharina
1433 3841 1720 3906 Senensis
1766 3840 2135 3925 jamdudum
2189 3852 2335 3909 Sau-

771 3944 1011 4004 ctorum
1056 3935 1256 3998 Fastis
1298 3935 1606 4020 adscripta
1635 3980 1656 4012 ,
1702 3937 1971 4004 alterum
2014 3942 2335 4008 Catharina

772 4034 852 4096 de
907 4030 1123 4096 Ricciis
1174 4031 1530 4097 Florentina
1583 4054 1617 4097 a
1669 4034 1958 4099 diuturno
2017 4037 2336 4134 domic-‘ilio

766 4128 1081 4195 Prateusis
1128 4139 1445 4210 postremo
1494 4130 1662 4195 inter
1717 4137 1939 4197 Beatas
1985 4133 2277 4218 adjuncta
2309 4180 2328 4197 .

770 4234 908 4291 Duo
924 4226 1079 4290 haec
1110 4226 1440 4291 luminaria
1474 4228 1559 4293 ita
1581 4230 1928 4313 aequaliter
1956 4231 2126 4296 iuter
2145 4251 2216 4297 se
2246 4233 2326 4295 li·

768 4319 975 4397 neata,
1002 4331 1066 4386 et
1092 4345 1126 4388 a
1155 4324 1357 4390 divina
1387 4327 1583 4409 gratia
1613 4326 1935 4392 elaborata
1968 4337 2328 4403 noscuntur,

766 4432 840 4486 ut
887 4441 1079 4484 unum
1138 4422 1387 4503 potius,
1442 4442 1626 4504 quam
1675 4424 1800 4488 duo
1848 4425 1974 4489 sint
2020 4427 2286 4491 dicenda
2313 4471 2328 4488 .

767 4525 1040 4600 Utraque
1069 4518 1232 4582 enim
1252 4540 1284 4581 a
1309 4519 1542 4584 teneris
1569 4541 1766 4602 usque
1796 4523 1975 4588 annis
1995 4532 2331 4607 praeventa

769 4615 895 4682 fuit
922 4618 986 4680 in
1029 4616 1570 4681 benedictionibus
1603 4617 1950 4685 dulcedinis
1970 4663 1992 4693 ,
2033 4629 2222 4703 atque
2253 4621 2332 4684 ad

770 4734 1054 4779 summae
1083 4714 1438 4780 sanctitatis
1468 4716 1710 4797 apicem
1741 4716 1986 4781 elevata
2006 4760 2029 4792 ,
2061 4725 2130 4782 et
2158 4725 2327 4783 utra·

769 4834 897 4896 que
944 4812 1169 4877 eodem
1217 4812 1534 4877 charitatis
1574 4813 1715 4897 igne
1760 4827 2064 4880 ‘succensa
2106 4814 2329 4881 divinis

766 4908 1248 4974 charismatibus
1291 4910 1578 4991 apparuit
1616 4910 1857 4994 repleta
1889 4958 1905 4974 .
1948 4912 2112 4986 Quid
2156 4913 2326 4978 enim

766 5007 1017 5070 virtutis
1051 5006 1111 5068 in
1141 5025 1265 5071 una
1291 5006 1825 5090 praeluxiu‘quod
1851 5009 1915 5071 in
1943 5008 2139 5075 altera
2170 5010 2330 5074 desi-

768 5103 972 5166 derari
1003 5104 1240 5184 queat?
1277 5107 1411 5166 Non
1439 5103 1756 5169 humilitas
1785 5106 1977 5171 totius
2006 5106 2333 5170 sanctimo-

766 5199 910 5266 niae
924 5199 1420 5273 mndamontum,
1452 5220 1575 5285 non
1604 5202 1901 5284 patientia
1928 5204 1994 5265 in
2024 5205 2327 5278 adversis,

765 5313 891 5362 non
932 5296 1355 5378 poenitentiae
1383 5296 1596 5380 rigor,
1640 5317 1762 5363 non
1793 5299 2143 5365 altissimae
2185 5321 2329 5368 con-

766 5391 1197 5476 templationis
1224 5411 1472 5468 munus,
1505 5414 1628 5460 non
1657 5396 2019 5480 prophetiae
2049 5398 2329 5481 spiritus,

1952 497 2159 552 ACTA
2199 497 2858 556 cattottnATtoms

2467 664 2591 710 non
2636 645 2933 715 disci-auo
2974 644 3348 727 spirituum,
3389 662 3516 709 aon
3558 642 3857 711 scrutatio
3884 660 4026 709 cor·

2461 741 2677 814 dium,
2721 761 2843 805 non
2876 740 3316 806 miraculorum
3362 738 3736 805 multitudm
3780 741 4022 805 Ambae

2459 837 2705 921 aequali
2751 845 2921 903 sorte
2946 840 3026 902 ab
3057 840 3277 903 eodem
3323 845 3559 921 Sponso
3599 845 3749 902 Iesu
3781 842 4022 905 Corona

2459 938 2780 1021 Virginum
2804 981 2825 1010 ,
2868 936 3149 1019 pronuba
3178 936 3309 1019 ipsa
3340 936 3602 1018 Deipara
3641 934 4028 1017 pretiosissi-

2461 1053 2563 1098 mo
2592 1034 2846 1099 caelesti
2893 1032 3126 1100 annulo
3155 1035 3576 1117 desponsatae
3603 1075 3623 1105 ‚
3671 1033 3897 1096 ambae
3926 1052 4025 1096 sa-

2457 1130 2583 1194 cris
2612 1131 3020 1214 Stigmatibus
3059 1132 3391 1214 insignitae
3419 1152 3492 1197 ac
3521 1130 3740 1213 spineo
3767 1124 4023 1193 redimi-

2457 1234 2560 1292 tae
2589 1228 2969 1302 diademate,
2999 1232 3074 1293 ur
3097 1228 3276 1292 vivae
3304 1235 3516 1295 essent
3538 1227 3755 1310 sponsi
3783 1218 4022 1309 patienz·

2455 1324 2537 1388 tis
2564 1324 2893 1409 imagines,
2925 1335 2989 1391 et
3015 1347 3159 1390 cum
3189 1323 3490 1407 Apostolo
3508 1325 3715 1389 dicere
3737 1332 4018 1409 possent:

2453 1422 2704 1487 christo
2728 1423 2970 1487 confixa
2995 1444 3134 1487 sum
3172 1423 3350 1488 Cruci
3380 1429 3444 1488 et
3473 1422 3778 1506 Stigmata
3804 1421 4023 1485 Domi·

2453 1519 2513 1580 ni
2545 1508 2697 1584 'Jesu
2723 1520 2786 1583 in
2815 1540 3078 1602 corpore
3108 1540 3251 1584 meo
3281 1531 3480 1602 porto.
3512 1526 3583 1583 In
3621 1518 3740 1585 hoc
3770 1527 4015 1585 tautum

2456 1615 2709 1682 differre
2766 1618 3059 1682 videntur
3088 1661 3109 1691 ,
3168 1618 3336 1701 quod
3395 1617 3689 1684 Senensis
3746 1623 4018 1682 aetatem

2454 1715 2671 1795 sponsi
2697 1723 2938 1781 tantum
2970 1716 3354 1797 aequaveritz
3386 1714 3702 1780 Pratensis
3722 1735 3873 1779 vero
3901 1714 4018 1779 du·

2452 1810 2699 1891 pliciter
2724 1813 2993 1886 vixerit,
3022 1815 3135 1878 sed
3164 1812 3283 1878 hoc
3309 1813 3374 1875 in
3403 1820 3852 1896 augumentum
3871 1834 4021 1878 me·

2453 1908 2719 1975 ritorum
2750 1910 2941 1975 istius
2964 1911 3179 1983 cessit,
3207 1918 3276 1974 ut
3304 1910 3444 1994 ejus
3472 1909 3673 1974 virtus
3712 1916 4012 1992 tanquam

2451 2026 2672 2070 aurum
2703 2007 3043 2073 infernam
3072 2009 3175 2071 diu
3206 2010 3598 2090 probaretur,
3627 2014 3694 2071 et
3723 2007 4013 2091 ejusdem

2451 2105 2755 2169 Sanctitas
2782 2106 2948 2171 inter
2975 2107 3228 2171 morbos
3246 2114 3308 2170 et
3329 2104 3713 2169 voluntarias
3733 2104 4019 2187 (arpotis

2451 2198 2894 2267 afflictationes
2911 2212 3042 2267 tam
3063 2202 3247 2286 longe
3278 2210 3626 2285 protractas
3646 2201 3785 2284 plus
3816 2202 4012 2268 nimio

2451 2307 2802 2381 augeretur.
2844 2307 3063 2364 Restat
3085 2300 3337 2383 igitur,
3378 2305 3839 2383 ‚Bssntssmss
3881 2305 4014 2363 PA-

2450 2401 2602 2458 TER
2626 2438 2648 2468 ,
2691 2404 2761 2460 ut
2790 2398 2948 2462 sicut
2989 2397 3311 2461 Catharina
3340 2395 3631 2461 Senensis
3671 2396 4011 2460 canoniza-

2450 2492 2638 2557 tionis
2664 2493 2900 2557 honore
2935 2496 3225 2559 decorata
3257 2493 3370 2556 t'uit
3397 2535 3417 2564 ,
3459 2492 3545 2556 ita
3575 2499 3639 2556 et
3671 2490 3873 2556 altera
3902 2497 4015 2557 ca·

2450 2588 2690 2655 tharina
2722 2591 2802 2656 de
2830 2592 3051 2656 Ricciis
3083 2588 3435 2656 Florentina
3466 2570 3777 2653 aratensis
3796 2608 3831 2652 a
3863 2595 4016 2652 San·

2449 2687 2664 2751 etitate
2710 2695 2929 2753 vestra
2956 2688 3021 2751 iu
3060 2687 3291 2753 Album
3333 2686 3723 2752 describatur
3760 2691 4016 2750 Sancto-¹

2449 2801 2620 2856 rum,
2653 2788 2722 2845 ut
2748 2780 2865 2848 hoc
2889 2783 3050 2848 lucis
3079 2790 3217 2848 orto
3243 2783 3467 2868 sydere
3497 2782 3698 2866 magis
3729 2781 4011 2863 resplen-

2448 2879 2589 2944 deat
2611 2879 2908 2949 catholica
2932 2881 3234 2953 Ecclesia,
3264 2888 3327 2943 et
3355 2877 4015 2956 sacratissimus,l’rae·

2447 2975 2792 3041 dicatorum
2824 2977 2990 3041 Ordo
3022 2976 3396 3042 mirabiliter
3416 2975 3790 3040 illustretur.

2530 3170 2696 3233 LEO
2720 3173 2980 3235 LUGAS
3019 3173 3157 3232 Vim
3192 3174 3530 3249 Episcopus
3559 3169 3924 3246 oppidanis

3067 3272 3376 3332 Assiatsns.
3949 3291 4004 3330 ...-

2568 3464 3026 3524 BEA’rlssmss
3056 3461 3522 3530 PATEffl'Inter
3538 3465 3744 3523 cetera
3766 3458 4008 3539 praeci·

2442 3577 2562 3639 pua
2614 3557 2771 3622 dona
2793 3602 2812 3631 ,
2858 3558 3088 3641 quibus
3140 3558 3500 3622 Altissimus
3545 3554 3884 3644 cumulavit
3931 3549 4003 3619 Β.

2443 3654 2827 3719 catharinam
2857 3655 2939 3719 de
2977 3655 3241 3729 Ricciis,
3286 3654 3444 3718 illud
3479 3653 3818 3717 memoriae
3863 3672 4006 3737 pro-

2445 3749 2644 3811 ditum
2677 3760 2817 3823 est,
2848 3752 3018 3832 quod
3045 3752 3561 3818 cum'ferventius
3587 3759 3832 3823 oraret,
3869 3750 4009 3812 Dei-

2444 3864 2590 3927 para
2609 3845 2804 3928 Virgo
2826 3866 2894 3910 se
2913 3843 3416 3928 conspiciendam
3436 3846 3818 3929 praebuerit,
3849 3852 4012 3914 Pue-

2446 3961 2581 4003 rum
2604 3947 2819 4005 Jesum
2845 3941 2909 4004 in
2939 3942 3079 4027 ejus
3105 3943 3245 4008 sinu
3265 3943 3701 4008 amantissime
3728 3941 4005 4008 colloca·

2441 4036 2626 4112 verit,
2657 4047 2721 4101 et
2749 4038 2832 4103 ab
2862 4038 3001 4121 ipso
3022 4040 3436 4124 Redemptore
3468 4038 3697 4103 annulo
3728 4059 3842 4103 suo
3872 4039 4006 4103 fue-

2442 4133 2528 4196 rit
2554 4134 2968 4215 desponsata,
3013 4138 3181 4219 quod
3226 4137 3452 4201 sufficit
3476 4135 3554 4199 ad
3595 4136 3734 4220 ejus
3778 4133 4009 4199 solem·

2443 4251 2584 4295 nem
2607 4233 3173 4299 canonizationem.
3205 4240 3355 4298 Cum
3385 4233 3551 4299 enim
3583 4234 4006 4321 desponsave⁹

2442 4330 2525 4392 rit
2567 4348 2704 4394 eam
2752 4330 3033 4396 Christus
3077 4332 3372 4416 Dominus
3392 4374 3412 4403 ,
3459 4333 3652 4394 etiam
3702 4349 4001 4395 coronam

2443 4426 2674 4510 gloriae
2722 4429 2957 4509 recepit
2986 4431 3066 4492 ab
3111 4415 3431 4511 eo,'qnae
3474 4449 3614 4493 cum
3660 4428 3743 4492 sit
3769 4447 4003 4493 corona

2434 4521 2722 4605 justitiae
2744 4565 2765 4597 ,
2795 4544 3058 4590 necesse
3088 4535 3229 4599 est,
3269 4533 3338 4589 ut
3367 4527 3612 4594 bonum
3635 4544 3792 4607 opus
3822 4543 4003 4606 prae-

2438 4619 2725 4693 cesserit,
2756 4630 2822 4683 et
2852 4621 3018 4703 quod
3036 4621 3228 4687 fuerit
3255 4643 3333 4687 ex
3362 4622 3640 4704 quinque
3674 4619 4001 4704 prudenti-

2443 4716 2561 4780 bus
2603 4717 3002 4801 Virginibus.
3045 4739 3206 4802 quae
3247 4723 3648 4802 sumpserunt
3691 4737 3904 4782 secum
3936 4736 4004 4780 o-

2442 4812 2609 4878 leum
2628 4834 2771 4879 cum
2800 4814 3213 4896 lampadibus.
3243 4816 3566 4898 Equidem⁴
3586 4816 3821 4880 bonum
3845 4831 4001 4893 opus

2442 4919 2697 4992 operata
2737 4922 2837 4977 est
2876 4918 2945 4976 B.
2991 4912 3316 4978 catharina
3355 4914 3437 4977 de
3481 4913 3711 4977 Ricciis
3736 4954 3758 4984 ,
3813 4910 4004 4975 virtu·

2441 5016 2571 5070 tum
2602 5008 2881 5073 omnium
2915 5052 2936 5083 ,
2979 5007 3220 5074 scilicet
3248 5008 3778 5093 profundissimae
3805 5006 4000 5071 humi·

2444 5105 2672 5178 litatis,
2715 5104 3029 5170 charitatis
3059 5108 3324 5172 eximiae
3353 5149 3373 5180 ,
3419 5106 3822 5170 obedientiae
3852 5103 4002 5169 alia-

2441 5222 2706 5285 rumque
2726 5245 2746 5275 ,
2789 5204 3126 5286 praecipue
3155 5224 3308 5270 vero
3336 5203 3650 5288 virginalis
3678 5201 4001 5286 integrita-

2441 5301 2565 5372 tis,
2596 5318 2718 5381 qna
2745 5297 2936 5365 fldem
2967 5307 3205 5382 sponso
3233 5300 3311 5364 ad
3342 5307 3612 5364 mortem
3644 5318 3844 5381 usque
3870 5296 3996 5360 illi·

2441 5397 2653 5462 batam
2680 5397 2973 5464 servavit.
2999 5404 3146 5464 cum
3180 5397 3368 5483 igitur
3395 5398 3675 5463 christus
3700 5396 3997 5464 omninno
