4442 6300
1480 532 1826 600 Qquur.
1871 530 2332 587 sancromzm
2369 535 2530 585 tre..

3366 531 3468 581 ³11

420 692 709 742 manum
737 681 1075 741 voluntatis
1116 692 1262 739 suas
1317 681 1670 755 mysterium
1724 683 1985 752 pandere
2109 688 2165 741 et
2192 674 2452 754 qratiam
2479 651 2744 755 Spiritus
2771 681 2968 738 sancti
3023 679 3476 751 implorandam
3530 694 3652 736 ssss

406 782 548 835 non'
575 778 945 851 dedignetur.
982 776 989 785 ”

554 951 779 1014 Audita
806 951 1216 1034 responsione
1241 993 1262 1023 ,
1293 948 1644 1014 cardinalis
1670 958 1990 1015 Portocar-

2105 787 2306 837 censet
2333 796 2404 839 ac
2429 778 2742 852 praecipit
2761 776 3190 836 Seuerissimus
3219 774 3453 844 Pater,
3486 785 3555 833 ut
3585 776 3655 834 il-

2100 876 2155 932 te
2194 876 2534 934 Paraclitas
2566 876 2898 959 cattio-lime
2933 873 3242 932 Ecclesiae
3304 871 3662 946 Sanctifica-

2107 978 2207 1029 tor
2236 981 2289 1030 et
2321 973 2529 1031 Custos
2560 971 2856 1043 Spiritus,
2886 970 3131 1028 veniens
3161 970 3458 1036 coelitus,
3493 974 3660 1029 emit·

420 1069 564 1114 rero
591 1070 732 1113 cum
764 1049 1096 1113 salutasset
1126 1047 1507 1122 Pontificem,
1539 1050 1732 1111 rediit
1763 1047 1984 1110 iisdem
2101 1075 2192 1126 ως
2241 1070 2395 1126 luci,
2435 1084 2578 1126 ma„
2626 1068 2866 1126 mag-„m
2889 1107 2909 1136 ‚
2939 1075 3118 1140 „tque
3147 1067 3219 1123 f„
3280 1073 3451 1123 mmo
3497 1068 3664 1142 judi.

425 1147 868 1211 comitantibus
898 1146 973 1208 ad
1034 1145 1284 1217 locum,
1344 1144 1509 1207 unde
1567 1145 1984 1218 discesserat,
2098 1165 2192 1223 σεο
2232 1169 2442 1226 doceat
2468 1178 2698 1225 omnem
2726 1164 3063 1224 „en-mum,

422 1242 590 1305 inter
617 1238 1171 1307 alios-Cardinales
1195 1241 1288 1303 sui
1318 1241 1611 1315 Ordinis;
1664 1248 1819 1323 Papa
1879 1259 1987 1303 ve·

414 1359 501 1404 »ro
531 1339 757 1404 relicta
777 1338 1077 1402 eminenti
1108 1340 1301 1408 sede,
1358 1357 1482 1401 non
1539 1347 1750 1402 autem
1806 1336 1987 1401 Mitra

2227 1352 2604 1437 Regreditu'r
2630 1373 2779 1435 ergo
2809 1350 3196 1426 Cardinalis,
3252 1350 3486 1415 comite
3542 1352 3663 1415 Ad·

424 1456 613 1517 qmm
644 1454 898 1515 Sempffi’
924 1435 1222 1506 Γθῑῖὓῦἱῑν
1253 1435 1424 1496 ”¹¹3¹
1455 1434 1532 1498 ”d
1566 1432 1987 1498 fflffissffl'ium
2098 1460 2322 1516 vocato
2353 1450 3020 1530 caeremoniarumque
3049 1447 3348 1530 Magistro
3376 1448 3662 1525 ductore,

423 1531 491 1594 in
516 1533 723 1615 ipsam
776 1530 922 1594 Solii
981 1553 1191 1594 aream
1253 1550 1289 1595 a
1331 1531 1594 1596 clericis
1650 1530 1987 1612 cappellae

422 1633 570 1689 tunc
602 1626 874 1691 delatum
898 1656 925 1700 ,·
950 1635 1014 1692 et
1049 1648 1247 1709 super
1274 1626 1434 1691 illud
1469 1628 1837 1711 procubuit,
1888 1646 1989 1691 ce·

425 1724 584 1789 teris
615 1744 865 1806 quoque
906 1725 967 1787 in
998 1725 1130 1790 suis
1184 1724 1348 1790 loeis
1403 1725 1988 1809 genuflectentibus.

428 1826 582 1884 Tum
612 1820 739 1883 duo
767 1825 1064 1886 cantores
1091 1820 1399 1886 babentes
1430 1830 1571 1883 ante
1634 1842 1703 1885 se
1732 1821 1993 1885 Litania·

427 1934 567 1980 rum
599 1915 828 1981 librum
855 1917 1127 1999 positum
1162 1937 1352 2001 super
1406 1917 1687 2001 ligneum
1751 1914 1994 1981 scabel-

424 2011 563 2075 lum
594 2013 659 2074 in
689 2011 936 2076 Theatri
963 2032 1150 2076 cavea
1181 2013 1256 2077 ad
1284 2032 1477 2076 cornu
1542 2012 1860 2093 Epistolae
1892 2010 1997 2075 At-

427 2110 579 2175 taris
598 2153 620 2184 ,
645 2109 731 2173 ita
759 2111 1068 2192 genuflexi
1125 2119 1195 2173 ut
1220 2130 1411 2174 cornu
1474 2109 1791 2192 Evangelii
1854 2129 1992 2190 pro-

436 2206 790 2288 spicerent,
818 2207 1090 2271 Litanias
1136 2212 1499 2271 Sanctorum
1558 2206 1842 2270 cecinere
1901 2226 1999 2269 us·

432 2322 554 2386 qne
582 2303 661 2367 ad
690 2303 985 2368 ultimum
1016 2303 1399 2366 versiculum
1434 2307 1631 2380 Agnus
1660 2306 1774 2364 Dei
1800 2301 1997 2366 inclu-

434 2401 605 2468 δῖνοι
638 2400 840 2463 cboro
885 2398 1138 2465 alternis
1189 2398 1630 2483 respondente.
1683 2398 1994 2463 Omnibus

429 2506 574 2580 post
602 2495 1287 2581 Litaniassurgentibus
1319 2503 1385 2559 D.
1414 2495 1756 2560 cardinalis
1788 2501 2000 2558 Porto·

430 2613 684 2659 carrero
713 2592 938 2657 eodem
970 2615 1040 2659 ac
1073 2596 1247 2677 prius
1277 2594 1400 2657 ritu
1420 2602 1481 2658 et
1511 2594 1811 2657 comitatu
1850 2600 1996 2657 ante

428 2689 711 2753 infimum
741 2691 891 2755 Solii
923 2692 1180 2776 gradum
1213 2694 1441 2755 iterum
1478 2690 1822 2765 deductus,
1884 2709 1997 2772 pro

431 2787 911 2851 canonizatione
967 2787 1303 2852 instantius
1362 2788 1601 2851 oravit:
1678 2786 1997 2850 Advocato

430 2882 571 2963 ejus
600 2883 852 2946 nomine
882 2884 1279 2948 sanctitatem
1314 2887 1497 2945 Suam
1516 2883 1578 2943 in
1606 2881 1869 2945 Sublimi
1890 2885 1998 2945 ca-

434 2979 652 3045 tbedra
675 2980 809 3067 jam
845 2983 1172 3046 sedentem
1200 2981 1287 3043 ita
1317 2978 1759 3061 compellante.

830 3166 1294 3228 BBA‘rtssutE
1320 3165 1589 3225 PATER.

561 3343 1122 3404 Reverendissimus
1176 3344 1250 3403 D.
1313 3342 1667 3405 cardinalis
1719 3338 2006 3398 Joachim

441 3438 862 3504 Portocarrero
893 3445 996 3503 nic
1022 3458 1310 3518 praesens
1336 3444 1643 3501 instanter
1674 3446 1731 3497 et
1762 3439 2000 3496 instan-

434 3540 555 3597 tius
573 3541 735 3611 petit
765 3556 879 3612 per
926 3540 1320 3600 sanctitatem
1387 3540 1651 3599 Vestram
1715 3536 2005 3608 Catalaao

434 3634 793 3695 Sanctorum
824 3637 1070 3696 Domini
1100 3638 1309 3696 Nostri
1334 3635 1477 3694 Jesa
1508 3633 1735 3695 Christi
1779 3633 2008 3690 adscri-

444 3733 507 3791 bi
526 3772 546 3802 ,
573 3740 632 3791 st
661 3741 949 3808 tanquam
983 3735 1233 3816 Sanctae
1263 3736 1339 3796 ab
1387 3733 1666 3791 omnibus
1714 3729 2005 3803 christifi-

438 3830 669 3888 delibus
691 3832 1093 3903 pronunciari
1117 3832 1485 3890 venerandos
1504 3867 1524 3896 ,
1554 3829 1795 3885 beatum
1832 3827 2007 3883 Fide-

441 3926 558 3984 lem
588 3942 626 3985 a
662 3926 1051 4002 Siqmdrinpa
1083 3926 1333 3988 Ordinis
1366 3926 1674 3986 Minoram
1715 3923 1777 3981 S.
1814 3923 2005 3982 Fran-

439 4024 589 4082 cisci
624 4024 1136 4095 capuccinorum,
1157 4027 1394 4083 beatam
1418 4023 1743 4081 Camillum
1777 4023 1845 4077 de
1871 4020 2004 4079 Lel-

437 4120 513 4178 lis
549 4121 921 4183 Clericoram
954 4123 1338 4198 Reynlarium
1371 4120 1858 4178 Ministrantium
1897 4116 2005 4174 In-

437 4219 621 4293 fimis
654 4219 1102 4284 Fundatorem,
1145 4222 1385 4278 beatum
1446 4216 1687 4274 Petrum
1749 4214 2006 4288 Regala-

438 4321 564 4372 tam
585 4319 845 4390 ejusdem
882 4314 1132 4379 Ordinis
1159 4316 1470 4375 Minoi-um
1495 4316 1561 4372 de
1586 4309 2004 4383 observantia,

444 4412 684 4471 beatam
706 4413 1034 4488 Iosephum
1064 4431 1105 4474 a
1135 4415 1422 4472 Leonissa
1450 4411 1739 4469 recensiti
1750 4407 2006 4468 'Ordinis

442 4509 748 4571 Minoi-nm
781 4511 1299 4586 capuccinorum,
1330 4517 1385 4570 et
1417 4510 1654 4567 beatam
1722 4506 2008 4566 Carnari-

438 4621 585 4668 nam
615 4611 684 4667 de
719 4610 946 4668 Ricciis
981 4608 1225 4670 Ordinis
1256 4606 1317 4667 S.
1351 4605 1678 4691 Dominici.

567 4799 725 4865 Huic
754 4801 903 4864 item
937 4799 1266 4866 instantiae
1296 4794 1586 4859 laudatus
1631 4792 1800 4860 idem
1865 4798 2005 4856 Bre-

439 4893 607 4957 vium
638 4898 716 4960 ad
748 4900 1061 4982 Principes
1087 4919 1125 4962 a
1155 4893 1426 4961 secretis
1485 4909 1854 4974 responsum
1891 4892 2002 4954 de·

442 4989 538 5053 dit
563 4991 660 5057 bis
687 4996 951 5082 verbis.-

689 5162 794 5220 Ab
821 5160 1228 5223 SECUNDAH
1256 5157 1745 5254 maurinam.

580 5339 713 5410 Quo
743 5342 1075 5401 instantius
1096 5340 1368 5413 petitur,
1419 5351 1488 5393 eo
1521 5335 1851 5410 ferventius
1905 5333 2006 5394 ob-

437 5437 879 5495 secretionibus
907 5438 1026 5497 insi
1041 5438 1311 5496 stendam
1343 5474 1362 5503 ,
1392 5439 1572 5508 atque
1604 5445 1769 5504 opem
1822 5432 2004 5490 etiam

2101 1547 2180 1613 ad
2210 1569 2390 1612 suum
2411 1546 2741 1628 pristinum
2764 1543 2993 1608 locum.
3026 1549 3183 1624 Papa
3212 1562 3364 1607 vero
3401 1565 3662 1628 surgens

2114 1644 2441 1710 descendit
2468 1644 2547 1708 ad
2575 1640 2995 1706 faldistorium
3031 1663 3065 1705 a
3122 1638 3276 1701 Solii
3337 1659 3488 1703 area
3546 1660 3666 1705 non

2106 1750 2462 1817 remotum3
2493 1741 2767 1819 Diacono
2795 1736 3098 1801 Cardinali
3132 1738 3211 1800 de
3249 1738 3545 1811 Marinis,
3566 1740 3671 1820 qui

2102 1841 2179 1904 ad
2213 1838 2570 1906 sanctitatis
2599 1844 2753 1901 Suae
2784 1836 3109 1898 dexteram
3135 1836 3513 1906 assistebat,
3542 1858 3674 1898 om·

2105 1958 2215 2003 nes
2260 1944 2548 2001 monente
2578 1932 2703 1999 alta
2733 1953 2886 1996 voce
2907 1975 2926 2002 ‚
2956 1937 3028 1996 ut
3059 1938 3311 1994 orarent
3337 1976 3355 2003 ,
3390 1931 3506 1996 boe
3539 1941 3669 1996 tan·

2104 2044 2239 2098 tum
2269 2037 2467 2100 verbo
2493 2032 2777 2118 prolato:
2817 2032 3001 2094 Orate
3032 2053 3056 2102 ,-
3090 2029 3531 2093 sanctissimus
3563 2036 3672 2094 Pa·

2102 2141 2205 2199 ter
2227 2177 2248 2207 ,
2278 2131 2599 2212 ceterique
2632 2146 2853 2192 omnes
2884 2125 3190 2208 depositis
3216 2125 3423 2190 Mitris
3444 2169 3464 2199 ,
3526 2128 3670 2189 sub·

2110 2229 2441 2311 missisque
2484 2226 2751 2311 genibus
2810 2231 3369 2306 perseveraverunt
3425 2230 3672 2288 orantes

2107 2318 2401 2398 silentio,
2434 2325 2633 2387 donec
2664 2320 2826 2385 alter
2855 2320 3166 2383 Diaconus
3197 2316 3541 2382 cardinalis
3590 2326 3669 2382 A·

2112 2426 2417 2501 lexander
2449 2421 2724 2483 Albanus
2756 2416 3072 2480 Assistens
3105 2437 3138 2480 a
3171 2416 3482 2488 sinistris,
3523 2436 3669 2480 cun·

2109 2532 2353 2587 ctorum
2383 2518 2616 2603 primus
2648 2522 2815 2579 stans
2845 2513 3015 2576 clara
3050 2514 3278 2595 pariter
3308 2524 3370 2576 et
3416 2511 3538 2576 alta
3571 2534 3677 2576 vo·

2114 2639 2187 2682 ce
2217 2617 2419 2683 dixit:
2477 2619 2730 2677 Levana
2794 2630 2921 2692 qno
2977 2609 3195 2673 audito
3252 2615 3661 2673 surrexerunt

2113 2734 2333 2779 omnes
2352 2739 2372 2785 ς
2394 2720 2468 2777 et
2493 2710 2798 2774 Sanctitas
2828 2711 2950 2768 Sua
2977 2704 3217 2767 ibidem
3271 2704 3621 2768 subsistens
3646 2749 3666 2777 ,

2114 2808 2608 2875 ministrantibus
2633 2801 2956 2870 candelam
2989 2810 3056 2866 et
3076 2801 3317 2865 librum
3347 2801 3676 2885 Episcopis

2113 2906 2565 2972 Assistentibus
2587 2946 2608 2976 ,
2638 2919 3020 2980 manumque
3052 2898 3130 2962 ad
3188 2920 3332 2963 eum
3371 2900 3676 2963 suatinen-

2114 3005 2260 3068 dum
2290 3004 2657 3066 admovente
2688 2994 2994 3061 cardinali
3029 2993 3245 3059 carafa
3270 3038 3291 3070 ,
3324 2996 3675 3078 praecinuit

2110 3106 2422 3186 Hymnum
2452 3123 2468 3160 ι
2509 3099 2661 3160 Veni
2689 3081 2937 3158 Creator
2967 3096 3283 3170 Spiritum·
3321 3111 3502 3175 quem
3552 3100 3676 3158 sta·

2112 3199 2218 3262 tim
2251 3194 2613 3281 prosequuti
2644 3201 2785 3257 sunt
2816 3189 3152 3274 cappellae
3183 3195 3500 3255 cantores.
3531 3196 3676 3255 San·

2117 3295 2436 3358 ctissimus
2497 3298 2700 3355 autem
2735 3294 3063 3370 postquam
3095 3285 3160 3349 in
3188 3307 3388 3369 genua
3445 3305 3667 3369 provo·

2118 3393 2287 3455 lutus
2312 3408 2434 3453 una
2462 3406 2605 3452 cum
2639 3384 2779 3447 aliis
2810 3390 3239 3464 expectasset,
3272 3382 3418 3444 dum
3470 3381 3674 3445 absol·

2112 3491 2589 3553 vereturcantus
2612 3481 2797 3544 trium
2823 3479 3335 3560 subsequentium
3356 3497 3673 3551 versuum,

2112 3585 2294 3652 nitra
2325 3579 2652 3645 redimitus
2682 3575 3002 3642 adscendit
3032 3575 3109 3637 ad
3141 3576 3381 3647 sedem,
3403 3574 3509 3636 ubi
3531 3593 3670 3637 eam

2114 3685 2339 3746 iterum
2361 3680 2683 3761 deponens
2703 3674 2914 3739 stetit:
2938 3671 3266 3754 completo
3285 3677 3528 3757 Hymno
3547 3670 3673 3734 duo

2115 3785 2414 3844 cantores
2442 3775 2723 3839 cecinere
2752 3791 2810 3833 v.
2847 3773 3067 3832 Emitte
3096 3774 3385 3847 Spiritum
3413 3781 3583 3830 taum
3617 3777 3674 3829 et

2116 3882 2518 3945 creabuntur,
2549 3865 3070 3951 respondentibus
3101 3865 3245 3930 aliis
3269 3891 3287 3925 ε
3323 3870 3398 3926 Et
3424 3883 3675 3927 renova·

2116 3979 2205 4036 bis
2239 3978 2454 4051 faciem
2484 3980 2699 4029 terrae.
2759 3963 3016 4027 Interim
3076 3964 3237 4026 viam
3291 3968 3674 4027 monstrante

2115 4065 2659 4135 eaeremoniario,
2691 4066 3012 4125 cerostata
3040 4081 3121 4123 ex
3162 4062 3358 4125 abaco
3414 4067 3668 4142 accepta

2116 4185 2254 4228 cum
2288 4160 2564 4226 candelis
2592 4155 2870 4222 accensis
2896 4152 3221 4237 portarunt
3239 4154 3524 4239 Acolytbi
3550 4155 3674 4219 duo

2115 4263 2473 4346 signaturae
2501 4263 2800 4320 volantes
2843 4263 2987 4318 ante
3053 4251 3200 4315 Solii
3261 4252 3525 4334 gradus,
3582 4251 3671 4314 ibi

2114 4359 2536 4426 consistentes
2567 4373 2766 4433 usque
2794 4351 2876 4416 ad
2905 4351 3089 4413 tinem
3122 4350 3458 4420 Orationis,
3488 4368 3670 4430 quam

2113 4457 2288 4521 illico
2317 4461 2480 4534 Papa
2510 4450 2737 4515 cecinit
2766 4467 2843 4512 ex
2872 4447 3038 4510 libro
3070 4446 3193 4510 sibi
3223 4453 3292 4508 ut
3348 4466 3530 4530 supra
3586 4443 3673 4507 di·

2115 4561 2285 4620 ctum
2315 4556 2414 4614 est
2439 4592 2460 4624 ,
2490 4545 2705 4613 allato.

2692 4837 3122 4900 OREMUS.

2243 5039 2403 5098 Dens
2425 5073 2446 5105 ,
2480 5036 2589 5110 qui
2612 5037 2802 5094 eorda
2832 5032 3132 5092 Fidelium
3159 5029 3373 5090 Sancti
3411 5028 3672 5103 Spiritus

2113 5135 2516 5197 illustratione
2551 5133 2853 5190 docuisti:
2887 5134 2967 5188 da
2992 5131 3167 5209 nobis
3195 5130 3263 5185 in
3295 5130 3500 5188 eodem
3533 5126 3671 5199 Spi-

2115 5235 2237 5293 ritu
2262 5239 2430 5291 recta
2454 5245 2663 5302 sapere
2688 5269 2708 5299 ,
2739 5235 2797 5286 et
2847 5231 2918 5286 de
2949 5230 3080 5301 ejus
3108 5239 3337 5298 semper
3396 5225 3671 5282 consola-

2115 5332 2277 5389 tione
2308 5329 2586 5404 9audere.
2640 5325 2760 5384 Per
2821 5320 3123 5384 Christum
3187 5322 3513 5381 Dominum
3565 5335 3676 5379 no·

2113 5436 2304 5489 stram
2336 5442 2396 5485 e.
2418 5424 2620 5484 Amen.
