4442 6300
868 507 983 563 208
1846 513 2047 567 ACTA

691 659 807 722 stri
836 658 1265 727 Auditoribus.
1301 664 1501 721 Locus
1529 657 1695 720 euim
1730 657 1849 722 iste
1880 659 2131 742 antiq-a
2160 667 2261 724 est

592 812 596 817 ,
688 756 1018 837 Religione
1055 754 1557 829 celeberrituus3
1589 754 1682 816 ibi
1718 755 2021 840 primum,
2050 763 2118 819 ut
2140 755 2263 820 fet·-

687 859 831 926 tur-‚
860 852 1133 935 hospitio
1174 860 1478 935 exceptus
1504 862 1598 918 est
1632 852 1969 936 Apostolus
1991 896 2013 928 ‚
2041 863 2105 918 et
2134 858 2262 918 Ma·

691 951 887 1036 gister
917 951 1210 1016 Gentium
1255 949 1526 1024 Paulus,
1571 950 1676 1032 qui
1716 959 1780 1012 nt
1815 956 1963 1016 Acta
2007 958 2268 1033 Aposto-

688 1049 898 1113 lorum
946 1055 1297 1121 testantur,
1342 1046 1438 1132 (a)
1478 1053 1701 1111 ,mansit
1729 1055 1971 1111 biennio
2022 1060 2152 1112 toto
2200 1057 2268 1113 {a

691 1166 800 1210 suo
830 1155 1152 1221 conducto,
1181 1159 1238 1210 ot
1267 1152 1629 1222 suscipiebat
1660 1165 1903 1218 omnes,
1933 1152 2042 1226 qui
2066 1153 2262 1225 inpre-

690 1251 1014 1309 diebamur
1043 1252 1123 1311 ad
1150 1264 1282 1306 cum
1305 1289 1325 1318 ,
1358 1248 1721 1320 praedicans
1752 1247 2019 1320 Regnum
2046 1248 2179 1317 Dei,
2203 1255 2263 1307 ct

693 1349 913 1407 docens
944 1362 1098 1422 quae
1124 1353 1265 1404 sunt
1291 1347 1361 1405 de
1393 1344 1640 1409 Domino
1670 1345 1819 1403 Jesu
1849 1345 2265 1416 chrisme-ast

691 1450 857 1506 omni
883 1446 1106 1520 fiducia
1132 1445 1261 1503 sins
1288 1444 1721 1517 prohibitione.

817 1539 1042 1613 Quinta
1071 1536 1173 1600 die
1202 1537 1278 1601 ad
1304 1536 1635 1599 Missurum
1664 1532 1969 1603 solemnia
2005 1534 2068 1596 in
2102 1540 2263 1598 Pon·

689 1634 1027 1705 tiiicalibus
1057 1632 1442 1699 celebranda
1470 1631 1861 1697 convenient.
1884 1630 2105 1696 dilecti
2140 1630 2256 1693 filii

690 1736 986 1795 Gamerae
1016 1726 1409 1811 Apostolicae
1455 1726 1685 1791 Clerici
1751 1728 1815 1790 in
1872 1727 2155 1792 Ecclesia
2195 1732 2257 1791 S.

692 1828 858 1892 Petri
884 1828 967 1890 ad
993 1825 1259 1893 Vincula
1288 1845 1401 1887 seu
1433 1824 1643 1888 Titulo
1676 1823 2017 1889 Eudoxias.
2083 1829 2258 1887 Haec

690 1927 857 1988 enim
887 1924 1087 2007 prima
1119 1922 1400 1989 Ecclesia
1444 1942 1587 1986 esse
1620 1919 1933 1995 traditur,
1995 1940 2153 2004 quae
2220 1941 2256 1985 a

692 2022 972 2102 Principe
1001 2020 1442 2104 Apostolorum
1474 2017 1594 2082 tuit
1623 2026 1859 2083 Romae
1908 2017 2253 2082 immortali

691 2125 822 2185 Deo
851 2118 1183 2191 dedicata3
1209 2118 1273 2178 iu
1306 2115 1420 2181 bac
1444 2114 1736 2198 ejusdem
1774 2114 1945 2179 beati
1972 2115 2256 2195 Apostoli

693 2214 865 2282 sacra
895 2214 1155 2278 Vincula
1183 2221 1548 2285 servantur,
1577 2231 1740 2293 quae
1766 2230 2020 2293 semper
2087 2231 2256 2275 sum·

692 2335 799 2379 mo
826 2313 889 2376 in
918 2312 1153 2377 bonore
1195 2330 1270 2373 ac
1324 2310 1727 2374 veneratione
1781 2308 1948 2390 apud
2009 2307 2257 2373 Fideles

693 2429 913 2474 omnes
942 2407 1223 2481 fuerunt,
1253 2405 1559 2488 pluraque
1578 2405 2066 2488 benignissimus
2086 2411 2254 2470 Deus

695 2505 998 2571 miracula
1031 2525 1145 2588 per
1174 2524 1247 2568 ea
1275 2500 1533 2567 efficere
1565 2502 1641 2565 ad
1693 2501 1942 2566 laudem
2004 2511 2067 2566 et
2125 2498 2260 2587 glo-

690 2602 850 2665 riam
883 2603 1055 2666 Servi
1089 2602 1185 2665 sni
1218 2600 1513 2684 dignatus
1555 2606 1670 2663 est.
1702 2598 1806 2683 (b)
1858 2604 2026 2663 Haec
2083 2598 2253 2663 euim

692 2707 837 2766 sunt
868 2698 1087 2764 felices
1114 2697 1211 2759 illi
1258 2717 1455 2762 nexus
1477 2739 1498 2769 ‚
1546 2695 1665 2778 ‚qui
1722 2696 1804 2759 de
1862 2695 2130 2758 manicis
2188 2704 2254 2759 et

691 2798 1104 2881 compedibus
1134 2795 1198 2858 in
1218 2815 1512 2863 coronam
1546 2791 1823 2857 mutandi
1867 2791 2252 2875 Apostolum

691 2897 1127 2979 contingentes
1157 2901 1494 2977 martyrem
1526 2890 1926 2955 reddiderunt
1948 2916 1966 2953 z
2012 2890 2255 2959 Felices

690 3003 973 3066 menae,
994 3013 1154 3074 quae
1190 2990 1433 3054 nudatis
1454 3009 1611 3071 pene
1640 2989 1894 3054 ossibus
1926 2989 2245 3055 inhaeren-

687 3099 786 3157 tes
813 3092 984 3156 vivas
1014 3088 1316 3172 reliquias
1346 3088 1426 3156 de
1458 3085 1782 3170 sanguinis
1839 3085 2066 3152 sudore
2117 3086 2252 3170 jam

689 3192 896 3256 attrita
913 3207 1101 3253 carne
1123 3195 1461 3270 rapuerunt
1484 3209 1500 3244 ε
1534 3184 1761 3248 Felicia
1789 3182 2251 3265 Vincula,quas

689 3307 865 3352 reum
898 3306 1076 3351 suum
1109 3304 1309 3366 usque
1327 3282 1411 3346 ad
1432 3281 1657 3346 Christi
1687 3286 1945 3346 Crucem
1978 3300 2105 3345 non
2127 3289 2251 3344 tam

688 3383 1200 3451 condemnatura,
1224 3393 1409 3461 quam
1440 3384 1883 3441 consecratum
1916 3375 2250 3442 miserunt.

814 3485 999 3544 Sexta
1026 3485 1241 3548 autem
1271 3475 1376 3540 die
1406 3474 1471 3536 in
1524 3472 1807 3537 Ecclesia
1837 3479 1896 3536 S.
1956 3474 2123 3538 Petri
2184 3474 2253 3537 in

690 3581 955 3644 carcere
985 3622 1005 3650 ‚
1033 3597 1162 3658 quo
1181 3618 1204 3649 ‚
1236 3582 1304 3638 ut
1330 3572 1587 3642 ferunt,
1616 3576 1735 3634 BB.
1800 3571 2082 3651 Apostoli
2139 3579 2252 3636 Pe-

689 3681 824 3739 trus
845 3718 864 3746 ,
896 3682 962 3737 et
991 3670 1221 3736 Paulus
1255 3688 1368 3751 per
1399 3667 1613 3750 plures
1672 3685 1919 3729 menses
1976 3668 2255 3732 arctissi-

690 3790 795 3835 ma
818 3768 1109 3836 custodia
1140 3765 1218 3832 ad
1250 3773 1522 3828 mortem
1558 3781 1757 3843 usque
1788 3762 2027 3828 detenti
2063 3770 2209 3827 sunt
2230 3808 2252 3838 ,

691 3886 1036 3947 eorumque
1066 3861 1375 3928 Custodes
1400 3867 1741 3926 Processus
1763 3902 1785 3932 ,
1827 3865 1893 3920 et
1942 3859 2253 3926 uni-unia-

689 3984 805 4030 nus
831 3964 910 4028 ad
952 3961 1141 4026 fidem
1192 3956 1511 4030 conversi,
1560 3954 1774 4020 subito
1829 3974 1909 4019 ex
1967 3956 2254 4037 proxima

685 4071 864 4144 petra
883 4059 1116 4130 ‚Divina
1144 4055 1384 4121 virtute
1416 4052 1587 4118 fonte
1619 4059 1853 4127 custo,
1903 4050 2162 4117 fuerunt
2217 4075 2253 4119 a

684 4166 871 4225 Petro
900 4176 1079 4226 sacro
1110 4153 1429 4238 Baptismo
1456 4150 1701 4225 abluti3
1731 4157 1797 4215 et
1828 4148 1937 4213 ubi
2000 4149 2062 4212 in
2123 4152 2255 4214 vin-

687 4255 849 4320 culis
868 4298 889 4328 ‚
918 4265 985 4320 et
1005 4250 1319 4318 teterrimi
1344 4247 1616 4318 carceris
1646 4246 1950 4314 foeditate
1977 4246 2254 4314 invisen.

686 4351 863 4417 tibus
890 4347 1387 4432 seEvangelium
1420 4345 1533 4410 Dei
1566 4343 1932 4428 praedicare
1956 4386 1978 4418 ,
2024 4343 2251 4410 'curare

684 4448 963 4513 infirmos
984 4490 1005 4521 ,
1033 4464 1247 4512 sanare
1277 4450 1568 4527 aegrotos
1589 4485 1611 4515 ‚
1640 4447 1707 4506 et
1737 4438 1933 4504 multa
1971 4439 2089 4505 alia
2149 4462 2256 4524 pa-

683 4555 854 4612 trare
883 4541 1181 4610 miracula
1210 4560 1330 4605 uon
1359 4539 1705 4605 desierunt.
1730 4538 1920 4604 Missa
1951 4545 2160 4603 autem
2187 4540 2252 4602 in

690 4641 1155 4709 pontificatibus
1185 4639 1246 4700 in
1280 4636 1561 4701 Ecclesia
1591 4635 1893 4720 superiori
1915 4677 1937 4709 ,
1967 4636 2050 4699 ob
2095 4635 2252 4699 inse-

689 4740 879 4805 rioris
905 4737 1255 4823 angustiam
1280 4778 1300 4808 ‚
1347 4734 1737 4799 adstantibus
1793 4730 2047 4796 dilectis
2100 4730 2252 4798 liliis

691 4835 1158 4902 Referendariis
1209 4831 1577 4896 volantibus
1632 4830 1994 4910 Signaturae
2052 4829 2245 4894 ‹lusti-

692 4936 817 5000 tiae
837 4977 859 5007 ‚
885 4931 1333 4998 celebrabitur.

811 5033 1081 5113 Septima
1110 5028 1211 5090 die
1240 5027 1429 5091 Missa
1457 5026 1521 5087 in
1548 5022 2014 5094 Pontificalibus
2039 5067 2063 5097 ‚
2092 5026 2252 5092 assi«

2113 513 2454 568 nanuum
2466 513 2772 569 &1¹10le
2867 536 2882 549 =

2378 660 2468 723 tri
2491 659 2552 721 in
2579 664 2788 724 Monte
2816 664 3026 723 Aureo
3046 701 3068 733 ‚
3099 658 3252 735 ubi,
3309 668 3374 724 ut
3399 650 3402 655 ’
3431 661 3528 743 pia
3588 662 3932 729 traditione

2379 756 2581 827 fertur
2600 798 2621 828 ‚
2651 757 2874 823 beatus
2903 755 3243 838 Apostolus
3266 766 3490 825 Petrus
3515 761 3692 822 Cruci
3720 760 3944 826 affixus

2380 854 2681 940 martyrio
2709 862 3043 947 coronatus
3072 863 3172 923 est
3199 857 3401 938 capite
3429 856 3507 920 ad
3535 863 3761 920 terram
3795 876 3932 921 ver·

2379 973 2490 1022 so.
2520 961 2581 1016 et
2615 953 2678 1012 in
2712 952 2986 1021 sublime
3015 952 3281 1032 pedibus
3309 955 3598 1023 elevatis,
3628 972 3940 1027 asserens,

2377 1070 2448 1114 se
2477 1049 2790 1132 indignum
2811 1092 2832 1121 ‚
2862 1050 3030 1131 quod
3060 1050 3148 1115 sic
3178 1051 3651 1135 crucifigeretur
3675 1095 3693 1120 ,
3728 1058 3790 1113 ut
3825 1058 3938 1113 Do-
3971 1102 3975 1106 Α

2377 1147 2588 1211 minus
2611 1168 2805 1222 suus;
2837 1148 2948 1210 se'd
2980 1148 3064 1210 ita
3090 1169 3128 1212 e
3155 1154 3321 1211 terra
3345 1150 3599 1212 Caelum
3624 1192 3643 1216 ,
3668 1170 3793 1230 quo
3815 1150 3940 1212 iter

2383 1245 2640 1326 parabat
2663 1287 2684 1317 ‚
2715 1244 3064 1326 suspiciens
3085 1288 3107 1319 ‚
3141 1246 3543 1310 admirandae
3567 1238 3936 1310 humilitatis

2376 1343 2671 1405 virtutem
2702 1386 2722 1415 ,
2754 1343 3025 1424 novique
3078 1343 3356 1428 mysterii
3421 1343 3813 1424 disciplinam
3873 1348 3938 1407 et

2375 1438 2543 1501 inter
2570 1446 2873 1503 tormenta
2906 1439 3191 1503 servavit.
3265 1464 3276 1473 ⁴

2425 1578 2434 1587 -
2501 1540 2763 1599 Demum
2799 1543 3015 1599 octava
3047 1536 3147 1601 die
3181 1536 3402 1601 festiva
3447 1543 3565 1600 Bll.
3601 1532 3808 1611 Petri,
3867 1547 3932 1619 et

2372 1629 2544 1695 Pauli
2576 1631 3019 1713 Apostolorum
3055 1632 3806 1716 Principumsolemnitas
3862 1632 3928 1696 in

2370 1735 2580 1792 sancta
2623 1728 3017 1793 Lateranensi
3076 1728 3348 1794 Basilica
3399 1727 3777 1801 absolvatur.
3835 1730 3930 1793 lbi

2369 1824 2534 1887 enim
2565 1844 2748 1906 supra
2780 1823 2989 1888 Altare
3020 1824 3222 1907 nujus
3254 1827 3315 1888 in
3343 1828 3661 1909 argenteis
3713 1825 3930 1908 imagi·

2371 1922 2558 1997 nibus
2585 1922 2939 2004 margaritis
2967 1922 3408 2005 lapidibusque
3437 1923 3731 2005 pretiosis
3749 1940 3930 1987 orna·‚

2369 2017 2450 2081 tis
2479 2037 2654 2083 sacra
2684 2019 3126 2101 Apostolorum
3164 2020 3374 2102 Capita
3396 2063 3418 2094 ,
3448 2041 3609 2102 quae
3656 2006 3805 2084 oiim
3866 2020 3932 2082 iu

2371 2114 2646 2180 Ecclesia
2681 2121 2719 2178 S
2781 2118 3093 2181 Laurentii
3155 2110 3232 2183 ait
3292 2124 3509 2199 Sancta
3568 2124 3929 2203 §anctorum

2371 2214 2813 2285 servabantur,
2836 2234 2868 2275 a
2889 2211 3000 2278 fet.
3028 2233 3157 2280 rec.
3186 2214 3433 2280 Urbano
3457 2220 3620 2297 Papa
3645 2222 3715 2276 V.
3750 2223 3928 2280 Prae-

2370 2306 2702 2375 decessore
2731 2314 2956 2382 Nostro
2985 2310 3254 2391 reposita
3285 2310 3558 2374 fuerunt.
3609 2315 3799 2392 Beata
3829 2331 3928 2375 ca-

2371 2403 2495 2485 pita
2525 2447 2546 2477 ‚
2576 2427 2739 2488 quae
2769 2413 3134 2472 Sanctarum
3167 2407 3417 2471 illarum
3444 2396 3806 2479 animarum‘
3829 2428 3930 2473 se·

2369 2500 2485 2565 des
2511 2500 2661 2563 nibil
2696 2502 2929 2569 bumile
2953 2546 2973 2576 ‚
3006 2512 3114 2567 aut
3145 2506 3545 2595 mundanum,
3576 2505 3690 2569 sed
3722 2506 3930 2570 caele·

2371 2596 2488 2661 stia
2517 2599 2721 2662 solum
2753 2620 2824 2666 ac
2852 2602 3069 2665 Divina
3125 2603 3527 2687 cogitarunt3
3588 2623 3751 2684 quae
3807 2623 3928 2667 non

2371 2701 2686 2758 terrenum
2717 2696 3037 2779 pulverem
3065 2741 3087 2769 ,
3137 2707 3246 2760 aut
3301 2698 3605 2762 humanas
3641 2699 3884 2765 ‘sordes
3906 2742 3930 2774 ‚

2369 2791 2480 2855 sed
2510 2792 2749 2858 divinas
2779 2794 3195 2860 revelationes
3222 2838 3242 2868 ‚
3269 2803 3334 2859 et
3360 2794 3659 2861 caelestia
3695 2801 3930 2863 Arcana

2366 2889 2643 2972 recipere
2676 2899 3084 2966 merueruntg
3114 2914 3277 2974 quae
3307 2894 3370 2955 in
3403 2892 3740 2958 novissima
3789 2914 3925 2960 om·

2365 2986 2535 3047 nium
2568 2995 2960 3050 mortuorum
2988 2988 3450 3052 resurrectione
3490 2987 3771 3053 aeternis
3813 2984 3929 3054 ⁴or·-

2367 3082 2565 3145 nanda
2598 3084 2786 3149 sertis
2812 3085 3181 3169 corporibus
3210 3105 3284 3151 ac
3311 3087 3641 3150 animabus
3669 3085 3802 3166 suis
3822 3106 3924 3149 su-

2365 3198 2592 3261 pernae
2623 3181 3285 3246 Patriae·beatitudine
3343 3180 3610 3246 fruitura
3673 3182 3930 3263 con-iun*

2364 3281 2608 3359 gentur'.
2640 3283 2819 3341 Mane
2845 3277 3173 3342 Missarum
3207 3278 3510 3343 solemnia
3555 3278 3620 3342 i'n
3680 3269 3930 3343 Pontifi-

2365 3371 2604 3438 calihus
2626 3417 2646 3446 ‚
2676 3385 3003 3455 praesente
3033 3384 3185 3446 ven.
3221 3381 3499 3448 Fratrum
3545 3384 3922 3446 nostrorum

2368 3476 2424 3535 S.
2462 3478 2530 3544 tt.
2564 3478 2632 3534 E.
2662 3469 3074 3540 Cardinalium
3104 3472 3387 3556 collegio
3416 3518 3435 3546 ,
3469 3493 3549 3536 eo
3579 3472 3799 3557 majori
3847 3472 3928 3536 ri·

2370 3575 2436 3632 tu
2469 3576 2531 3632 et
2561 3568 2965 3634 solemnitate
2985 3613 3009 3643 ‚
3041 3590 3164 3653 qua
3195 3572 3354 3636 sacri
3383 3565 3758 3652 hujusmodi
3784 3575 3925 3631 Car·

2369 3666 2675 3729 dinalium
2706 3674 3048 3732 conventus
3083 3669 3293 3750 peragi
3348 3685 3619 3748 unquam
3679 3666 3924 3740 solent,

2367 3761 2790 3826 celebrentur.
2826 3771 3100 3844 Vespere
3130 3773 3337 3829 autem
3390 3783 3595 3828 sacras
3655 3770 3921 3844 Apus-tog-

2366 3857 2571 3921 lorum
2606 3858 2923 3940 Reliquias
2953 3861 3306 3925 veneraturi
3338 3859 3606 3923 solemni
3636 3859 3808 3923 cultu
3860 3867 3927 3926 et

2368 3955 2500 4037 pari
2531 3956 2723 4019 animi
2757 3955 3092 4020 devotione
3118 3956 3194 4018 ad
3242 3957 3529 4020 eamdem
3588 3954 3926 4030 Basilicam

2369 4060 2627 4135 pergant
2659 4051 2873 4117 dilecti
2904 4053 3040 4115 Filii
3070 4051 3323 4118 Nobiles
3350 4052 3477 4115 Viri
3520 4057 3780 4122 Sentator
3808 4058 3921 4116 Ur·

2370 4147 2465 4209 bis
2486 4190 2506 4220 ,
2538 4156 2599 4211 et
2631 4156 3053 4213 Romanorum
3081 4149 3353 4222 Civium,
3384 4157 3452 4211 et
3477 4152 3780 4212 Gamerae
3813 4153 3924 4212 Ur-

2369 4244 2467 4308 bis
2497 4249 3012 4317 Conservatores‚
3045 4264 3312 4328 quorum
3344 4245 3594 4326 pietatis
3624 4244 3928 4327 exempla

2367 4352 2714 4420 commotus
2747 4342 2821 4405 ad
2852 4343 3097 4406 debitas
3124 4341 3467 4404 immortali
3502 4347 3630 4405 Deo
3685 4342 3922 4424 gratias

2367 4438 2716 4503 reddendas
2747 4458 2858 4521 pro
2885 4438 3190 4524 ineffabili
3219 4457 3478 4503 munere
3507 4438 3566 4502 ei
3598 4437 3831 4503 collato
3854 4440 3922 4502 in

2366 4535 2690 4600 beatorum
2724 4536 3163 4618 Apostolorum
3195 4535 3384 4607 Petri,
3415 4545 3477 4599 et
3507 4535 3679 4599 Pauli
3717 4547 3922 4618 patro-

2362 4634 2528 4697 cinio
2557 4632 2881 4698 universus
2903 4641 3209 4697 Romanus
3231 4630 3506 4714 Populus
3532 4630 3771 4696 celebri
3799 4632 3918 4696 fre·

2364 4730 2618 4812 quentia
2644 4737 2705 4794 et
2739 4729 2988 4794 aemula
3019 4728 3417 4794 festinatione
3445 4728 3749 4794 accedere
3776 4748 3921 4793 con·

2363 4825 2598 4892 tendat.

2490 4923 2921 4990 Pomeridiano
2949 4919 3162 4987 autem
3195 4930 3482 5005 tempore
3503 4918 3768 4986 alionum
3794 4921 3926 4985 die·

2361 5043 2501 5086 rum
2521 5043 2739 5087 omnes
2765 5020 3322 5086 confraternitates
3351 5019 3534 5102 hujus
3567 5019 3779 5086 Almae
3801 5027 3912 5084 Ur·

689 5130 995 5192 stentibus
1041 5124 1288 5189 dilectis
1348 5122 1490 5186 filiis
1551 5120 2106 5185 Abbreviatoribus
2166 5123 2246 5187 de
2363 5121 2616 5202 bis,per
2642 5117 3087 5184 venerabilem
3123 5124 3395 5180 Fratrem
3447 5126 3725 5180 nostrum
3750 5124 3812 5180 S.
3837 5126 3905 5181 tt.

686 5231 881 5290 Pareo
900 5222 1125 5305 Maiori
1146 5267 1168 5297 ‚
1197 5219 1623 5286 celebrabitur
1651 5216 1713 5278 in
1748 5215 2028 5284 Ecclesia
2052 5225 2112 5281 S.
2136 5226 2245 5283 Pe-

797 5418 881 5489 (a)
921 5420 1047 5472 Aer.
1094 5418 1283 5489 Apost.
1327 5432 1451 5487 cap.
1487 5413 1578 5467 ²8.
1623 5431 1682 5467 v.
1722 5412 1815 5466 ³0.
1854 5412 1945 5465 21.

2363 5225 2434 5282 E.
2454 5216 2840 5282 cardinalem
2873 5216 3180 5281 vicarium
3207 5234 3318 5299 pro
3345 5227 3640 5296 tempore
3668 5213 3934 5295 publico

2094 5415 2186 5487 (b)
2214 5416 2268 5471 s.
2296 5418 2437 5486 Aug.
2471 5416 2625 5469 ,sm
2668 5413 2761 5468 29.
2792 5413 2859 5465 ae
2890 5373 3125 5467 sucis..
