4442 6300
1502 511 1850 581 Qumqua
1880 510 2362 567 sucronem
2399 514 2568 567 ssu.
2647 576 2668 590 .

442 660 560 742 per
614 657 703 720 in'
737 675 963 749 operes
1004 676 1291 739 quaeque
1334 656 1584 722 Christo
1625 658 1711 720 ita
1768 673 2015 735 semper
2122 653 2320 739 gradu
2348 653 2607 721 heroico
2629 653 2960 728 floruisse,
2987 675 3067 718 ex
3093 654 3576 740 quaeamus
3603 676 3699 719 sa-

442 754 753 829 adhaesit,
781 763 851 819 ut
870 754 1040 818 illius
1067 754 1385 821 Passionis
1412 775 1483 819 ac
1511 773 1834 819 sacrorum
1866 752 2018 832 Stig-
2123 752 2211 818 tis
2236 752 2563 818 evidenter
2589 762 2863 835 apparet.
2881 758 3020 835 lpsa
3039 770 3310 835 namque
3336 754 3418 817 ab
3446 754 3701 819 ineunte

445 860 683 916 matum
714 853 1027 935 partirep's
1055 852 1190 917 fieri
1216 852 1559 925 meruerim
1591 870 1733 915 vere
1762 850 1881 913 diei
1914 871 2020 931 po-

444 956 574 1013 test
618 957 851 1029 Sponsa
894 949 1462 1030 christianumque
1491 949 1553 1010 id
1598 947 1798 1028 ipsum
1844 947 2019 1029 plura

446 1053 760 1112 testentur
790 1045 1118 1120 miracula,
1145 1064 1416 1127 aequum
1447 1052 1571 1118 est,
1589 1053 1656 1108 ut
1684 1044 1851 1108 inter
1876 1065 2020 1126 pru-

443 1145 667 1207 dentes
696 1143 979 1226 Virgines
1008 1142 1237 1207 Christi
1282 1151 1549 1225 sponsas
1592 1143 1711 1206 ritu
1756 1141 2021 1205 solemni

443 1241 911 1306 adnumeretur.
950 1282 965 1299 .

608 1436 986 1498 ALEXAND
998 1438 1047 1496 Ε
1057 1439 1109 1496 Β
1133 1440 1360 1512 Boryia
1385 1436 1884 1513 Arekiepfscopus

746 1572 755 1577 -
893 1536 1211 1595 Firmanus
1239 1536 1563 1595 desistens.

573 1730 1036 1790 BEATlSSlME
1066 1683 1350 1790 PATER.
1368 1732 1539 1793 Inter
1569 1725 1802 1813 electas
1828 1723 2030 1807 Virgi-

433 1838 748 1902 nes‘quas
779 1829 942 1886 neus
972 1820 1459 1904 praedestinavit
1487 1821 1847 1887 conformes
1890 1820 2024 1882 fio-ri

440 1918 700 2001 imagini
753 1917 891 1981 Filii
936 1920 1030 1983 sui
1053 1962 1074 1991 ,
1106 1921 1286 1983 beata
1331 1918 1651 1987 catharina
1681 1919 1759 1982 de
1794 1917 2028 1983 Ricciis

449 2017 807 2080 Florentino
838 2017 1089 2081 Ordinis
1110 2016 1611 2081 Praedicatorum
1640 2017 1802 2085 adeo
1830 2015 2028 2081 enitu-

451 2112 505 2175 it
528 2132 559 2185 ,·
610 2121 682 2177 nt
739 2113 1097 2198 hujusmodi
1146 2114 1642 2179 conformitatem
1672 2113 2028 2195 conceperit

448 2217 662 2274 mente
680 2252 701 2280 ,
732 2210 1119 2292 concupierit
1144 2211 1375 2282 corde,
1403 2210 1730 2274 retinuerit
1771 2210 1983 2274 auimo
2003 2253 2025 2283 ,

436 2306 809 2384 ,exhibuerit
836 2327 1104 2390 corpore
1125 2353 1144 2381 ‚
1179 2310 1401 2373 donata
1432 2329 1466 2372 a
1498 2305 1757 2372 caelesti
1788 2313 2028 2386 sponso

451 2403 559 2484 qni
591 2423 734 2467 eam
779 2402 899 2467 sibi
936 2414 1180 2471 mature
1221 2404 1463 2487 delegit
1506 2405 1571 2468 in
1602 2405 1783 2488 hujus
1825 2402 2027 2486 perfe-

448 2511 588 2565 ctae
618 2499 1075 2565 conformitatis
1113 2500 1541 2586 argumentum
1562 2544 1583 2575 ,
1609 2501 2026 2566 exterioribus

447 2596 648 2680 signis
677 2599 897 2662 mirum
930 2600 995 2662 in
1022 2601 1270 2663 modum
1298 2600 1468 2664 carui
1496 2601 1636 2684 ejus
1672 2599 2020 2680 impressis.

446 2695 628 2768 Quod
651 2696 703 2758 si
720 2696 957 2774 amoris
986 2697 1474 2780 magnitudinem
1506 2696 1885 2778 exaceeptis
1910 2696 2021 2760 do-

442 2792 544 2856 nis
586 2792 797 2856 metiri
838 2792 1032 2865 licet,
1088 2792 1372 2875 profecto
1412 2795 1727 2859 fateamur
1767 2799 2017 2874 oportet

444 2888 827 2954 catharinam
855 2908 1099 2955 summo
1125 2909 1341 2954 amore
1370 2891 1671 2975 flagrasse
1711 2909 1856 2972 erga
1897 2896 2015 2954 Do·

443 2983 685 3049 minum
713 2996 997 3053 nostrum.
1025 2993 1244 3051 lesum
1290 2987 1599 3052 Christum
1622 3032 1648 3061 ,
1672 2988 1853 3072 cujus
1890 2985 2018 3050 effi·

444 3082 613 3164 giem
657 3102 785 3147 non
820 3082 884 3144 in
916 3083 1148 3147 tabulis
1188 3085 1423 3167 accepit
1466 3104 1651 3149 manu
1698 3083 2021 3168 figuratam

444 3179 722 3245 Artificis
741 3222 763 3254 ‚
795 3181 906 3244 sed
935 3182 1000 3243 in
1031 3182 1337 3246 memhris
1363 3182 1567 3247 carnis
1610 3202 1759 3245 suae
1789 3179 2018 3244 descri-

445 3287 621 3361 ptam
656 3277 853 3361 digito
880 3278 992 3341 Dei
1020 3279 1169 3342 vivi.
1199 3279 1443 3345 Grande
1485 3279 1738 3360 quidem
1770 3275 2025 3359 privile-

446 3377 618 3456 gium
640 3382 704 3437 et
726 3374 938 3456 paucis
952 3374 1285 3440 admodum
1309 3396 1697 3441 concessum.
1729 3380 2018 3439 Fructum

444 3466 747 3534 hunc-illa
772 3469 912 3535 tulit
941 3489 1019 3534 ex
1042 3471 1398 3536 dominicae
1428 3471 1737 3537 Passionis
1765 3470 2021 3535 medita·

448 3563 625 3632 tione
637 3568 913 3641 assidua,
942 3587 1065 3648 qua
1092 3587 1217 3632 non
1247 3567 1451 3632 solum
1471 3586 1873 3648 summopere
1900 3574 2025 3630 stu·

450 3660 588 3724 duit
630 3684 700 3727 se
730 3662 825 3725 illi
868 3660 1307 3736 conformare,
1337 3663 1440 3728 eui
1469 3684 1547 3727 ex
1589 3664 1896 3728 charitate
1938 3660 2028 3724 ni-

446 3758 888 3842 miazrncifigi
914 3760 1312 3842 complacuit,
1340 3760 1721 3839 sedinsuper
1752 3759 1811 3819 iu
1841 3756 2022 3820 illum

2127 858 2333 915 aetate
2367 851 2510 934 igne
2533 851 2722 913 divini
2752 850 2982 914 amoris
3007 870 3292 923 accensa,
3321 853 3530 916 Mundi
3553 851 3699 915 ille-

2129 949 2355 1012 cebras
2373 947 2595 1013 invicta
2622 947 2983 1010 fortitudine
3013 964 3337 1027 respuens,
3357 948 3420 1009 in
3451 950 3701 1029 profun-

2131 1044 2210 1108 da
2232 1043 2539 1108 Passionis
2564 1043 2790 1107 Christi
2808 1042 3338 1133 contemplatione
3346 1043 3579 1128 jugiter
3590 1045 3700 1110 de-

2131 1138 2288 1215 fixa,
2313 1160 2485 1205 sacra
2517 1138 2978 1222 Redemptionis
3006 1139 3304 1223 Stigmata
3331 1140 3700 1205 etCrucitixi

2131 1237 2467 1321 imaginem
2485 1236 2730 1318 corpori
2758 1258 2872 1301 suo
2889 1238 3260 1319 impressam
3285 1238 3509 1301 meruit
3539 1239 3706 1303 obti-

2135 1354 2289 1398 nere
2308 1376 2330 1408 ,
2361 1332 2717 1397 dulcissimo
2743 1339 3016 1414 Sponsae
3045 1334 3291 1397 nomine
3318 1356 3354 1398 a
3394 1336 3703 1401 crucifixo

2135 1429 2540 1497 condecorari
2563 1471 2584 1503 ‚
2615 1429 2772 1494 etin
2801 1430 3046 1493 divinos
3078 1429 3216 1512 ejus
3243 1431 3570 1513 amplexus
3597 1436 3705 1499 ad-

2135 1528 2322 1591 mitti.
2354 1526 2728 1591 Admirabili
2753 1528 2946 1590 etiam
2967 1528 3293 1601 charitate,
3324 1529 3703 1608 humilitate,

2137 1625 2464 1706 patientia,
2497 1624 2882 1699 ohedientia,
2915 1625 3239 1709 Regularis
3270 1627 3537 1691 instituti
3563 1651 3708 1696 exa-

2134 1726 2236 1784 cta
2282 1721 2675 1783 observantia
2708 1719 3061 1793 excellens,
3093 1723 3528 1804 continuisque
3571 1747 3707 1791 ora·

2135 1818 2415 1882 tionibus
2435 1860 2456 1891 ,
2482 1818 2740 1900 jejuniis
2766 1826 2831 1881 et
2873 1818 3271 1899 poenitentiis
3298 1821 3532 1886 intenta
3557 1868 3576 1893 ,
3617 1824 3709 1889 ef-

2136 1914 2299 1978 fecta
2329 1924 2428 1978 est
2454 1915 2870 1980 clarissimum
2901 1915 3270 1979 christianae
3291 1916 3704 1999 perfectionis

2137 2010 2480 2093 exemplar.
2527 2017 2698 2075 Hanc
2753 2011 2939 2094 igitur
2993 2012 3332 2094 virginem⁴
3374 2015 3709 2083 virtutihus

2134 2107 2429 2173 amnibus
2456 2117 2733 2172 ornatam
2763 2116 2830 2172 et
2855 2108 3020 2171 dono
3051 2108 3485 2172 miraculorum
3509 2155 3530 2182 ,
3559 2121 3708 2179 Pro-

2134 2204 2384 2287 phetiae
2405 2248 2429 2278 ‚
2485 2214 2550 2268 et
2590 2206 2870 2269 cordium
2926 2206 3290 2270 abscondita
3346 2213 3706 2290 penetrandi

2135 2302 2438 2367 eximiam
2461 2345 2483 2374 ,
2537 2302 2800 2367 summis
2844 2302 3219 2384 Populorum
3242 2349 3262 2378 ,
3306 2312 3656 2387 magnatum
3681 2355 3702 2385 ,

2136 2399 2491 2481 Principum
2523 2398 2818 2463 laudibus
2846 2398 3204 2472 exaltatam,
3237 2411 3298 2465 et
3329 2406 3707 2472 testimoniis

2134 2497 2332 2561 sancti
2366 2495 2629 2578 Philippi
2649 2498 2843 2568 Nerii,
2872 2518 2944 2561 ac
2961 2504 3020 2560 S.
3041 2499 3272 2563 Mariae
3302 2502 3706 2585 Magdalenae

2134 2595 2215 2658 de
2249 2594 2454 2657 Pazzis
2486 2615 2600 2675 pro
2623 2601 2841 2659 Sancta
2868 2593 3142 2659 habitam
3167 2640 3187 2668 ,
3220 2599 3282 2659 iu
3304 2600 3701 2681 t'astis.pari-

2129 2698 2231 2754 ter
2255 2699 2611 2777 sanctarum
2635 2692 2948 2773 virgiuum
2981 2704 3354 2773 supremoet
3385 2695 3703 2762 infallibili

2125 2793 2265 2853 Tuo
2285 2789 2528 2872 judicio
2555 2788 2999 2856 recensendam
3025 2790 3477 2859 existimarem.

2172 2983 2546 3055 ewulm.
2560 2987 2697 3046 Eva
2721 2964 3216 3062 maiopaoopus
3252 2990 3446 3066 capra·
3477 2993 3666 3071 Syrus

2580 3085 2900 3147 numana
2924 3085 3243 3149 henou.

2253 3280 2449 3340 Beata
2471 3273 2800 3340 catharina
2825 3273 2907 3338 de
2937 3275 3165 3341 Ricciis
3196 3278 3544 3348 Florentiae
3572 3291 3704 3352 no·

2131 3371 2318 3438 nialis
2348 3372 2595 3437 Ordinis
2622 3373 2818 3440 sancti
2849 3374 3146 3438 Dominici
3165 3419 3186 3447 ,
3214 3385 3338 3440 tam
3370 3382 3594 3465 amplis
3636 3393 3703 3449 et

2130 3468 2315 3554 plane
2344 3469 2768 3553 singularibus
2809 3471 2957 3533 dum
2984 3472 3270 3548 viveret,
3310 3474 3646 3544 illustrata·
3664 3502 3701 3546 a

2130 3573 2266 3631 Deo
2292 3565 2412 3631 fuit
2438 3576 2504 3631 et
2528 3566 2845 3633 cumulata
2869 3568 3347 3636 charismatibus
3363 3616 3386 3647 ,
3415 3584 3483 3639 ut
3513 3596 3592 3640 ex
3617 3578 3702 3642 iis

2132 3662 2481 3737 certissima
2509 3664 2906 3730 admirandae
2926 3666 3122 3747 ipsius
3144 3670 3491 3736 sanctitatis
3518 3693 3700 3758 sr-gu·

2133 3771 2349 3826 menta
2379 3761 2762 3827 evincantur.
2787 3763 3128 3830 Memoriae
3155 3767 3464 3847 siquidem
3490 3770 3698 3852 prodi-

444 3869 579 3922 nnn
599 3873 719 3938 pec
739 3857 1108 3952 martyrium
1139 3857 1380 3928 caruis,
1407 3875 1623 3920 verum
1672 3873 1783 3935 per
1812 3853 2021 3918 incen-
2126 3865 2264 3920 tum
2296 3866 2439 3930 est,
2466 3878 2589 3922 non
2621 3859 2809 3931 modo
2841 3859 3016 3923 illam
3043 3863 3267 3947 Angeli
3288 3865 3386 3929 sui
3411 3866 3698 3932 eustadii

447 3955 621 4020 dium
684 3947 912 4016 mentis
954 3973 1033 4018 ex
1075 3953 1553 4020 ardentissimae
1606 3952 1921 4015 charitatis
1963 3949 2021 4014 vi
2128 3962 2390 4034 aspectu
2419 3953 2544 4018 frui
2573 3956 3016 4030 consuevisse,
3060 3959 3172 4023 sed
3199 3962 3386 4024 etiam
3429 3962 3695 4046 Angelo—

450 4048 882 4116 transformari
926 4050 1291 4132 promeruit.
1324 4056 1492 4111 Haec
1536 4048 1724 4131 igitur
1752 4047 1942 4130 virgo
1982 4065 2018 4110 a
2124 4071 2270 4115 rum
2312 4051 2613 4135 Reginam
2658 4052 2922 4134 seipsam
2963 4074 3152 4136 saepe
3191 4058 3722 4139 conspiciendam·

453 4149 781 4213 Clemente
824 4153 953 4216 xil.
997 4146 1484 4212 Praedecessore
1511 4152 1643 4209 Tuo
1683 4150 2015 4209 Beatorum
2127 4141 2793 4231 contemplandamqne
2823 4151 2882 4214 ei
2909 4154 3302 4233 praebuisse,
3333 4164 3400 4219 et
3425 4164 3690 4220 Puerum

450 4245 657 4308 titulis
698 4251 955 4312 ornata,
986 4242 1165 4307 novis
1206 4245 1234 4326 (
1264 4253 1339 4307 ut
1373 4242 1780 4326 accepimus)
1809 4262 1843 4305 a
1889 4248 2018 4304 Deo
2127 4251 2343 4310 lesum
2370 4246 2434 4307 in
2462 4266 2668 4326 quem
2661 4245 3036 4313 desiderant
3065 4252 3280 4331 Angeli
3307 4255 3692 4335 prospicere,

454 4340 763 4406 iilustrata
808 4336 1129 4402 miraculis
1160 4360 1196 4401 a
1226 4343 1857 4410 Te,m·:A‘r1ssmss
1901 4343 2022 4400 PA·
2123 4340 2190 4404 in
2219 4342 2358 4424 ejus
2386 4342 2521 4406 sinu
2553 4326 2980 4410 amantissime
3009 4346 3381 4423 collocasse.
3423 4358 3500 4415 Ut
3535 4372 3692 4416 vero

451 4444 647 4510 TER,
704 4455 1001 4518 supremo
1053 4435 1293 4520 judicio
1352 4436 1584 4500 sanctis
1653 4434 2019 4519 Virginibus
2126 4438 2469 4523 perfectam
2514 4449 2811 4520 quantum
2855 4442 3232 4509 hominibus
3254 4447 3347 4512 fas
3376 4457 3478 4512 est
3516 4449 3584 4511 in
3619 4471 3690 4514 se

455 4534 867 4604 adscribenda
896 4534 1167 4606 videtur,
1186 4551 1259 4596 ac
1289 4534 1522 4614 ubique
1540 4533 1819 4616 gentium
1850 4551 2021 4613 ptae⁶
2126 4543 2377 4619 gereret
2406 4536 2635 4602 Christi
2670 4538 2908 4602 Domini
2953 4540 3290 4624 imaginem
3314 4589 3334 4618 ,
3363 4563 3533 4609 sacra
3581 4552 3690 4609 Re·-

451 4627 2018 4714 dicandaetcolenda,utchristifidelesejusexem-
2070 4643 2076 4714 3
2126 4632 2509 4716 demptionis
2525 4635 2827 4718 Stigmata
2848 4636 3306 4722 sinistroipsius
3335 4643 3532 4713 lateri,
3564 4664 3688 4705 ma-

446 4728 559 4814 plo
584 4728 839 4793 excitati
861 4759 891 4801 ‚·
910 4728 1054 4810 ejus
1085 4726 1387 4808 precibus
1413 4748 1486 4792 ac
1528 4727 1868 4808 patrocinio
1915 4728 2023 4792 ad·
2127 4728 2334 4802 nibus,
2367 4728 2782 4810 pedibusque,
2806 4734 3158 4816 sanguineis
3186 4738 3555 4817 quibusdam
3587 4759 3685 4800 ru-

448 4825 569 4911 juti
613 4826 974 4891 Passionem
1017 4823 1266 4887 Domini
1304 4823 1542 4909 jugiter
1584 4825 1979 4888 meditentur.

2129 4826 2389 4906 tilisque
2417 4827 2582 4892 notis
2610 4825 2806 4891 fuisse
2835 4829 3164 4914 insculpta;
3191 4836 3453 4914 spinoso
3483 4835 3688 4899 diade-

2000 4960 2008 4964 ·
2135 4932 2302 4988 ntate
2333 4931 2521 5004 caput
2557 4923 3140 5006 ejus=transflxnm3
3170 4930 3381 4993 Crucis
3417 4931 3688 5011 denique

513 5020 768 5084 FELIX
798 5022 1070 5082 Salutius
1073 5021 1594 5177 jrrbupiscepm
1632 5023 1966 5083 Thebarum

544 5161 553 5164 -
1124 5122 1370 5184 ssistras
1504 5145 1509 5150 ·
1700 5165 1705 5172 ,
1738 5165 1747 5170 .

572 5310 854 5374 Virtutes
909 5325 1173 5380 omnes,
1230 5308 1462 5390 quibus
1515 5328 1661 5375 vera
1715 5307 2021 5372 Sanctitas

446 5408 894 5493 comprobetur
916 5407 979 5469 ‘m
1009 5406 1192 5472 beata
1219 5403 1544 5474 catharina
1574 5406 1655 5472 de
1684 5407 1911 5473 Ricciis
1953 5405 2020 5472 in

2129 5019 2389 5103 vestigia
2417 5027 2591 5102 tergo
2616 5021 2815 5103 ipsius
2839 5021 3148 5103 profunde
3179 5026 3497 5107 impressa.
3529 5035 3684 5092 Tan·

2131 5128 2336 5200 tarum
2360 5126 2572 5181 autam
2597 5119 2962 5184 catharinae
2978 5121 3276 5184 virtutum
3293 5123 3502 5196 famae
3520 5146 3588 5189 su
3599 5147 3687 5188 m-

2131 5235 2297 5279 mam
2343 5212 2681 5297 adjungunt
2719 5216 3150 5288 auctoritatem
3179 5228 3427 5285 sanctus
3468 5221 3691 5305 Philip-

2058 5329 2079 5392 ':
2128 5325 2245 5386 pus
2286 5308 2549 5382 Nerius,
2602 5319 2669 5375 et
2723 5320 2932 5376 sancta
2973 5315 3165 5380 Maria
3203 5316 3569 5399 Magdalena
3609 5319 3690 5384 de

2069 5470 2080 5519 Ι
2127 5401 2379 5499 Panis,
2408 5406 2517 5490 qui
2545 5414 2675 5482 lam
2717 5407 3153 5484 admirabilem
3183 5409 3358 5480 illius
3393 5415 3694 5483 Sanctita-
