4442 6300
1538 456 1884 524 qumque
1925 456 2394 514 mucronum
2438 460 2601 512 ETC.

485 617 540 668 st
569 609 966 681 cooperuistis
995 620 1132 675 πως
1166 605 1450 682 Infirmus
1482 613 1541 665 st
1570 605 1870 667 visitastis
1911 621 2003 664 ms
2027 631 2045 662 ι

486 701 635 786 Ejus
655 701 823 766 enim
847 699 975 766 vita
1002 700 1066 763 in
1093 700 1217 766 boc
1245 700 1641 783 potissimum
1662 708 1906 763 versata
1927 706 2051 774 est,

480 807 550 863 ut
582 799 898 862 Fratribus
920 797 1162 862 Domini
1184 797 1337 863 baec
1358 798 1647 862 universa
1678 805 2051 880 praestaret,

479 906 665 980 atque
690 898 849 960 adeo
871 896 1133 960 Domino
1156 895 1276 978 ipsi
1298 895 1690 977 praestitisse
1715 894 1797 959 sit
1819 894 2049 960 merito

476 993 925 1061 existimandus
968 1039 984 1056 .
1016 998 1221 1066 Quare
1250 993 1520 1059 maxime
1547 1012 1889 1078 congruum
1918 1001 2047 1067 est,

486 1099 556 1155 ut
597 1092 872 1173 supremi
922 1090 1163 1155 Judlcis
1217 1093 1564 1163 sententiae
1587 1134 1608 1163 ‚
1651 1111 1773 1172 qna
1820 1092 2045 1156 beatus

482 1185 971 1251 Camillusinter
993 1186 1247 1252 Electus
1276 1195 1554 1252 extrema
1587 1187 1693 1252 die
1721 1185 2048 1252 advocabi-

486 1291 608 1358 tur,
631 1289 1050 1349 SANCTrrAs
1081 1290 1406 1358 vEsTRA,
1425 1305 1588 1366 quae
1609 1284 1854 1350 ludicis
1880 1285 2046 1369 ejus-

481 1386 630 1449 dem
663 1384 838 1448 vices
869 1381 1278 1447 meritissime
1326 1384 1526 1466 gerit,
1574 1383 1883 1448 sementia
1934 1403 2046 1449 sua

482 1481 728 1566 praeire
750 1524 772 1551 ,
802 1491 993 1561 atque
1022 1488 1092 1543 ut
1119 1480 1207 1544 ita
1233 1480 1436 1545 dicam
1460 1524 1483 1555 ‚
1508 1480 1880 1565 praeludere
1906 1480 2038 1566 jam

474 1598 638 1643 nunc
665 1574 1006 1643 constituat
1024 1622 1044 1640 .

504 1759 935 1823 ANTONIUS
967 1758 1212 1821 amm
1243 1761 1622 1821 Paucum-t
1652 1762 2013 1849 Palmae

879 1860 1289 1919 Antiochense
1316 1859 1634 1921 Assmons.

600 2042 830 2102 Beatus
868 2035 1172 2101 Camillus
1202 2035 1278 2100 de
1310 2033 1503 2101 Lellis
1545 2035 1609 2099 in
1651 2036 2038 2102 Nosocomiis

471 2134 670 2201 saneti
701 2134 988 2217 Spiritus,
1014 2141 1081 2198 et
1108 2135 1304 2199 sancti
1337 2135 1555 2200 Jacobi
1588 2134 2036 2200 lncnrabilium

470 2232 732 2317 insignia
775 2231 1064 2315 praebuit
1104 2226 1579 2297 ardentissimae
1620 2232 1684 2294 in
1728 2239 1924 2299 Deum
1969 2242 2037 2298 et

468 2332 823 2396 Proximum
854 2328 1174 2394 charitatis
1201 2329 1515 2414 exemplaz
1544 2336 1623 2394 Et
1652 2349 1731 2394 ne
1756 2350 2030 2413 unquam

3441 454 3547 508 16³

2163 601 2273 685 qni
2320 603 2382 666 in
2427 603 2708 687 ejusdem
2752 601 2995 687 gremio
3038 602 3371 675 vixerunt,
3401 600 3736 665 sanctimo-

2161 701 2309 773 nia,
2355 702 2546 766 modo
2587 702 2778 770 certis
2804 699 3216 767 documentis
3246 700 3467 763 eadem
3501 697 3730 762 consti-

2163 799 2352 862 terit.
2408 802 2634 862 Certus
2691 797 2986 862 existimo
3046 798 3546 860 SANCTlTA'l'lS
3599 800 3732 858 VE-

2159 903 2372 962 s'rttAE
2403 896 2755 961 rationibus
2783 895 2972 960 etiam
3017 903 3206 976 atque
3251 892 3729 958 etiam‘consen·

2159 1003 2411 1060 taneum
2432 1014 2583 1059 ease
2605 1035 2625 1066 ‚
2659 994 2910 1059 beatum
2944 990 3277 1057 Camillum
3323 990 3402 1054 de
3442 988 3635 1053 Lellis
3661 989 3727 1052 in

2159 1099 2527 1159 Sanctorum
2559 1090 2787 1155 Album
2819 1089 3080 1164 referre,
3100 1089 3279 1174 cujus
3300 1098 3579 1170 spectata
3606 1088 3729 1151 vir·

2156 1199 2259 1256 tus
2289 1212 2431 1257 cum
2458 1190 2731 1263 viveret,
2762 1195 2827 1254 et
2858 1186 3300 1253 miraculorum
3328 1185 3528 1271 gloria
3558 1192 3728 1267 post·

2156 1307 2351 1370 qnam
2384 1288 2449 1351 in
2481 1286 2734 1352 Caelum
2765 1287 2955 1353 abiit.
2988 1286 3041 1350 si
3072 1288 3569 1348 SANCTITATlS
3596 1286 3725 1347 VE-

2155 1392 2369 1451 8⁹18AE
2426 1385 2799 1450 anctoritate
2849 1383 3206 1448 declaratae
3249 1379 3524 1454 fuerint,
3573 1381 3725 1463 quin

2156 1482 2372 1565 iniqua
2392 1481 2472 1547 de
2493 1492 2702 1546 nostra
2726 1481 3005 1547 Ecclesia
3029 1478 3419 1562 loquentium
3451 1498 3559 1541 ora
3590 1498 3726 1541 cer-

2154 1589 2219 1646 te
2250 1583 2655 1647 obstruantur
2675 1624 2696 1655 ‚
2728 1587 2793 1645 et
2822 1580 3099 1662 optimae
3125 1576 3310 1661 hujus
3336 1575 3553 1641 Matris
3580 1574 3729 1641 Filii

2154 1678 2218 1741 in
2254 1678 2525 1746 Domino
2565 1678 2914 1750 laetentur,
2959 1695 3221 1758 quornm
3264 1674 3726 1739 communicata

2153 1796 2402 1842 mecum
2423 1785 2566 1840 vota
2592 1777 2743 1840 dum
2765 1775 2867 1840 bic
2888 1791 3163 1858 expono,
3180 1775 3721 1836 SANcTtTATEu

2151 1879 2512 1939 VESTRAH
2540 1880 2610 1940 ut
2636 1873 2718 1939 iis
2744 1878 2998 1946 annuat,
3028 1869 3396 1936 humillimis
3424 1870 3722 1951 precibus

2147 1990 2374 2034 exoro.

2153 2214 2646 2275 'ALEXANDER
2682 2215 2906 2289 Boram
2934 2213 3433 2286 archiepiscopus
3466 2210 3696 2271 Fama-

2672 2330 2787 2373 ms
2835 2313 3134 2372 desistens
3160 2350 3176 2368 .

466 2448 666 2510 usque
700 2426 777 2491 ad
807 2425 1405 2490 consummationem
1441 2425 1636 2491 seculi
1673 2425 2035 2503 delicerent,
2129 2422 2138 2431 ’

470 2523 1026 2607 congregationem
1058 2522 1352 2597 instituit,
1380 2543 1541 2605 quae
1571 2523 1825 2589 assiduo
1854 2523 2034 2585 mini·

472 2632 708 2688 straus·
742 2620 1012 2684 lnfirmis
1057 2620 1240 2684 illum
1299 2619 1767 2703 quodammodo
1809 2620 2035 2685 redivi-

466 2741 656 2794 vum,
702 2718 903 2782 immo
945 2719 1009 2780 in
1051 2717 1356 2801 piissimis
1401 2718 1575 2782 Eiliis
1616 2717 2030 2800 multiplicem

465 2817 795 2883 redderet.
841 2816 1088 2881 Additis
1131 2816 1390 2896 insuper
1432 2815 1710 2898 reliquis
1741 2814 2027 2900 ejusdem

461 2917 803 2980 virtutibus
843 2936 882 2980 a
923 2921 1055 2981 Deo
1098 2921 1238 2997 opt.
1280 2921 1442 2980 atax.
1485 2913 1768 2997 plurimis
1824 2915 2027 2998 signis

419 3022 428 3033 “
456 3013 912 3096 comprobatis,
934 3032 1262 3078 censerem
1293 3012 1610 3078 tutissime
1639 3032 1826 3094 posse
1854 3017 2028 3079 SAN-

461 3117 858 3179 cTtTATEu
876 3116 1239 3176 VESTRAM
1261 3111 1510 3177 beatum
1528 3109 1860 3175 Camillum
1886 3130 2025 3176 san-

458 3218 702 3276 ctorum
733 3208 1326 3276 confessorumnon
1348 3206 1715 3275 Pontificum
1736 3208 1901 3276 Albo
1916 3209 2025 3276 ad·

455 3309 742 3374 scribere
764 3353 781 3369 .

513 3477 624 3536 Tu
638 3474 853 3537 OHAS
890 3477 1138 3537 Corvini
1167 3475 1528 3539 patriarcha
1561 3479 1997 3553 Hierosolymi-

964 3583 1147 3634 ταωνι
1189 3574 1514 3636 Assistsns.

588 3749 887 3824 Quoniam
919 3749 1136 3814 Jacobi
1170 3751 1476 3816 sententia
1519 3751 1672 3819 baec
1713 3759 1845 3818 est:
1898 3757 2023 3827 Qui

457 3852 738 3910 converti
779 3850 988 3927 fecerit
1031 3852 1286 3927 fratrom
1323 3868 1538 3923 suum,
1577 3854 1840 3913 salvabit
1881 3852 2018 3913 Ani-

423 3966 612 4008 mam
656 3952 833 4023 ojus3
879 3944 956 4009 ad
1000 3944 1310 4009 eximium
1341 3944 1629 4011 heroicae
1657 3945 2014 4012 dilectionis

450 4042 854 4126 splendorem
900 4045 1263 4124 pervenisse
1307 4044 1609 4110 dicendus
1650 4052 1749 4110 est
1792 4045 2016 4110 beatus

450 4140 747 4206 Camillus
776 4141 857 4206 de
884 4138 1079 4204 Lellis
1101 4183 1123 4212 ‚
1151 4143 1257 4224 qui
1287 4150 1452 4206 tanta
1482 4142 1717 4206 exarsit
1758 4142 1822 4203 in
1872 4149 2016 4207 Pro·

447 4239 689 4303 ximum
734 4237 1035 4304 charitate
1054 4282 1077 4310 ‚
1107 4245 1174 4301 ut
1203 4260 1274 4304 se
1300 4260 1575 4322 suosque
1617 4239 2011 4306 lnflrmorum

450 4336 810 4402 ministerio
838 4346 1143 4419 perpetuo
1164 4337 1425 4411 dicaret,
1454 4338 1530 4403 ad
1561 4345 1877 4405 aeternam
1904 4357 2013 4405 eo·

450 4434 740 4498 rumdem
787 4432 1056 4497 salutem
1081 4476 1103 4506 ‚
1143 4433 1254 4498 ubi
1302 4434 1505 4519 major
1529 4442 1713 4519 urget
1741 4437 2010 4502 necessi·

448 4540 544 4598 tas
566 4575 588 4602 ,
620 4529 1056 4613 spiritualibus
1086 4531 1383 4596 subsidiis
1413 4533 1871 4616 procurandam
1896 4579 1911 4596 .

571 4634 739 4694 Haec
765 4638 977 4693 autem
1009 4637 1076 4693 et
1101 4625 1224 4693 alia
1252 4628 1507 4694 excelsa
1552 4631 1717 4696 beati
1763 4632 2012 4697 camilli

442 4727 665 4791 merita
693 4725 1054 4809 insignibus
1073 4726 1395 4792 miraculis
1413 4730 1814 4811 comprobata
1834 4752 2009 4798 eum-

444 4825 589 4890 dem
621 4830 989 4889 Sanctorum
1021 4823 1220 4908 gloria
1251 4824 1684 4912 dignissimum
1718 4830 2004 4914 probant.

456 5003 809 5067 Gannmz
850 5005 983 5068 Eva
1030 4999 1221 5083 Syrus
1262 5008 1571 5070 Burcana
1598 5009 2008 5087 archiopisco-

876 5122 996 5181 ραι
1023 5108 1214 5182 cypri
1238 5104 1531 5168 Assistcns
1549 5148 1566 5167 .

567 5281 872 5357 Quoniam
893 5282 970 5348 ad
993 5282 1432 5349 stabiliendam
1457 5284 1774 5353 Ecclesiae
1795 5288 2007 5354 catbo·

442 5376 598 5445 licae
630 5381 1072 5447 auctoritatem
1119 5383 1390 5448 maxime
1426 5385 1714 5451 conducit
1742 5407 1959 5452 eorum
1984 5432 2006 5461 ‚

2269 2544 2646 2623 nantissime
2693 2564 2878 2625 Pater
2898 2604 2915 2622 .
2964 2555 3298 2623 Camillum
3348 2554 3428 2619 de
3477 2552 3710 2628 tellis,

2141 2676 2332 2738 quem
2366 2657 2693 2741 Aprutium
2727 2657 2913 2720 terris
2940 2658 3160 2741 genuit
3181 2699 3204 2727 ‚
3239 2652 3523 2720 Ecclesia
3571 2670 3712 2716 mea

2141 2753 2421 2819 Firmana
2451 2754 2699 2837 peperit
2725 2754 2913 2819 Caelo
2934 2800 2951 2817 .
2983 2760 3124 2837 lpse
3152 2752 3320 2818 enim
3348 2752 3579 2817 iterum
3626 2748 3710 2813 de

2142 2850 2368 2916 militia
2396 2852 2684 2934 cogitans
2703 2893 2725 2923 ‚
2756 2860 2817 2916 et
2850 2851 3149 2917 venetias
3180 2850 3445 2915 tendens
3474 2846 3711 2911 amisso

2139 2955 2322 3013 Patre
2352 2950 2415 3009 in
2447 2948 2698 3031 oppido
2728 2947 3053 3015 Dioecesis
3097 2969 3275 3015 meae
3317 2947 3396 3011 ad
3439 2954 3499 3011 S.
3544 2942 3709 3027 Elpi-

2135 3045 2311 3108 dium
2357 3045 2437 3110 ad
2478 3067 2693 3120 mare,
2723 3066 2871 3111 mox
2898 3065 3037 3110 ctum
3066 3057 3243 3113 esset
3270 3045 3459 3110 Firmi
3489 3062 3704 3109 exem-

2133 3142 2243 3225 plo
2274 3143 2687 3209 Alumnorum
2717 3144 2843 3208 divi
2875 3143 3180 3211 Francisci
3199 3188 3221 3217 ‚
3266 3164 3429 3226 quos
3470 3146 3702 3223 Capuc·

2134 3241 2310 3306 cinos
2360 3242 2578 3307 dicunt
2599 3286 2621 3315 ‚
2678 3251 3030 3307 commotus
3073 3241 3386 3326 primitias
3447 3238 3701 3320 spiritus

2134 3339 2352 3408 sensit.
2384 3348 2657 3423 votoque
2692 3338 3014 3422 pollicitus
3039 3348 3136 3404 est
3163 3361 3245 3404 eo
3276 3339 3340 3401 in
3370 3336 3599 3403 Ordine
3627 3354 3700 3399 se

2135 3440 2267 3500 Deo
2330 3434 2771 3501 famulaturum
2797 3481 2813 3498 .
2858 3434 3060 3502 Dilata
3102 3457 3184 3501 ex
3230 3430 3698 3500 adolescentiae

2130 3532 2451 3597 erroribus
2483 3554 2609 3607 res,
2634 3532 2737 3598 bis
2758 3532 2986 3598 deinde
3017 3541 3249 3599 tentata
3277 3541 3698 3613 coeptumque

2128 3632 2489 3694 lustitntum
2509 3673 2531 3703 ‚
2579 3638 2644 3695 at
2690 3652 2773 3695 ex
2824 3629 3017 3697 tibiae
3068 3628 3327 3696 vulnere
3368 3626 3695 3694 dimittere

2125 3734 2403 3801 coactus,
2434 3748 2595 3793 novo
2618 3728 3007 3794 clericorum
3038 3726 3308 3793 Infirmis
3334 3724 3693 3790 ministran-

2127 3824 2285 3888 tium
2315 3824 2549 3890 Ordine
2576 3825 2923 3892 Ecclesiam
2953 3825 3151 3891 anxit.
3169 3830 3299 3890 Nec
3324 3819 3529 3909 aegris
3555 3828 3691 3884 tan·

2127 3927 2256 3986 tnm
2281 3924 2675 4005 corporibus,
2700 3924 2816 3988 sed
2842 3930 2908 3988 et
2935 3922 3158 3988 animis
3184 3921 3524 3993 consuluit,
3544 3937 3687 3983 cum

2126 4017 2438 4102 peculiare
2470 4019 2589 4084 sibi
2619 4021 2874 4103 suisque
2901 4041 3047 4087 esse
3072 4020 3297 4093 voluit,
3328 4015 3686 4102 periclitan-

2123 4116 2294 4182 tibus
2323 4115 2850 4192 christifidelibus
2875 4117 2941 4182 in
2968 4125 3256 4181 extrenm
3294 4133 3498 4199 agone
3540 4113 3689 4177 snb-

2121 4213 2335 4278 venire
2361 4259 2379 4277 .
2422 4214 2587 4280 Urbs
2612 4214 2770 4280 baec
2796 4213 3199 4297 praecipuum
3242 4212 3393 4278 olim
3436 4208 3689 4276 camilli

2123 4310 2393 4377 stadium
2416 4355 2439 4384 ‚
2488 4311 2552 4374 in
2601 4331 2729 4394 qno
2776 4311 2915 4394 ipse
2962 4312 3041 4376 ad
3077 4311 3363 4396 justitiae
3390 4325 3689 4375 coronam

2119 4407 2417 4479 cucurrit.
2447 4428 2733 4491 quaeque
2760 4408 3124 4492 flagrantem
3169 4407 3371 4473 adbuc
3398 4407 3461 4470 in
3492 4404 3688 4470 Disci-

2120 4506 2294 4590 'pulis
2338 4506 2482 4590 eius
2522 4505 2890 4573 charitatem
2939 4526 3088 4592 erga
3129 4513 3388 4591 agentes
3414 4503 3681 4570 animam

2097 4604 2409 4686 ‘quotidie
2440 4603 2807 4686 experitur,
2848 4607 3075 4671 merito
3115 4606 3308 4690 gestit
3347 4602 3681 4668 Camillum

2118 4700 2330 4767 colere
2387 4706 2747 4765 Sanctorum
2801 4703 2998 4768 Fastis
3044 4701 3469 4783 adscriptnm;
3512 4699 3679 4762 idem

2117 4798 2394 4883 postulat
2435 4798 2722 4865 Ecclesia
2754 4820 2894 4865 mea
2923 4800 3238 4870 Eirmana,
3267 4804 3336 4862 ut
3363 4797 3457 4860 llli
3485 4814 3679 4878 quem

2117 4895 2180 4959 in
2210 4896 2481 4962 stadium
2511 4896 2686 4962 misit
2706 4942 2727 4970 ,
2756 4901 3060 4961 coronato
3085 4894 3382 4979 plaudat.
3421 4891 3682 4984 Utrique

2115 5014 2353 5060 censen
2381 4994 2804 5068 annuendum
2834 4994 3201 5076 praesertim
3229 5012 3369 5058 cnm
3398 4990 3682 5074 omnipo-

2119 5100 2262 5155 tens
2291 5098 2458 5156 Dens
2487 5099 2820 5175 postquam
2849 5098 2941 5155 'ru
2966 5134 2988 5163 ‚
3018 5094 3514 5156 sancrtssntss
3556 5091 3682 5151 PA-

2115 5195 2270 5253 TER
2291 5231 2312 5260 ‚
2342 5188 2556 5253 virum
2588 5189 2751 5252 bunc
2779 5188 2990 5254 dixisti
3022 5187 3140 5251 rite
3170 5191 3425 5252 Beatum
3447 5227 3470 5256 ‚
3501 5182 3681 5248 novis

2116 5284 2195 5349 ad
2219 5284 2673 5349 invocationem
2694 5284 2836 5368 ejus
2854 5282 3109 5368 patratis
3131 5279 3454 5347 miraculis
3475 5293 3677 5346 ratum

2116 5380 2177 5443 id
2213 5389 2666 5466 acceptumque
2693 5380 2995 5447 babuisse
3028 5381 3420 5447 demonstret
3443 5429 3457 5443 .
