4442 6300
926 466 1029 518 110

741 607 891 673 tiam
921 629 1120 693 usque
1138 614 1481 675 evexerunt
1506 607 1804 684 illustria,
1825 628 1988 692 quae
2012 614 2178 674 Deus
2195 628 2308 690 per

735 704 922 790 hujus
952 708 1121 772 beati
1154 708 1282 771 Viri
1298 708 1813 774 intercessionem
1840 706 1993 772 dare
2014 706 2307 789 dignatus

740 814 834 870 est
864 805 1036 889 signa
1067 827 1138 871 ac
1170 806 1495 893 miracula:
1526 811 1918 889 Quapropter
1946 801 2127 870 illum
2159 808 2307 867 San·

735 911 981 966 ctornm
1028 903 1368 969 bonoribus
1405 902 1706 989 prosequi
1746 909 1808 967 et
1836 899 2010 983 cupit
2036 907 2102 966 et
2141 899 2306 983 petit

734 998 1019 1066 Ecclesia
1062 1003 1392 1076 universa,
1421 1022 1635 1086 pacem
1682 1001 1847 1070 sibi.
1891 999 2056 1075 Fidei
2104 999 2305 1063 incre·

731 1108 1035 1172 mentum,
1064 1100 1339 1185 Regibus
1367 1109 1433 1164 et
1461 1099 1848 1184 Principibus
1875 1098 2009 1164 suis
2048 1115 2305 1162 concor·

727 1198 895 1261 diam
926 1208 985 1263 et
1016 1199 1542 1293 tranquillitatem
1589 1219 1670 1264 ex
1695 1196 1838 1263 novi
1872 1195 2058 1280 bujus
2096 1193 2302 1259 Sancti

726 1298 969 1362 meritis
1017 1319 1090 1363 ac
1133 1297 1522 1380 protectione
1544 1340 1566 1371 ,
1611 1315 1681 1362 se
1729 1295 1811 1360 de
1859 1295 1972 1359 Dei
2019 1293 2301 1363 bonitate

726 1397 1048 1462 confidens
1068 1441 1090 1471 ,
1117 1398 1610 1481 impetraturam.
1733 1422 1740 1431 ¹

791 1595 1052 1657 REM!
1072 1597 1342 1658 Solonas
1371 1596 1874 1670 Anhuptscopus
1893 1584 2243 1653 ‘Thebarum

1358 1694 1670 1754 Auitum.

858 1890 1171 1952 cmnon
1200 1884 1364 1951 vitae
1385 1884 1553 1951 beati
1583 1882 1816 1950 Fidelis
1832 1880 2300 1967 a-Sigmaringa,

731 1983 1039 2068 profunda
1085 1984 1373 2067 ejusdem
1420 1978 1782 2055 humilitas,
1830 1990 2044 2045 exacta
2076 1978 2168 2044 sni
2199 1986 2299 2042 ln-

730 2081 932 2145 stituti
989 2081 1382 2146 observantia
1400 2122 1422 2152 ,
1469 2080 1779 2144 effervens
1825 2077 2098 2143 charitas
2150 2094 2298 2158 erga

730 2181 930 2242 Duum
956 2186 1018 2241 et
1046 2177 1432 2250 Proximum,
1455 2187 1522 2239 et
1541 2175 1856 2255 gloriosus
1879 2174 2126 2237 demum
2152 2178 2298 2235 San·

732 2275 873 2357 gnis
904 2295 1015 2357 pro
1044 2274 1501 2357 praedicatione
1530 2272 1847 2356 Evangelii
1873 2281 1938 2335 et
1967 2270 2301 2352 profligan-

730 2372 828 2437 dis
858 2372 1226 2437 haeresibus
1252 2372 1518 2445 effusus,
1542 2377 1613 2432 ut
1642 2390 1723 2434 ex
1753 2371 1948 2441 Actis,
1977 2367 2159 2430 illum
2181 2372 2303 2432 No·

730 2469 871 2540 bis,
903 2475 968 2532 et
1006 2475 1294 2532 Sanctum
1323 2466 1663 2532 virtutibus
1691 2467 1986 2531 omnibus
2023 2465 2087 2527 in
2131 2472 2296 2529 statu

729 2565 985 2631 heroico
1015 2574 1341 2638 ornatum,
1380 2571 1445 2627 et
1473 2569 1810 2649 Martyrem
1854 2561 2071 2627 multis
2110 2561 2301 2626 mira-

731 2664 889 2728 culis
944 2674 1091 2728 ante
1141 2671 1207 2728 et
1254 2670 1396 2746 post
1444 2661 1685 2725 obitum
1738 2659 2012 2742 patratis
2053 2659 2297 2725 clarum

732 2761 1091 2826 ostendunt.
1114 2759 1507 2844 Huncigitur
1522 2758 1836 2823 Athletam
1856 2758 2105 2832 Christi,
2120 2756 2305 2850 BEA-

732 2864 1042 2924 russum.
1074 2864 1352 2931 aaran,
1371 2856 1488 2939 zqui
1519 2856 1587 2918 in
1604 2874 1833 2939 agone,
1860 2852 1941 2918 ad
1968 2853 2163 2941 justan-
2186 2844 2297 2918 ca'·

730 2957 884 3039 pitis
914 2955 1033 3031 sui,
1063 2955 1312 3040 flagella
1340 2975 1463 3019 nen
1490 2955 1721 3026 timuit,
1752 2973 1940 3035 quem
1972 2953 2139 3017 inter
2163 2971 2301 3017 san-

731 3063 869 3120 ctos
883 3061 1194 3140 Martyres
1211 3072 1475 3135 regnare
1496 3052 1763 3117 dicimus
1778 3050 1840 3114 in
1864 3050 2089 3122 Caelis,
2107 3050 2298 3121 etiam

731 3153 889 3217 intra
920 3151 1290 3218 eorumdem
1325 3151 1617 3214 Ordinem
1649 3149 1980 3214 colendum
2014 3149 2076 3211 in
2110 3151 2298 3215 terris

733 3249 1095 3331 Apostolico
1138 3258 1246 3312 tuo
1275 3245 1597 3311 infallibili
1623 3245 1863 3330 judicio
1908 3244 2167 3311 definire
2209 3245 2302 3309 di·

734 3365 967 3431 gnene.
1672 3389 1678 3394 -

831 3542 1255 3605 ANTONIUS
1285 3540 1557 3601 Fonaeoca
1587 3538 1929 3613 Episcopus
1961 3493 2239 3601 ,ἅῐσίσιωἼ

924 3645 931 3656 ·
1356 3637 1671 3700 Acmon.

862 3838 1071 3896 VERE
1091 3875 1111 3904 ,
1168 3834 1628 3896 BEATISSIME
1681 3832 1933 3893 PATER
1956 3871 1978 3899 .
2036 3829 2253 3896 Fidem
2275 3873 2298 3908 ,

733 3952 923 4015 quam
956 3930 1149 3994 etiam
1177 3928 1427 3992 nomine
1456 3925 1729 4007 praefert
1750 3945 1784 3998 ,·
1806 3927 2027 3994 beatus
2070 3928 2302 3993 Fidelis

737 4050 770 4094 a
797 4028 1208 4109 Sigmaringa
1235 4024 1570 4089 illustravit
1613 4026 1895 4090 moribus
1920 4068 1941 4100 ,
1983 4027 2299 4107 praedic-a·

737 4128 910 4192 tione
931 4171 953 4197 .‚
981 4123 1305 4210 martyrio.
1334 4122 1484 4187 Fide
1513 4141 1782 4203 namque
1809 4132 2133 4189 assecutus
2163 4146 2302 4207 spe-

736 4226 1072 4290 randarum
1102 4238 1318 4287 rernm
1352 4222 1787 4303 praestantiam
1821 4231 2068 4286 terrena
2111 4243 2303 4304 quae-

737 4343 863 4406 que
925 4321 1196 4405 abjecit,
1251 4316 1583 4400 amplexus
1636 4318 1950 4403 rigidioris
1997 4320 2163 4385 vitae
2205 4327 2304 4384 In·

735 4421 1020 4487 stitutum
1045 4462 1066 4492 ,
1118 4417 1373 4502 jejuniis
1424 4424 1514 4481 et-
1543 4417 1828 4498 corporis
1877 4415 2300 4483 afflictationi-

738 4519 860 4583 bus
902 4533 1304 4596 summopere
1348 4513 1639 4586 deditus,
1680 4514 2083 4595 omniumque
2113 4514 2304 4580 virtu·

736 4623 871 4680 tum
901 4614 1237 4700 splendore
1268 4632 1623 4677 coruscans.
1653 4612 1867 4676 Fidem
1913 4612 2300 4696 evangeliza·

735 4716 820 4776 vit
862 4711 1281 4794 pauperibus,
1309 4708 1722 4794 propugnavit
1750 4709 2051 4773 adversus
2092 4709 2306 4778 baere-

740 4831 845 4877 ses
866 4857 885 4884 ‚
917 4819 981 4873 et
1015 4807 1379 4892 Apostolico
1407 4807 1651 4872 muneri
1681 4806 1904 4872 sedulo
1933 4807 2308 4892 incumbens

742 4907 1000 4971 mirifice
1041 4903 1486 4988 amplificavitz
1532 4902 1703 4966 Fidei
1734 4903 1985 4968 demum
2030 4906 2309 4971 testimo-

743 5006 848 5068 nio
880 5003 1218 5085 probatus,
1250 5020 1431 5083 quam
1460 5001 1627 5063 vitae
1655 4999 2013 5081 integritate
2055 5002 2308 5069 decora·

739 5112 916 5167 vorat
935 5144 955 5174 ,
988 5109 1052 5165 et
1084 5097 1398 5182 Evangelii
1428 5096 1934 5180 promulgatione
1964 5107 2307 5176 statuerat,

742 5196 1130 5264 confirmavit
1165 5196 1366 5260 effuso
1396 5193 1716 5276 sanguine.
1751 5193 2062 5276 Adeptum
2094 5197 2306 5280 itaque

742 5295 1301 5378 repromissionem
1334 5301 1400 5355 et
1427 5311 1718 5356 coronam
1748 5290 2030 5373 justitiae
2053 5336 2074 5365 ,
2118 5314 2305 5376 quam

1953 464 2158 517 ACTA
2199 460 2854 529 cmomzs'rroms

2416 617 2561 674 ante
2591 611 2802 674 Mundi
2836 610 3387 686 constitutionem,
3423 608 3731 677 catholica
3770 608 3982 679 Eccle-

2414 709 2510 773 sia
2538 709 2731 773 debet
2760 713 2922 775 inter
2945 709 3261 793 gloriosos
3291 708 3458 775 Fidei
3485 709 3770 776 Athletas
3797 730 3985 777 vene·

2412 806 2579 880 ταῖς
2610 815 2681 872 ut
2711 806 2881 871 Fidei
2916 806 3391 892 propagationi,
3419 807 3518 870 cui
3547 814 3745 872 totum
3775 828 3847 875 se
3874 809 3984 873 de·

2414 902 2551 976 dit,
2584 907 2930 985 praemisso
2958 906 3291 987 exemplo,
3333 907 3651 989 praesenti
3684 905 3889 992 gloria
3914 916 3985 971 et

2410 999 2621 1067 futura
2640 1001 3093 1069 intercessione
3125 1003 3323 1088 magis
3351 1004 3673 1088 magisque
3708 1002 3983 1088 praeful·

2411 1110 2578 1184 gent.

2416 1300 2544 1361 tn.
2584 1299 2686 1360 ΡΑ
2701 1301 2910 1367 tsws
2935 1299 3234 1376 Alpheum
3262 1304 3332 1364 de
3360 1302 3602 1364 nuceas
3630 1303 3979 1379 Episcopus.

2852 1398 3191 1462 “clitonis
3219 1398 3536 1461 Asnaum

2536 1591 2995 1661 naarissmss
3008 1596 3529 1667 parliamentum
3545 1589 3771 1655 ridetis
3786 1610 3822 1655 ι
3842 1587 3987 1674 εἰς,

2412 1686 2689 1771 maringa
2709 1686 2954 1751 Ordinis
2982 1687 3461 1773 capuccinorum
3493 1706 3604 1752 eos
3636 1686 3798 1750 inter
3822 1692 3980 1768 Ope·

2410 1785 2761 1865 rarios‚qui‚
2777 1785 2853 1857 ad
2876 1783 3281 1853 excolendam
3304 1783 3550 1853 vineam
3564 1784 3809 1851 Domini
3826 1790 3976 1849 aSa·

2410 1898 2514 1943 cra
2536 1882 3027 1966 Congregatione
3047 1882 3125 1945 de
3142 1881 3542 1966 propaganda
3556 1882 3700 1946 Fide
3727 1882 3979 1945 mittun-

2410 1985 2552 2053 tur,
2581 1981 2817 2060 primus
2846 1979 2953 2042 ille
2986 1978 3100 2043 fuit
3131 1979 3238 2062 qui
3265 1970 3427 2053 eam,
3457 1984 3731 2044 utverus
3750 1979 3975 2044 Christi

2409 2075 2942 2159 Athletawroprio
2959 2079 3258 2160 sanguine
3272 2076 3553 2162 irrigavit
3569 2087 3633 2142 et
3646 2076 3999 2143 foecundam
4016 2078 4023 2085 ’

2407 2174 2537 2250 vit3
2581 2184 2647 2239 et
2690 2175 2833 2240 ideo
2879 2181 3311 2261 Protomartyr
3350 2186 3450 2240 est
3493 2176 3977 2257 nuncupandus.

2411 2272 2706 2355 Martyrio
2735 2282 2800 2336 et
2828 2272 3327 2359 causa'martyrii
3348 2315 3370 2348 ,
3398 2282 3534 2337 tum
3563 2272 3753 2355 signis
3789 2282 3977 2356 atque

2414 2368 2736 2433 miraculis
2767 2391 2801 2433 a
2831 2389 3124 2451 supremo
3143 2374 3643 2436 SANCTITATtS
3659 2378 3977 2439 VESTRAE

2410 2464 2666 2532 oraculo
2696 2467 3089 2549 adprobatis,
3120 2467 3182 2530 in
3210 2467 3579 2534 caelestium
3596 2469 3847 2533 ‘Civium
3868 2489 3977 2532 nu-

2398 2568 2592 2649 mero
2648 2563 2954 2635 colendus
2996 2563 3489 2649 gloriosissimus
3530 2565 3749 2631 Christi
3792 2565 3981 2632 miles

2411 2661 2567 2725 mihi
2596 2662 2863 2735 videtur,
2888 2671 2955 2726 ut
2986 2664 3092 2745 qui
3124 2664 3333 2746 posuit
3358 2663 3633 2750 animam
3665 2685 3839 2728 suam
3862 2685 3980 2748 pro

2409 2758 2733 2837 dilatanda
2764 2760 2914 2825 Fide
2942 2761 3238 2847 exemplo
3265 2761 3770 2844 sit-operariisin
3802 2762 3979 2827 vinea

2410 2856 2680 2923 Domini.
4002 2857 4015 2861 ’

2415 3056 2918 3121 ALEXANDER
2952 3060 3021 3116 do
3060 3056 3390 3150 abbatibus
3412 3057 3755 3138 Episcopus
3789 3057 3982 3120 Vitor-

2615 3156 2884 3225 aimus,
2931 3164 2993 3220 ot,
3025 3157 3427 3220 reseas-enm
3452 3154 3765 3216 Διιίεεσω.

2454 3325 2459 3330 .
2538 3351 2922 3412 PRETIOSA
2952 3365 3161 3419 mors,
3192 3313 3385 3428 quarn
3408 3351 3477 3410 B.
3525 3344 3758 3410 Fidelis
3785 3365 3819 3408 a
3849 3344 3983 3429 Sig-

2413 3444 2695 3525 maringa
2723 3463 2836 3524 pro
2868 3441 3187 3526 Religione
3229 3442 3577 3514 orthodoxa
3620 3442 3744 3507 sibi
3783 3440 3976 3508 alacri

2410 3544 2620 3608 animo
2648 3541 2988 3623 expetivit,
3019 3540 3385 3623 prophetico
3415 3541 3645 3622 Spiritu
3675 3559 3979 3624 praenun-

2372 3629 2379 3636 ’
2412 3640 2622 3711 ciavit,
2638 3637 2821 3702 hilari
2836 3637 3008 3702 vultu
3031 3637 3302 3719 excepit,
3324 3637 3534 3734 eidem
3546 3637 3826 3725 martyrii
3848 3636 3983 3703 lau-

2366 3795 2377 3804 .
2413 3758 2582 3804 ream
2621 3735 2987 3818 promeruit.
3030 3740 3418 3817 Quamquam
3465 3746 3531 3800 et
3559 3736 3977 3819 asperrimum
4022 3737 4027 3742 ’

2411 3835 2733 3900 anteactae
2776 3834 2939 3898 vitae
2968 3827 3223 3914 cursuri!
3244 3833 3396 3918 juge
3426 3833 3695 3898 dixerim
3742 3843 3977 3919 marty-

2413 3937 2576 3999 rium
2595 3981 2610 3997 .
2641 3933 2818 3997 Prius
2848 3945 3116 4014 namque
3146 3930 3462 4012 charitatis
3481 3974 3502 4004 ,
3532 3952 3714 4014 quam
3745 3930 3977 3996 furoris

2406 4031 2656 4095 victima
2685 4028 3114 4094 diutinum-sui
3159 4027 3530 4102 sacrificium
3563 4049 3676 4112 pro
3718 4029 3826 4093 Dei
3871 4026 3978 4093 bo-

2412 4150 2563 4193 nore
2607 4149 2679 4193 ac
2722 4127 3156 4191 proximorum
3202 4123 3403 4190 salute
3441 4126 3658 4192 vivens
3703 4124 3976 4201 obtulit,

2411 4226 2682 4290 moriens
2711 4222 3185 4294 consummavit.
3217 4229 3378 4287 Ecce
3406 4231 3642 4295 autem,
3674 4229 3977 4298 neuls·
4024 4234 4033 4241 ’

2413 4330 2593 4389 SfflE
2622 4329 2894 4395 PATER,
2922 4341 3044 4385 vox
3070 4319 3398 4403 Sanguinis
3427 4339 3720 4404 prolvera
3749 4319 3977 4385 Christi

2414 4421 2694 4486 Ecclesia
2727 4417 2910 4483 effusi
2946 4419 3170 4483 clamat
3197 4418 3277 4482 de
3307 4428 3516 4492 terra,
3561 4438 3744 4499 quam
3778 4416 3978 4482 felici-

2414 4528 2511 4585 ter
2549 4517 2866 4601 irrigavit3
2909 4515 3137 4580 clamat
3191 4516 3270 4579 de
3328 4514 3555 4600 Caelo,
3590 4515 3711 4594 ,ubi
3747 4514 3977 4579 Fidelis

2411 4617 2534 4683 iste
2568 4636 2767 4697 usqne
2798 4614 2874 4677 ad
2908 4622 3176 4677 mortem
3202 4611 3439 4693 accepit
3470 4632 3767 4677 coronam
3786 4612 3975 4689 vitaes

2413 4715 2683 4780 clamant
2703 4720 2767 4774 et
2788 4708 3084 4773 miracula
3107 4708 3593 4772 luculentissimi
3616 4717 3814 4774 testes
3834 4716 3979 4774 San-
4030 4721 4037 4728 '

2417 4807 2669 4879 cuiatis,
2690 4815 2758 4890 ut
2785 4808 2848 4869 in
2867 4812 3228 4870 Sanctorum
3258 4803 3487 4868 Album
3510 4804 3813 4884 referatur
3833 4812 3977 4871 Pro·

2417 4917 2727 4993 tamar-tyr
2754 4903 3266 4987 congregationis
3293 4903 3372 4980 de
3393 4903 3789 4987 Propaganda
3809 4903 3976 4969 Fide.

2505 5052 2928 5118 NIGOLAUS
2965 5049 3461 5111 FRANCISGUS
3488 5052 3556 5109 do
3588 5051 3891 5111 Bonhoms

2617 5153 2963 5226 Episcopus
2995 5151 3417 5223 cao-pariensis
3460 5147 3781 5209 assistens.

2544 5297 2787 5378 PLENE
2827 5257 3191 5356 clarificavit
3234 5290 3454 5354 beatus
3494 5289 3731 5356 Fidelis
3769 5311 3815 5360 a¹
3848 5291 3972 5376 Sig-

743 5392 1034 5460 subeunti
1057 5394 1285 5456 bonum
1303 5389 1796 5456 Fideicertamen
1812 5397 2130 5474 paraverat
2146 5396 2310 5466 Deus
2419 5390 2694 5474 maringa
2727 5407 2988 5461 nornen,
3021 5395 3081 5453 et
3113 5406 3300 5458 omen
3332 5387 3455 5453 sibi
3485 5388 3547 5451 in
3579 5388 3863 5474 ingressu
3891 5392 3978 5459 fa·
