4442 6300
1495 451 1841 521 Qqumt
1904 446 2371 505 SANCTOBUM
2439 452 2602 505 ETc.

442 603 621 673 sterii
644 605 741 677 sui
768 598 1307 684 compationibus,
1333 603 1765 683 praegustatae
1792 595 1992 661 suavi-

439 702 587 779 tatis
628 718 880 766 memor
902 708 1072 763 totus
1099 697 1163 760 in
1204 701 1402 760 Deum
1427 692 1794 767 ferebatur3
1840 691 1993 756 satis

436 798 721 863 intimam
768 795 942 859 illius
969 795 1214 859 animae
1237 792 1531 857 unionem
1577 811 1715 854 cum
1744 795 1877 853 Deo
1902 795 1997 852 te-

441 897 722 963 stabatur
760 889 1303 977 imperturbabilis
1351 888 1463 952 illa
1508 909 1652 971 pax,
1676 907 1862 970 quam
1893 908 1990 951 se·

436 1014 581 1060 cum
623 998 688 1056 et
731 1010 871 1054 cum
916 991 1209 1055 Proximo
1254 991 1320 1052 in
1352 987 1522 1053 omni
1570 1004 1778 1051 rerum
1821 985 2000 1050 vicis·

437 1091 709 1157 situdine
738 1095 1094 1154 constanter
1122 1087 1430 1152 servabat.

561 1193 734 1251 Hanc
773 1206 990 1267 pacem
1019 1227 1042 1258 ,
1087 1204 1276 1265 quam
1313 1182 1593 1247 Salvator
1635 1183 1858 1244 Noster
1885 1199 1997 1242 sua

435 1294 641 1350 morte
682 1283 869 1346 nobis
920 1282 1340 1364 acquisitam,
1384 1278 1694 1362 exemplis
1743 1296 1997 1360 praece-

434 1383 689 1466 ptisque
720 1379 852 1442 suis
880 1378 1412 1449 commendatam,
1442 1377 1638 1441 veluti
1671 1384 1995 1458 paternam

432 1477 881 1544 haereditatem
926 1473 1252 1559 discipulis
1308 1476 1438 1537 suis
1485 1473 1776 1554 reliquit,
1836 1472 1995 1536 hanc

433 1577 669 1660 ⁴Ioseph
701 1576 767 1638 in
793 1575 1069 1639 omnium
1113 1572 1414 1637 Fidelium
1444 1572 1744 1656 cordibus
1774 1570 1993 1634 sedulo

431 1672 716 1759 plantare
741 1673 1026 1743 curavit,
1064 1671 1132 1732 in
1155 1686 1355 1751 eaque
1387 1669 1778 1753 potissimum
1810 1687 1991 1731 evan-

429 1768 754 1856 gelizanda
796 1788 1136 1851 prosperos
1166 1774 1353 1848 atque
1396 1765 1719 1830 mirabiles
1748 1783 1994 1829 succes·

432 1890 542 1934 sus
571 1866 864 1932 obtinuit.
909 1866 1230 1930 Ardebant
1256 1886 1338 1929 eo
1367 1862 1585 1929 seculo
1616 1865 1781 1926 inter
1805 1862 1995 1925 finiti·

426 1985 563 2030 mas
606 1964 1061 2048 praedictarum
1091 1961 1428 2044 Regionum
1467 1960 1992 2025 Civitatesinimi-

425 2062 638 2135 eitiae,
657 2063 824 2125 inter
849 2060 1143 2125 Familias
1160 2060 1509 2123 discordiae
1530 2064 1597 2122 et
1620 2058 1993 2131 simultates,

422 2158 591 2224 inter
609 2156 942 2240 plerosque
970 2156 1145 2221 Cives
1165 2156 1588 2220 dissensiones
1609 2163 1673 2220 et
1699 2154 1868 2229 odia;
1898 2158 1987 2218 in·

425 2256 629 2337 deque
672 2252 974 2317 tumultus
1000 2260 1067 2316 et
1093 2252 1267 2316 rixae
1291 2277 1313 2326 ς
1341 2251 1828 2333 frequentesque
1857 2273 1991 2315 cae-

423 2350 540 2415 des
587 2356 649 2414 et
699 2350 1034 2413 homicidia
1056 2392 1078 2422 ,
1130 2369 1274 2413 eum
1329 2347 1697 2429 populorum
1746 2349 1990 2413 excidio

423 2447 663 2527 Dei‘que
695 2446 932 2508 offensa
961 2444 1024 2506 in
1054 2444 1196 2508 dies
1224 2443 1605 2508 oriebantur.
1634 2449 1802 2506 Hanc
1839 2463 1991 2525 ergo

422 2542 616 2608 veluti
678 2541 1020 2607 furentium
1081 2542 1334 2606 leonum
1389 2540 1612 2605 silvam
1669 2541 1992 2623 ingressus

419 2634 677 2720 ⁴loseph,
706 2642 1060 2727 succinctus
1088 2645 1341 2718 pectora
1372 2636 1624 2701 baltheo
1642 2637 1989 2713 charitatis,

423 2742 491 2801 et
518 2732 838 2799 calceatus
867 2736 1062 2818 pedes
1084 2734 1148 2795 in
1174 2735 1650 2817 praeparatione
1669 2735 1992 2817 Evangelii

419 2832 631 2917 pacis,
672 2830 820 2895 fidei
875 2840 1120 2895 scutum
1165 2828 1534 2913 galeamque
1569 2830 1789 2917 salutis
1819 2852 1995 2896 assu·

424 2948 607 3015 mens
630 2971 652 3000 ,
695 2936 760 2992 et
790 2926 1001 3013 gladio
1031 2929 1323 3010 spiritus,
1369 2929 1537 3009 quod
1569 2936 1665 2992 est
1707 2930 1985 2992 Verbum

418 3025 580 3098 Dei,
615 3024 980 3098 instructus;
1009 3030 1329 3089 tumentes
1357 3026 1632 3105 undique
1668 3026 1795 3090 iras
1825 3045 1989 3089 com-

417 3122 696 3206 pressit,
726 3122 872 3187 odia
895 3123 1211 3194 restinxit,
1242 3132 1430 3204 atque
1461 3124 1722 3188 efferata
1751 3123 1985 3186 dudum

423 3220 612 3285 corda
643 3217 1019 3286 christianae
1040 3222 1210 3301 pacis
1240 3222 1544 3285 suavitate
1577 3221 1896 3296 demulsit3
1919 3230 1986 3284 ut

418 3334 577 3380 nova
606 3336 862 3397 prorsus
882 3316 1181 3399 Regionis
1205 3316 1420 3389 facies,
1452 3319 1595 3380 novi
1616 3320 1984 3400 populorum

422 3431 636 3476 mores
665 3412 836 3477 brevi
880 3419 1169 3493 tempore
1213 3413 1646 3495 apparuerint3
1690 3415 1808 3496 ipsi
1841 3435 1994 3479 vero

421 3518 737 3591 tamquam
786 3510 1128 3574 restitutori
1176 3510 1344 3591 pacis
1365 3553 1385 3581 ,
1429 3518 1491 3574 et
1523 3510 1836 3575 fundatori
1884 3534 1993 3594 pu-

422 3603 628 3671 blicae
670 3604 944 3687 quietis,
989 3605 1262 3668 maxima
1291 3606 1451 3687 apud
1482 3604 1773 3671 homines
1816 3617 1991 3689 parta

426 3701 627 3786 gloria
650 3745 673 3776 ,
724 3702 925 3785 majus
969 3710 1179 3764 autem
1228 3702 1573 3782 praemium
1625 3702 1905 3784 pacificis
1954 3723 1990 3767 a

425 3803 560 3862 Deo
589 3799 966 3879 promissum
998 3797 1064 3859 in
1093 3797 1292 3860 Caelis
1326 3806 1632 3862 assertum
1661 3796 1875 3862 fuerit.

550 3901 784 3958 Verum
828 3915 954 3975 quo
1001 3893 1304 3976 majorem
1352 3893 1736 3975 adipiscendi
1780 3894 1991 3960 Caelo-

425 4010 567 4056 rum
597 3991 792 4073 Regni
824 3989 1218 4055 securitatem
1241 3997 1432 4053 Servo
1464 4012 1577 4055 suo
1603 3991 1844 4056 faceret
1875 3999 1988 4055 De·

428 4107 547 4160 us,
588 4087 882 4168 permisit
909 4107 1053 4150 eum
1098 4088 1162 4149 in
1195 4089 1572 4152 tentationes
1610 4091 1817 4152 varias
1846 4089 1993 4152 inci-

430 4183 619 4255 dere,
662 4184 1185 4266 gravissimasque
1227 4187 1696 4266 persecutiones
1741 4207 1854 4267 pro
1892 4188 1990 4269 ju-

423 4279 594 4346 stitia
620 4281 906 4363 perpeti3
946 4289 1016 4344 ut
1046 4281 1244 4362 ipsius
1269 4283 1469 4347 virtus
1500 4303 1613 4364 per
1644 4283 1992 4349 tribulatio-

426 4396 578 4439 num
606 4377 815 4460 ignem
845 4378 1107 4458 probata
1136 4377 1523 4442 inveniretur
1546 4379 1609 4441 in
1643 4380 1892 4448 laudem
1927 4387 1991 4444 et

428 4472 695 4552 gloriam
741 4474 807 4534 in
853 4472 956 4536 die
1002 4474 1246 4537 Domini
1283 4476 1480 4539 nostri
1519 4482 1676 4541 ‘Jesu
1723 4478 1990 4541 Christi.

423 4575 582 4637 Nam
615 4580 869 4652 praeter
898 4570 1171 4635 immane
1205 4573 1572 4654 supplicium
1606 4575 1820 4639 eidem
1839 4581 1993 4640 Gon-

428 4667 841 4751 stantinopoli
871 4671 950 4732 ab
979 4669 1348 4733 lntidelibus
1379 4672 1719 4755 irrogatum
1741 4717 1764 4747 ‚
1795 4695 1984 4757 quum

427 4768 594 4831 intra
619 4766 841 4830 Palatii
873 4777 1051 4847 septa
1080 4766 1539 4847 deprehensum
1560 4811 1582 4842 ,
1628 4791 1754 4851 qno
1782 4774 1861 4836 ad
1889 4796 1994 4839 an-

424 4861 846 4927 nunciandum
890 4860 1117 4925 Christi
1157 4860 1346 4926 fidem
1375 4874 1850 4944 penetraverat,
1893 4892 1994 4936 su·

427 4957 609 5024 blimi
659 4978 696 5021 e
741 4956 922 5021 trabe
979 4956 1206 5021 ferreis
1258 4958 1433 5023 uncis
1491 4963 1989 5043 suspenderunt,

3371 455 3475 506 3³7

2112 599 2298 669 runt;
2337 593 2703 661 innumeras
2731 592 2917 657 etiam
2946 591 3031 658 ab
3061 590 3358 675 improbis
3387 596 3669 662 Christia-

2107 690 2203 753 nis
2236 689 2501 774 injurias
2529 697 2715 771 atque
2748 688 3068 754 molestias
3111 707 3297 770 saepe
3327 692 3663 767 sustinuit,

2077 774 2253 847 'dum
2276 804 2385 868 pro
2417 795 2717 867 suscepto
2745 794 2995 853 sanctae
3017 787 3494 870 praedicationis
3522 790 3663 854 offi-

2105 882 2230 959 cio,
2251 882 2567 948 hominum
2599 883 2746 946 vitia
2767 883 3032 947 viriliter
3059 904 3443 967 oppugnans,
3473 894 3663 970 atque

2108 979 2192 1043 ita
2226 980 2644 1062 pervicacium
2678 980 3089 1044 offensionem
3122 981 3449 1051 incurrens
3476 1028 3498 1056 ‚
3527 1003 3664 1048 ver-

2107 1077 2365 1139 beribus
2411 1097 2637 1157 saepe,
2688 1088 2754 1141 et
2802 1077 3112 1158 colaphis,
3161 1089 3227 1142 et
3271 1081 3666 1146 contumeliis

2105 1172 2475 1256 impetitus,
2522 1173 2855 1254 aliquando
2898 1175 3088 1238 etiam
3134 1175 3200 1237 in
3241 1177 3406 1241 vitae
3446 1178 3666 1244 discri-

2108 1289 2253 1332 men
2284 1270 2591 1335 adductus
2620 1269 2764 1334 fuit.
2786 1278 2955 1345 Quae
2992 1280 3197 1337 tamen
3216 1275 3451 1349 omnia,
3471 1284 3684 1359 quum‘

2107 1384 2220 1428 nec
2243 1366 2439 1448 ipsius
2461 1367 2998 1431 mansuetudinem
3029 1387 3231 1451 neque
3247 1373 3666 1438 constantiam

2109 1461 2251 1525 loco
2302 1465 2638 1528 demovere
2678 1464 3027 1537 valuerint,
3069 1466 3336 1530 totidem
3385 1471 3665 1554 Josepho

2102 1559 2331 1640 gradus
2359 1558 2522 1624 facta
2566 1560 2809 1624 suntad
2852 1560 3190 1626 caelestem
3234 1564 3661 1647 triumphem,

2104 1674 2294 1734 quem
2325 1655 2445 1738 ipsi
2478 1657 2726 1720 tandem
2752 1679 2786 1721 a
2802 1656 2976 1739 justo
2997 1658 3216 1724 Judice
3242 1660 3542 1727 tributum
3569 1664 3666 1727 fu-

2100 1751 2229 1814 isse
2259 1769 2378 1815 non
2411 1760 2509 1815 est
2538 1753 2967 1816 dubitandum.

2226 1848 2297 1911 Id
2315 1848 2479 1913 enim
2499 1850 2731 1915 evincit
2750 1851 2947 1931 ipsius
2967 1853 3236 1933 pretiosa
3258 1874 3453 1929 mors,
3473 1877 3661 1939 quam

2099 1943 2265 2026 apud
2299 1946 2606 2030 Oppidum
2641 1950 2972 2014 Amatricis
3005 1951 3295 2016 Reatinae
3313 1953 3657 2030 Dioecesis,

2103 2050 2241 2121 post
2264 2041 2621 2107 diuturnam
2650 2045 3077 2110 infirmitatem
3099 2048 3160 2109 in
3196 2050 3444 2131 pietatis
3468 2061 3531 2116 et
3560 2076 3662 2137 pa·
3772 2084 3777 2091 ·

2101 2138 2353 2202 tientiae
2411 2143 2965 2208 exercitationibus
3023 2154 3388 2211 transactam
3420 2195 3439 2223 ,
3498 2172 3659 2218 anno

2101 2236 2324 2301 aetatis
2354 2257 2503 2301 suae
2546 2239 3065 2323 quinquagesimo
3097 2245 3362 2325 septimo
3385 2292 3404 2319 ,
3451 2252 3529 2312 ab
3562 2254 3658 2312 tn-

2100 2332 2458 2396 carnatione
2488 2334 2737 2397 Domini
2767 2342 3058 2401 Mucxn.
3086 2385 3105 2413 ,
3135 2342 3378 2422 placide
3410 2346 3565 2409 obiit
3592 2349 3657 2410 in

2101 2426 2319 2492 osculo
2348 2429 2646 2506 Domini3
2691 2441 2756 2495 et
2790 2434 3115 2500 manifeste
3149 2439 3486 2505 ostendunt
3516 2443 3658 2506 illu·

2101 2525 2251 2588 stria
2278 2526 2452 2610 signa
2477 2534 2667 2611 atque
2702 2530 3003 2596 miracula
3026 2576 3047 2607 ,
3079 2556 3239 2615 quae
3270 2539 3348 2599 ab
3380 2542 3661 2621 omnipo·

2102 2624 2256 2685 tenti
2289 2628 2460 2694 Deo,
2503 2633 2630 2687 tum
2664 2646 2851 2709 saepe
2881 2633 3157 2713 Josepho
3188 2635 3431 2698 vivente
3456 2682 3476 2709 ,
3520 2645 3652 2701 tum

2100 2720 2288 2784 etiam
2332 2720 2397 2783 in
2426 2720 2559 2802 ipsa
2587 2722 2725 2805 ejus
2768 2734 2973 2789 morte
3002 2736 3061 2791 et
3108 2739 3244 2809 post
3292 2730 3462 2794 illam
3493 2737 3663 2801 edita

2096 2816 2378 2891 fuerunt3
2406 2818 2570 2881 inter
2585 2820 2745 2899 quae
2768 2820 2830 2883 id
2850 2843 2996 2885 sane
3020 2825 3307 2891 mirabile
3327 2829 3462 2902 fuit,
3494 2834 3664 2914 quod

2100 2914 2634 2997 defuncti-corpus
2663 2916 2913 2982 assidua
2944 2925 3382 3001 maceratione,
3410 2949 3482 2992 ac
3504 2950 3666 2994 mor·

2101 3012 2164 3073 bi
2211 3013 2271 3074 vi
2318 3020 2497 3073 antea
2532 3012 2954 3092 squallidum,
3000 3018 3292 3085 inusitata
3337 3025 3566 3089 eoloris
3598 3034 3663 3093 et

2104 3109 2341 3191 speciei
2376 3118 2702 3174 venustate
2736 3122 2994 3194 repente
3024 3116 3249 3183 florere
3271 3162 3292 3193 ,
3338 3130 3402 3186 et
3432 3125 3664 3191 suavis·

2100 3207 2327 3269 simum
2362 3209 2625 3270 odorem
2656 3207 2952 3274 exhalare
2980 3216 3228 3294 coepit3
3260 3217 3478 3285 intima
3512 3244 3660 3288 vero

2098 3303 2299 3385 ipsius
2340 3302 2579 3367 viscera
2609 3307 2853 3370 medico
2894 3309 3098 3373 cultro
3129 3312 3401 3380 dissecta
3423 3362 3443 3390 ‚
3488 3319 3661 3384 nulla

2100 3400 2344 3463 imbuta
2377 3397 2574 3471 faece,
2605 3401 2713 3463 sed
2746 3400 2950 3466 lacteo
2981 3407 3254 3485 quodam
3283 3409 3543 3478 humore
3568 3423 3664 3482 to-

2098 3504 2159 3559 ta
2208 3495 2558 3559 redundare
2601 3506 2853 3579 reperta
2897 3509 3058 3565 sunt.
3108 3509 3468 3573 Innumeras
3510 3532 3662 3575 vero

2102 3592 2331 3675 gratias
2380 3592 2458 3654 ad
2502 3592 2763 3674 losephi
2820 3595 3275 3663 invocationem
3327 3624 3362 3666 a
3417 3611 3542 3669 Deo
3591 3629 3661 3673 se

2107 3687 2451 3752 obtinuisse
2482 3689 2691 3752 testati
2725 3697 2870 3753 sunt
2898 3691 3140 3772 Fideles
3160 3738 3181 3767 ,
3212 3697 3319 3777 qui
3351 3700 3426 3762 ad
3462 3699 3660 3783 ipsius

2099 3783 2290 3847 funus
2319 3784 2602 3865 undique
2662 3784 3020 3866 frequentes
3073 3806 3493 3860 convenerunt
3523 3818 3663 3879 pro·

2104 3886 2243 3960 pter
2286 3887 2649 3965 conceptam
2695 3883 2776 3945 de
2819 3883 3018 3963 ipsius
3047 3890 3380 3956 Sanctitate
3424 3897 3660 3978 opinio·

2105 3998 2291 4050 nem,
2334 3999 2454 4059 qua
2497 3978 2689 4046 etiam
2730 3979 3135 4060 impellente,
3180 3988 3437 4072 Josephi
3481 3993 3659 4060 Cives

2106 4083 2249 4158 post
2289 4073 2531 4154 aliquot
2572 4094 2767 4139 annos
2791 4076 2959 4158 pium
3007 4079 3163 4144 illud
3195 4082 3434 4150 facinus
3476 4091 3663 4155 auda-

2101 4180 2238 4236 cter
2277 4179 2713 4252 perpetrarunt
2736 4203 2767 4245 φ
2798 4181 2868 4237 ut
2911 4185 3095 4240 nocte
3127 4182 3395 4259 quadam
3418 4226 3439 4257 ,
3485 4206 3662 4252 occa-

2101 4271 2278 4334 sione
2307 4270 2488 4343 data,
2533 4268 2613 4331 ad
2656 4271 2981 4336 amatricis
3012 4275 3318 4355 Oppidum
3360 4282 3665 4348 acceden-

2107 4376 2202 4432 tes
2236 4366 2650 4431 veneraudum
2682 4365 2882 4448 ipsius
2903 4389 3130 4451 corpus
3160 4384 3572 4454 asportarent,
3595 4389 3660 4444 et

2102 4463 2455 4527 Leonissam
2500 4461 2860 4539 deferrent3
2901 4465 3082 4530 firma
3127 4487 3237 4549 spe
3279 4469 3489 4548 ducti,
3534 4496 3661 4543 mg.

2103 4581 2292 4644 gnum
2325 4559 2445 4623 sibi
2474 4560 2772 4624 adversus
2802 4560 3161 4644 ingruentes
3181 4566 3570 4637 calamitates
3597 4575 3662 4638 in

2105 4658 2282 4721 illius
2335 4655 2735 4738 possessione
2789 4676 2862 4723 ac
2912 4660 3089 4726 Servi
3147 4662 3259 4726 Dei
3307 4668 3660 4745 patrocinio

2103 4752 2485 4837 praesidium
2519 4749 2679 4816 fore.

2232 4855 2511 4931 Cumque
2556 4849 2633 4913 ad
2680 4847 3031 4930 legitimum
3082 4852 3510 4920 instruendum
3557 4860 3657 4942 ju-

2104 4944 2336 5011 dicium
2377 4946 2460 5010 de
2490 4945 2685 5027 ipsius
2728 4945 3197 5012 Beatificatione
3225 4957 3291 5012 et
3334 4956 3661 5021 canoniza-

433 5059 622 5136 atque
652 5052 796 5136 igne
840 5051 1137 5133 fumoque
1169 5055 1494 5137 supposito
1535 5076 1694 5139 pene
1725 5060 1987 5127 suffoca.
2101 5044 2271 5109 tione
2312 5041 2469 5107 nihil
2499 5041 2751 5106 deesset
2794 5062 3009 5106 eorum
3033 5087 3054 5118 ,
3098 5065 3257 5127 quae
3298 5068 3414 5129 per
3452 5057 3662 5119 Sacro-

540 5246 591 5300 Α
632 5245 934 5316 Pacificas.
1083 5248 1129 5298 B
1169 5247 1418 5303 Adversa
1440 5252 1659 5321 patitur
1674 5256 2095 5325 propterfidetn
2113 5299 2131 5325 ,
2174 5270 2227 5310 et
2237 5255 2542 5325 justitiam.

543 5336 587 5389 C
626 5335 808 5407 Ipsius
828 5345 1027 5388 sancta
1056 5353 1204 5387 mors
1229 5336 1522 5392 miraculis
1543 5341 1848 5398 mum-ata.
2051 5325 2100 5398 15
2142 5341 2320 5401 &ries
2345 5347 2621 5399 Actorum
2648 5339 2706 5395 in
2735 5358 2904 5396 causa
2928 5340 3099 5414 ipsius
3123 5345 3592 5416 Beaeg‘fieaeiom's.

760 5450 972 5490 santo.
1013 5451 1128 5490 nv.
1169 5451 1317 5493 ross.
1357 5443 1485 5494 vn.
3340 5455 3409 5507 47
