<?xml version="1.0" encoding="UTF-8"?>
<!DOCTYPE html PUBLIC "-//W3C//DTD XHTML 1.0 Transitional//EN"
    "http://www.w3.org/TR/xhtml1/DTD/xhtml1-transitional.dtd">
<html xmlns="http://www.w3.org/1999/xhtml" xml:lang="en" lang="en">
 <head>
  <title>
</title>
<meta http-equiv="Content-Type" content="text/html;charset=utf-8" />
  <meta name='ocr-system' content='tesseract 3.04.00' />
  <meta name='ocr-capabilities' content='ocr_page ocr_carea ocr_par ocr_line ocrx_word'/>
</head>
<body>
  <div class='ocr_page' id='page_1' title='image "benedictixivpon00benegoog_0432.png"; bbox 0 0 4442 6300; ppageno 0'>
   <div class='ocr_carea' id='block_1_1' title="bbox 985 503 2855 565">
    <p class='ocr_par' dir='ltr' id='par_1_1' title="bbox 985 503 2855 565">
     <span class='ocr_line' id='line_1_1' title="bbox 985 503 2855 565; baseline 0.003 -7"><span class='ocrx_word' id='word_1_1' title='bbox 985 503 1096 558; x_wconf 67' lang='lat'>⁸⁴3</span> <span class='ocrx_word' id='word_1_2' title='bbox 1946 509 2144 562; x_wconf 70' lang='lat' dir='ltr'>ACTA</span> <span class='ocrx_word' id='word_1_3' title='bbox 2200 506 2855 565; x_wconf 63' lang='lat' dir='ltr'>canounxrtottts</span> 
     </span>
    </p>
   </div>
   <div class='ocr_carea' id='block_1_2' title="bbox 673 651 4118 1125">
    <p class='ocr_par' dir='ltr' id='par_1_2' title="bbox 673 651 4118 1125">
     <span class='ocr_line' id='line_1_2' title="bbox 798 651 4118 738; baseline 0 -20"><span class='ocrx_word' id='word_1_4' title='bbox 798 664 866 720; x_wconf 86' lang='lat' dir='ltr'>et</span> <span class='ocrx_word' id='word_1_5' title='bbox 892 654 1140 720; x_wconf 83' lang='lat' dir='ltr'>animae</span> <span class='ocrx_word' id='word_1_6' title='bbox 1169 658 1457 726; x_wconf 83' lang='lat' dir='ltr'>nostrae,</span> <span class='ocrx_word' id='word_1_7' title='bbox 1497 651 1783 719; x_wconf 73' lang='lat' dir='ltr'>instando</span> <span class='ocrx_word' id='word_1_8' title='bbox 1836 660 1901 716; x_wconf 88' lang='lat' dir='ltr'>et</span> <span class='ocrx_word' id='word_1_9' title='bbox 1954 653 2347 722; x_wconf 82' lang='lat' dir='ltr'>obsecrando</span> <span class='ocrx_word' id='word_1_10' title='bbox 2598 662 2665 719; x_wconf 81' lang='lat' dir='ltr'>ln</span> <span class='ocrx_word' id='word_1_11' title='bbox 2695 654 2915 717; x_wconf 86' lang='lat' dir='ltr'>borum</span> <span class='ocrx_word' id='word_1_12' title='bbox 2949 657 3370 721; x_wconf 76' lang='lat' dir='ltr'>Conventuunt</span> <span class='ocrx_word' id='word_1_13' title='bbox 3396 652 3701 735; x_wconf 70' lang='lat' dir='ltr'>regimine</span> <span class='ocrx_word' id='word_1_14' title='bbox 3722 699 3744 728; x_wconf 89' lang='lat'>‚</span> <span class='ocrx_word' id='word_1_15' title='bbox 3772 654 4024 738; x_wconf 85' lang='lat' dir='ltr'>quoties</span> <span class='ocrx_word' id='word_1_16' title='bbox 4073 673 4118 736; x_wconf 75' lang='lat' dir='ltr'>c</span> 
     </span>
     <span class='ocr_line' id='line_1_3' title="bbox 673 749 4014 836; baseline 0 -21"><span class='ocrx_word' id='word_1_17' title='bbox 673 762 728 822; x_wconf 74' lang='lat' dir='ltr'>A</span> <span class='ocrx_word' id='word_1_18' title='bbox 796 752 1044 819; x_wconf 79' lang='lat' dir='ltr'>tandem</span> <span class='ocrx_word' id='word_1_19' title='bbox 1076 749 1385 824; x_wconf 88' lang='lat' dir='ltr'>obtinuit,</span> <span class='ocrx_word' id='word_1_20' title='bbox 1415 757 1482 815; x_wconf 77' lang='lat' dir='ltr'>ut</span> <span class='ocrx_word' id='word_1_21' title='bbox 1511 751 1588 814; x_wconf 86' lang='lat' dir='ltr'>ad</span> <span class='ocrx_word' id='word_1_22' title='bbox 1623 751 1973 833; x_wconf 77' lang='lat' dir='ltr'>tteligiosae</span> <span class='ocrx_word' id='word_1_23' title='bbox 2024 752 2192 816; x_wconf 81' lang='lat' dir='ltr'>vitae</span> <span class='ocrx_word' id='word_1_24' title='bbox 2247 754 2348 816; x_wconf 79' lang='lat' dir='ltr'>‘ri-</span> <span class='ocrx_word' id='word_1_25' title='bbox 2465 754 2778 816; x_wconf 86' lang='lat' dir='ltr'>nascentis</span> <span class='ocrx_word' id='word_1_26' title='bbox 2813 750 3284 817; x_wconf 76' lang='lat' dir='ltr'>ttel&#39;orrnationis</span> <span class='ocrx_word' id='word_1_27' title='bbox 3311 755 3557 836; x_wconf 78' lang='lat' dir='ltr'>negotia</span> <span class='ocrx_word' id='word_1_28' title='bbox 3582 752 4014 819; x_wconf 82' lang='lat' dir='ltr'>villacretium</span> 
     </span>
     <span class='ocr_line' id='line_1_4' title="bbox 773 848 4021 933; baseline 0.002 -26"><span class='ocrx_word' id='word_1_29' title='bbox 773 850 1098 915; x_wconf 69' lang='lat' dir='ltr'>,roeinium</span> <span class='ocrx_word' id='word_1_30' title='bbox 1120 891 1142 920; x_wconf 89' lang='lat'>‚</span> <span class='ocrx_word' id='word_1_31' title='bbox 1173 868 1314 913; x_wconf 81' lang='lat' dir='ltr'>mox</span> <span class='ocrx_word' id='word_1_32' title='bbox 1341 850 1534 913; x_wconf 86' lang='lat' dir='ltr'>etiam</span> <span class='ocrx_word' id='word_1_33' title='bbox 1566 848 1644 911; x_wconf 87' lang='lat' dir='ltr'>ad</span> <span class='ocrx_word' id='word_1_34' title='bbox 1677 848 1976 913; x_wconf 86' lang='lat' dir='ltr'>solemnia</span> <span class='ocrx_word' id='word_1_35' title='bbox 2005 850 2348 920; x_wconf 81' lang='lat' dir='ltr'>emittenda</span> <span class='ocrx_word' id='word_1_36' title='bbox 2462 849 2588 912; x_wconf 87' lang='lat' dir='ltr'>alio</span> <span class='ocrx_word' id='word_1_37' title='bbox 2617 851 2918 914; x_wconf 82' lang='lat' dir='ltr'>vocabant</span> <span class='ocrx_word' id='word_1_38' title='bbox 2941 894 2961 920; x_wconf 81' lang='grc'>,</span> <span class='ocrx_word' id='word_1_39' title='bbox 2992 857 3215 913; x_wconf 85' lang='lat' dir='ltr'>Petrus</span> <span class='ocrx_word' id='word_1_40' title='bbox 3250 850 3583 933; x_wconf 81' lang='lat' dir='ltr'>Regalatus</span> <span class='ocrx_word' id='word_1_41' title='bbox 3611 850 3805 931; x_wconf 82' lang='lat' dir='ltr'>ipsius</span> <span class='ocrx_word' id='word_1_42' title='bbox 3845 849 4021 914; x_wconf 81' lang='lat' dir='ltr'>vices</span> 
     </span>
     <span class='ocr_line' id='line_1_5' title="bbox 789 944 4021 1027; baseline 0 -17"><span class='ocrx_word' id='word_1_43' title='bbox 789 958 932 1012; x_wconf 78' lang='lat' dir='ltr'>vota</span> <span class='ocrx_word' id='word_1_44' title='bbox 965 949 1026 1007; x_wconf 89' lang='lat' dir='ltr'>iu</span> <span class='ocrx_word' id='word_1_45' title='bbox 1058 947 1292 1027; x_wconf 87' lang='lat' dir='ltr'>patriae</span> <span class='ocrx_word' id='word_1_46' title='bbox 1324 944 1604 1011; x_wconf 86' lang='lat' dir='ltr'>Civitatis</span> <span class='ocrx_word' id='word_1_47' title='bbox 1631 948 1946 1011; x_wconf 82' lang='lat' dir='ltr'>coenobio</span> <span class='ocrx_word' id='word_1_48' title='bbox 1988 949 2348 1013; x_wconf 86' lang='lat' dir='ltr'>admittere·</span> <span class='ocrx_word' id='word_1_49' title='bbox 2460 946 2763 1010; x_wconf 65' lang='lat' dir='ltr'>sustinere·</span> <span class='ocrx_word' id='word_1_50' title='bbox 2790 949 3134 1011; x_wconf 84' lang='lat' dir='ltr'>consuerit.</span> <span class='ocrx_word' id='word_1_51' title='bbox 3156 951 3307 1011; x_wconf 85' lang='lat' dir='ltr'>Cum</span> <span class='ocrx_word' id='word_1_52' title='bbox 3340 968 3492 1011; x_wconf 77' lang='lat' dir='ltr'>vero</span> <span class='ocrx_word' id='word_1_53' title='bbox 3523 947 3692 1011; x_wconf 88' lang='lat' dir='ltr'>idem</span> <span class='ocrx_word' id='word_1_54' title='bbox 3719 947 4021 1013; x_wconf 84' lang='lat' dir='ltr'>villacro-</span> 
     </span>
     <span class='ocr_line' id='line_1_6' title="bbox 775 1042 4012 1125; baseline -0 -17"><span class='ocrx_word' id='word_1_55' title='bbox 775 1051 907 1108; x_wconf 69' lang='lat' dir='ltr'>tur.</span> <span class='ocrx_word' id='word_1_56' title='bbox 942 1050 1033 1108; x_wconf 79' lang='lat' dir='ltr'>Ex</span> <span class='ocrx_word' id='word_1_57' title='bbox 1060 1064 1139 1106; x_wconf 92' lang='lat' dir='ltr'>eo</span> <span class='ocrx_word' id='word_1_58' title='bbox 1166 1052 1448 1123; x_wconf 86' lang='lat' dir='ltr'>temporo</span> <span class='ocrx_word' id='word_1_59' title='bbox 1481 1063 1671 1122; x_wconf 79' lang='lat' dir='ltr'>quum</span> <span class='ocrx_word' id='word_1_60' title='bbox 1711 1043 1771 1105; x_wconf 90' lang='lat' dir='ltr'>in</span> <span class='ocrx_word' id='word_1_61' title='bbox 1800 1053 2094 1124; x_wconf 82' lang='lat' dir='ltr'>suscepto</span> <span class='ocrx_word' id='word_1_62' title='bbox 2136 1044 2345 1125; x_wconf 78' lang='lat' dir='ltr'>perfe-</span> <span class='ocrx_word' id='word_1_63' title='bbox 2459 1046 2605 1114; x_wconf 75' lang='lat' dir='ltr'>tius,</span> <span class='ocrx_word' id='word_1_64' title='bbox 2634 1053 2772 1124; x_wconf 80' lang='lat' dir='ltr'>post</span> <span class='ocrx_word' id='word_1_65' title='bbox 2805 1046 3058 1109; x_wconf 83' lang='lat' dir='ltr'>obtenta</span> <span class='ocrx_word' id='word_1_66' title='bbox 3087 1065 3121 1106; x_wconf 90' lang='lat' dir='ltr'>a</span> <span class='ocrx_word' id='word_1_67' title='bbox 3152 1042 3355 1107; x_wconf 77' lang='lat' dir='ltr'>felicis</span> <span class='ocrx_word' id='word_1_68' title='bbox 3383 1044 3831 1108; x_wconf 79' lang='lat' dir='ltr'>recordationis</span> <span class='ocrx_word' id='word_1_69' title='bbox 3854 1051 4012 1109; x_wconf 73' lang='lat' dir='ltr'>Mar-</span> 
     </span>
    </p>
   </div>
   <div class='ocr_carea' id='block_1_3' title="bbox 775 1139 2346 1908">
    <p class='ocr_par' dir='ltr' id='par_1_3' title="bbox 775 1139 2346 1908">
     <span class='ocr_line' id='line_1_7' title="bbox 781 1139 2343 1220; baseline -0.002 -12"><span class='ocrx_word' id='word_1_70' title='bbox 781 1142 1009 1208; x_wconf 69' lang='lat' dir='ltr'>ettonis</span> <span class='ocrx_word' id='word_1_71' title='bbox 1033 1141 1339 1205; x_wconf 85' lang='lat' dir='ltr'>curriculo</span> <span class='ocrx_word' id='word_1_72' title='bbox 1366 1160 1480 1220; x_wconf 87' lang='lat' dir='ltr'>per</span> <span class='ocrx_word' id='word_1_73' title='bbox 1510 1142 1789 1204; x_wconf 85' lang='lat' dir='ltr'>internae</span> <span class='ocrx_word' id='word_1_74' title='bbox 1817 1139 2185 1208; x_wconf 85' lang='lat' dir='ltr'>humilitatis</span> <span class='ocrx_word' id='word_1_75' title='bbox 2234 1161 2343 1207; x_wconf 81' lang='lat' dir='ltr'>ex·</span> 
     </span>
     <span class='ocr_line' id='line_1_8' title="bbox 785 1237 2346 1321; baseline -0.001 -16"><span class='ocrx_word' id='word_1_76' title='bbox 785 1249 1131 1320; x_wconf 80' lang='lat' dir='ltr'>ternaeque</span> <span class='ocrx_word' id='word_1_77' title='bbox 1163 1237 1661 1303; x_wconf 82' lang='lat' dir='ltr'>mortificationis</span> <span class='ocrx_word' id='word_1_78' title='bbox 1690 1237 1963 1302; x_wconf 88' lang='lat' dir='ltr'>studium</span> <span class='ocrx_word' id='word_1_79' title='bbox 1987 1284 2008 1314; x_wconf 86' lang='lat'>‚</span> <span class='ocrx_word' id='word_1_80' title='bbox 2037 1260 2151 1321; x_wconf 85' lang='lat' dir='ltr'>per</span> <span class='ocrx_word' id='word_1_81' title='bbox 2188 1242 2346 1306; x_wconf 83' lang='lat' dir='ltr'>assi·</span> 
     </span>
     <span class='ocr_line' id='line_1_9' title="bbox 783 1334 2342 1417; baseline 0.001 -15"><span class='ocrx_word' id='word_1_82' title='bbox 783 1338 909 1402; x_wconf 75' lang='lat' dir='ltr'>dua</span> <span class='ocrx_word' id='word_1_83' title='bbox 937 1335 1253 1400; x_wconf 86' lang='lat' dir='ltr'>Orationis</span> <span class='ocrx_word' id='word_1_84' title='bbox 1281 1344 1346 1399; x_wconf 87' lang='lat' dir='ltr'>et</span> <span class='ocrx_word' id='word_1_85' title='bbox 1400 1334 1948 1417; x_wconf 68' lang='lat' dir='ltr'>contemplationis</span> <span class='ocrx_word' id='word_1_86' title='bbox 2002 1336 2298 1404; x_wconf 84' lang='lat' dir='ltr'>exercitia</span> <span class='ocrx_word' id='word_1_87' title='bbox 2320 1382 2342 1413; x_wconf 83' lang='lat'><strong>.</strong></span> 
     </span>
     <span class='ocr_line' id='line_1_10' title="bbox 781 1431 2344 1517; baseline 0.004 -20"><span class='ocrx_word' id='word_1_88' title='bbox 781 1454 899 1517; x_wconf 85' lang='lat' dir='ltr'>per</span> <span class='ocrx_word' id='word_1_89' title='bbox 923 1433 1226 1498; x_wconf 85' lang='lat' dir='ltr'>solicitam</span> <span class='ocrx_word' id='word_1_90' title='bbox 1255 1431 1395 1514; x_wconf 88' lang='lat' dir='ltr'>puri</span> <span class='ocrx_word' id='word_1_91' title='bbox 1426 1434 1634 1497; x_wconf 86' lang='lat' dir='ltr'>cordis</span> <span class='ocrx_word' id='word_1_92' title='bbox 1662 1441 1724 1497; x_wconf 88' lang='lat' dir='ltr'>et</span> <span class='ocrx_word' id='word_1_93' title='bbox 1780 1454 2077 1500; x_wconf 83' lang='lat' dir='ltr'>sensuum</span> <span class='ocrx_word' id='word_1_94' title='bbox 2133 1445 2344 1504; x_wconf 75' lang='lat' dir='ltr'>custo-</span> 
     </span>
     <span class='ocr_line' id='line_1_11' title="bbox 775 1530 2337 1612; baseline 0.001 -15"><span class='ocrx_word' id='word_1_95' title='bbox 775 1536 952 1601; x_wconf 70' lang='lat' dir='ltr'>diam</span> <span class='ocrx_word' id='word_1_96' title='bbox 973 1552 1170 1597; x_wconf 83' lang='lat' dir='ltr'>novos</span> <span class='ocrx_word' id='word_1_97' title='bbox 1195 1550 1444 1612; x_wconf 87' lang='lat' dir='ltr'>semper</span> <span class='ocrx_word' id='word_1_98' title='bbox 1465 1550 1834 1611; x_wconf 67' lang='lat' dir='ltr'>progressae</span> <span class='ocrx_word' id='word_1_99' title='bbox 1860 1530 2126 1602; x_wconf 77' lang='lat' dir='ltr'>faceret.</span> <span class='ocrx_word' id='word_1_100' title='bbox 2150 1555 2337 1599; x_wconf 83' lang='lat' dir='ltr'>num·</span> 
     </span>
     <span class='ocr_line' id='line_1_12' title="bbox 783 1628 2339 1715; baseline 0.003 -22"><span class='ocrx_word' id='word_1_101' title='bbox 783 1651 966 1715; x_wconf 75' lang='lat' dir='ltr'>quam</span> <span class='ocrx_word' id='word_1_102' title='bbox 995 1628 1332 1710; x_wconf 81' lang='lat' dir='ltr'>respiciens</span> <span class='ocrx_word' id='word_1_103' title='bbox 1360 1638 1531 1692; x_wconf 82' lang='lat' dir='ltr'>retro</span> <span class='ocrx_word' id='word_1_104' title='bbox 1552 1670 1576 1702; x_wconf 84' lang='lat'>‚</span> <span class='ocrx_word' id='word_1_105' title='bbox 1606 1630 1718 1693; x_wconf 82' lang='lat' dir='ltr'>sed</span> <span class='ocrx_word' id='word_1_106' title='bbox 1751 1630 1831 1693; x_wconf 89' lang='lat' dir='ltr'>ad</span> <span class='ocrx_word' id='word_1_107' title='bbox 1863 1629 2239 1714; x_wconf 72' lang='lat' dir='ltr'>perfectiora</span> <span class='ocrx_word' id='word_1_108' title='bbox 2270 1644 2339 1702; x_wconf 83' lang='lat' dir='ltr'>et</span> 
     </span>
     <span class='ocr_line' id='line_1_13' title="bbox 781 1725 2339 1809; baseline 0.004 -17"><span class='ocrx_word' id='word_1_109' title='bbox 781 1727 1147 1801; x_wconf 71' lang='lat' dir='ltr'>sublimiora</span> <span class='ocrx_word' id='word_1_110' title='bbox 1167 1725 1516 1790; x_wconf 80' lang='lat' dir='ltr'>extendens</span> <span class='ocrx_word' id='word_1_111' title='bbox 1536 1747 1606 1791; x_wconf 88' lang='lat' dir='ltr'>se</span> <span class='ocrx_word' id='word_1_112' title='bbox 1635 1727 1838 1809; x_wconf 83' lang='lat' dir='ltr'>ipsum</span> <span class='ocrx_word' id='word_1_113' title='bbox 1859 1753 1883 1802; x_wconf 62' lang='grc' dir='ltr'><strong>ς</strong></span> <span class='ocrx_word' id='word_1_114' title='bbox 1910 1728 1988 1792; x_wconf 86' lang='lat' dir='ltr'>ad</span> <span class='ocrx_word' id='word_1_115' title='bbox 2017 1729 2174 1794; x_wconf 83' lang='lat' dir='ltr'>illud</span> <span class='ocrx_word' id='word_1_116' title='bbox 2198 1733 2339 1799; x_wconf 82' lang='lat' dir='ltr'>bre-</span> 
     </span>
     <span class='ocr_line' id='line_1_14' title="bbox 778 1817 2340 1908; baseline 0.007 -27"><span class='ocrx_word' id='word_1_117' title='bbox 778 1826 846 1891; x_wconf 69' lang='lat' dir='ltr'>vi</span> <span class='ocrx_word' id='word_1_118' title='bbox 864 1820 1142 1908; x_wconf 72' lang='lat' dir='ltr'>pervenit</span> <span class='ocrx_word' id='word_1_119' title='bbox 1173 1820 1426 1885; x_wconf 84' lang='lat' dir='ltr'>virtutis</span> <span class='ocrx_word' id='word_1_120' title='bbox 1454 1817 1764 1905; x_wconf 70' lang='lat' dir='ltr'>fastigium</span> <span class='ocrx_word' id='word_1_121' title='bbox 1789 1831 1910 1894; x_wconf 54' lang='lat' dir='ltr'>„ut</span> <span class='ocrx_word' id='word_1_122' title='bbox 1936 1836 2002 1889; x_wconf 89' lang='lat' dir='ltr'>et</span> <span class='ocrx_word' id='word_1_123' title='bbox 2033 1824 2097 1888; x_wconf 87' lang='lat' dir='ltr'>in</span> <span class='ocrx_word' id='word_1_124' title='bbox 2137 1829 2340 1895; x_wconf 80' lang='lat' dir='ltr'>omni·</span> 
     </span>
    </p>
   </div>
   <div class='ocr_carea' id='block_1_4' title="bbox 2448 1142 4013 1904">
    <p class='ocr_par' dir='ltr' id='par_1_4' title="bbox 2448 1142 4013 1904">
     <span class='ocr_line' id='line_1_15' title="bbox 2456 1142 4011 1224; baseline 0.004 -20"><span class='ocrx_word' id='word_1_125' title='bbox 2456 1142 2584 1205; x_wconf 89' lang='lat' dir='ltr'>tino</span> <span class='ocrx_word' id='word_1_126' title='bbox 2606 1150 2760 1224; x_wconf 79' lang='lat' dir='ltr'>Papa</span> <span class='ocrx_word' id='word_1_127' title='bbox 2792 1152 2860 1204; x_wconf 87' lang='lat' dir='ltr'>v.</span> <span class='ocrx_word' id='word_1_128' title='bbox 2895 1144 3377 1207; x_wconf 67' lang='lat' dir='ltr'>praedecessore</span> <span class='ocrx_word' id='word_1_129' title='bbox 3396 1149 3614 1207; x_wconf 87' lang='lat' dir='ltr'>nostro</span> <span class='ocrx_word' id='word_1_130' title='bbox 3627 1164 3815 1223; x_wconf 83' lang='lat' dir='ltr'>quem</span> <span class='ocrx_word' id='word_1_131' title='bbox 3835 1164 4011 1224; x_wconf 88' lang='lat' dir='ltr'>prae·</span> 
     </span>
     <span class='ocr_line' id='line_1_16' title="bbox 2458 1238 4009 1321; baseline 0.001 -20"><span class='ocrx_word' id='word_1_132' title='bbox 2458 1259 2602 1302; x_wconf 89' lang='lat' dir='ltr'>sens</span> <span class='ocrx_word' id='word_1_133' title='bbox 2630 1240 2907 1310; x_wconf 81' lang='lat' dir='ltr'>adierat,</span> <span class='ocrx_word' id='word_1_134' title='bbox 2939 1259 3371 1321; x_wconf 85' lang='lat' dir='ltr'>quaecumque</span> <span class='ocrx_word' id='word_1_135' title='bbox 3402 1240 3478 1301; x_wconf 86' lang='lat' dir='ltr'>ad</span> <span class='ocrx_word' id='word_1_136' title='bbox 3542 1239 3738 1321; x_wconf 89' lang='lat' dir='ltr'>ipsius</span> <span class='ocrx_word' id='word_1_137' title='bbox 3800 1238 4009 1305; x_wconf 80' lang='lat' dir='ltr'>Refor-</span> 
     </span>
     <span class='ocr_line' id='line_1_17' title="bbox 2458 1334 4013 1416; baseline 0.001 -19"><span class='ocrx_word' id='word_1_138' title='bbox 2458 1336 2750 1400; x_wconf 86' lang='lat' dir='ltr'>mationis</span> <span class='ocrx_word' id='word_1_139' title='bbox 2781 1335 3138 1399; x_wconf 80' lang='lat' dir='ltr'>firmitatem</span> <span class='ocrx_word' id='word_1_140' title='bbox 3170 1344 3359 1416; x_wconf 88' lang='lat' dir='ltr'>atque</span> <span class='ocrx_word' id='word_1_141' title='bbox 3392 1334 3823 1401; x_wconf 74' lang='lat' dir='ltr'>dilatationem</span> <span class='ocrx_word' id='word_1_142' title='bbox 3885 1341 4013 1405; x_wconf 61' lang='lat' dir='ltr'>md·</span> 
     </span>
     <span class='ocr_line' id='line_1_18' title="bbox 2454 1432 4011 1517; baseline 0 -20"><span class='ocrx_word' id='word_1_143' title='bbox 2454 1434 2626 1498; x_wconf 83' lang='lat' dir='ltr'>xime</span> <span class='ocrx_word' id='word_1_144' title='bbox 2655 1442 2974 1516; x_wconf 82' lang='lat' dir='ltr'>optaverat</span> <span class='ocrx_word' id='word_1_145' title='bbox 2994 1477 3014 1504; x_wconf 81' lang='grc'>.,</span> <span class='ocrx_word' id='word_1_146' title='bbox 3047 1454 3120 1498; x_wconf 83' lang='lat' dir='ltr'>ex</span> <span class='ocrx_word' id='word_1_147' title='bbox 3152 1433 3268 1497; x_wconf 82' lang='lat' dir='ltr'>hac</span> <span class='ocrx_word' id='word_1_148' title='bbox 3294 1432 3418 1495; x_wconf 77' lang='lat' dir='ltr'>vita</span> <span class='ocrx_word' id='word_1_149' title='bbox 3480 1433 3581 1513; x_wconf 91' lang='lat' dir='ltr'>pie</span> <span class='ocrx_word' id='word_1_150' title='bbox 3638 1437 4011 1517; x_wconf 81' lang='lat' dir='ltr'>migrasset,</span> 
     </span>
     <span class='ocr_line' id='line_1_19' title="bbox 2453 1529 4009 1612; baseline -0.001 -16"><span class='ocrx_word' id='word_1_151' title='bbox 2453 1531 2771 1596; x_wconf 86' lang='lat' dir='ltr'>communi</span> <span class='ocrx_word' id='word_1_152' title='bbox 2804 1529 3258 1612; x_wconf 76' lang='lat' dir='ltr'>Religiosorum</span> <span class='ocrx_word' id='word_1_153' title='bbox 3292 1539 3438 1593; x_wconf 81' lang='lat' dir='ltr'>voto</span> <span class='ocrx_word' id='word_1_154' title='bbox 3469 1530 3529 1590; x_wconf 90' lang='lat' dir='ltr'>in</span> <span class='ocrx_word' id='word_1_155' title='bbox 3561 1530 3759 1609; x_wconf 83' lang='lat' dir='ltr'>ipsius</span> <span class='ocrx_word' id='word_1_156' title='bbox 3804 1530 4009 1595; x_wconf 87' lang='lat' dir='ltr'>locum</span> 
     </span>
     <span class='ocr_line' id='line_1_20' title="bbox 2456 1625 4009 1708; baseline 0 -15"><span class='ocrx_word' id='word_1_157' title='bbox 2456 1628 2754 1693; x_wconf 73' lang='lat' dir='ltr'>suffectus</span> <span class='ocrx_word' id='word_1_158' title='bbox 2783 1634 2881 1691; x_wconf 85' lang='lat' dir='ltr'>est</span> <span class='ocrx_word' id='word_1_159' title='bbox 2911 1634 3127 1691; x_wconf 80' lang='lat' dir='ltr'>Petrus</span> <span class='ocrx_word' id='word_1_160' title='bbox 3149 1669 3170 1699; x_wconf 89' lang='lat'><strong>,</strong></span> <span class='ocrx_word' id='word_1_161' title='bbox 3202 1625 3308 1708; x_wconf 85' lang='lat' dir='ltr'>qui</span> <span class='ocrx_word' id='word_1_162' title='bbox 3335 1626 3491 1691; x_wconf 88' lang='lat' dir='ltr'>sicut</span> <span class='ocrx_word' id='word_1_163' title='bbox 3522 1648 3667 1691; x_wconf 88' lang='lat' dir='ltr'>eum</span> <span class='ocrx_word' id='word_1_164' title='bbox 3700 1628 4009 1695; x_wconf 76' lang='lat' dir='ltr'>viventem</span> 
     </span>
     <span class='ocr_line' id='line_1_21' title="bbox 2452 1722 4010 1807; baseline 0.003 -20"><span class='ocrx_word' id='word_1_165' title='bbox 2452 1724 2515 1787; x_wconf 93' lang='lat' dir='ltr'>in</span> <span class='ocrx_word' id='word_1_166' title='bbox 2544 1723 2927 1807; x_wconf 67' lang='lat' dir='ltr'>praelaudati</span> <span class='ocrx_word' id='word_1_167' title='bbox 2962 1722 3176 1804; x_wconf 88' lang='lat' dir='ltr'>operis</span> <span class='ocrx_word' id='word_1_168' title='bbox 3202 1722 3655 1788; x_wconf 85' lang='lat' dir='ltr'>constitutione</span> <span class='ocrx_word' id='word_1_169' title='bbox 3706 1731 3769 1787; x_wconf 87' lang='lat' dir='ltr'>et</span> <span class='ocrx_word' id='word_1_170' title='bbox 3817 1726 4010 1791; x_wconf 87' lang='lat' dir='ltr'>admi·</span> 
     </span>
     <span class='ocr_line' id='line_1_22' title="bbox 2448 1821 4012 1904; baseline 0.002 -20"><span class='ocrx_word' id='word_1_171' title='bbox 2448 1823 2817 1889; x_wconf 84' lang='lat' dir='ltr'>nistratione</span> <span class='ocrx_word' id='word_1_172' title='bbox 2837 1865 2857 1895; x_wconf 85' lang='grc'><strong>.</strong></span> <span class='ocrx_word' id='word_1_173' title='bbox 2888 1821 3151 1886; x_wconf 86' lang='lat' dir='ltr'>consilio</span> <span class='ocrx_word' id='word_1_174' title='bbox 3183 1841 3297 1886; x_wconf 82' lang='lat' dir='ltr'>sno</span> <span class='ocrx_word' id='word_1_175' title='bbox 3326 1828 3513 1904; x_wconf 81' lang='lat' dir='ltr'>atque</span> <span class='ocrx_word' id='word_1_176' title='bbox 3563 1838 3753 1902; x_wconf 82' lang='lat' dir='ltr'>opera</span> <span class='ocrx_word' id='word_1_177' title='bbox 3816 1826 4012 1892; x_wconf 82' lang='lat' dir='ltr'>maxi·</span> 
     </span>
    </p>
   </div>
   <div class='ocr_carea' id='block_1_5' title="bbox 779 1917 4012 2004">
    <p class='ocr_par' dir='ltr' id='par_1_5' title="bbox 779 1917 4012 2004">
     <span class='ocr_line' id='line_1_23' title="bbox 779 1917 4012 2004; baseline -0.001 -16"><span class='ocrx_word' id='word_1_178' title='bbox 779 1924 903 1988; x_wconf 78' lang='lat' dir='ltr'>bns</span> <span class='ocrx_word' id='word_1_179' title='bbox 931 1920 1210 2004; x_wconf 87' lang='lat' dir='ltr'>religiosi</span> <span class='ocrx_word' id='word_1_180' title='bbox 1241 1919 1372 1981; x_wconf 87' lang='lat' dir='ltr'>Viri</span> <span class='ocrx_word' id='word_1_181' title='bbox 1400 1917 1625 1983; x_wconf 81' lang='lat' dir='ltr'>officiis</span> <span class='ocrx_word' id='word_1_182' title='bbox 1649 1921 1764 1984; x_wconf 88' lang='lat' dir='ltr'>toti</span> <span class='ocrx_word' id='word_1_183' title='bbox 1798 1922 2097 1988; x_wconf 76' lang='lat' dir='ltr'>sodalitio</span> <span class='ocrx_word' id='word_1_184' title='bbox 2124 1945 2339 1989; x_wconf 75' lang='lat' dir='ltr'>exem·</span> <span class='ocrx_word' id='word_1_185' title='bbox 2447 1938 2548 1984; x_wconf 89' lang='lat' dir='ltr'>me</span> <span class='ocrx_word' id='word_1_186' title='bbox 2571 1919 2856 2003; x_wconf 81' lang='lat' dir='ltr'>juverat,</span> <span class='ocrx_word' id='word_1_187' title='bbox 2887 1918 2970 1980; x_wconf 84' lang='lat' dir='ltr'>ita</span> <span class='ocrx_word' id='word_1_188' title='bbox 3004 1919 3298 2001; x_wconf 72' lang='lat' dir='ltr'>deinceps</span> <span class='ocrx_word' id='word_1_189' title='bbox 3326 1939 3448 1983; x_wconf 88' lang='lat' dir='ltr'>non</span> <span class='ocrx_word' id='word_1_190' title='bbox 3507 1919 3693 1983; x_wconf 90' lang='lat' dir='ltr'>modo</span> <span class='ocrx_word' id='word_1_191' title='bbox 3753 1921 4012 2003; x_wconf 80' lang='lat' dir='ltr'>Aquile-</span> 
     </span>
    </p>
   </div>
   <div class='ocr_carea' id='block_1_6' title="bbox 743 2015 2335 5197">
    <p class='ocr_par' dir='ltr' id='par_1_6' title="bbox 769 2015 2335 2569">
     <span class='ocr_line' id='line_1_24' title="bbox 777 2015 2334 2106; baseline 0.005 -30"><span class='ocrx_word' id='word_1_192' title='bbox 777 2017 902 2106; x_wconf 58' lang='grc' dir='ltr'>μὴ</span> <span class='ocrx_word' id='word_1_193' title='bbox 923 2017 1056 2083; x_wconf 83' lang='lat' dir='ltr'>suis</span> <span class='ocrx_word' id='word_1_194' title='bbox 1085 2015 1517 2098; x_wconf 73' lang='lat' dir='ltr'>praelttcere13</span> <span class='ocrx_word' id='word_1_195' title='bbox 1549 2027 1612 2080; x_wconf 88' lang='lat' dir='ltr'>et</span> <span class='ocrx_word' id='word_1_196' title='bbox 1661 2020 1995 2084; x_wconf 85' lang='lat' dir='ltr'>sanctioris</span> <span class='ocrx_word' id='word_1_197' title='bbox 2056 2021 2334 2103; x_wconf 86' lang='lat' dir='ltr'>discipli-</span> 
     </span>
     <span class='ocr_line' id='line_1_25' title="bbox 773 2112 2334 2182; baseline 0.003 -4"><span class='ocrx_word' id='word_1_198' title='bbox 773 2134 893 2179; x_wconf 81' lang='lat' dir='ltr'>nae</span> <span class='ocrx_word' id='word_1_199' title='bbox 921 2115 980 2175; x_wconf 90' lang='lat' dir='ltr'>in</span> <span class='ocrx_word' id='word_1_200' title='bbox 1009 2112 1317 2177; x_wconf 67' lang='lat' dir='ltr'>Minoi-um</span> <span class='ocrx_word' id='word_1_201' title='bbox 1353 2113 1605 2176; x_wconf 76' lang='lat' dir='ltr'>Familia</span> <span class='ocrx_word' id='word_1_202' title='bbox 1638 2134 1759 2178; x_wconf 88' lang='lat' dir='ltr'>non</span> <span class='ocrx_word' id='word_1_203' title='bbox 1788 2116 1940 2178; x_wconf 83' lang='lat' dir='ltr'>nibil</span> <span class='ocrx_word' id='word_1_204' title='bbox 1974 2125 2116 2179; x_wconf 88' lang='lat' dir='ltr'>tunc</span> <span class='ocrx_word' id='word_1_205' title='bbox 2174 2127 2334 2182; x_wconf 84' lang='lat' dir='ltr'>tem·</span> 
     </span>
     <span class='ocr_line' id='line_1_26' title="bbox 773 2210 2335 2298; baseline 0.001 -22"><span class='ocrx_word' id='word_1_206' title='bbox 773 2213 948 2298; x_wconf 71' lang='lat' dir='ltr'>poris</span> <span class='ocrx_word' id='word_1_207' title='bbox 977 2211 1240 2281; x_wconf 82' lang='lat' dir='ltr'>laxatae,</span> <span class='ocrx_word' id='word_1_208' title='bbox 1275 2210 1334 2271; x_wconf 88' lang='lat' dir='ltr'>in</span> <span class='ocrx_word' id='word_1_209' title='bbox 1361 2210 1691 2290; x_wconf 88' lang='lat' dir='ltr'>pristinum</span> <span class='ocrx_word' id='word_1_210' title='bbox 1721 2212 2124 2293; x_wconf 74' lang='lat' dir='ltr'>splendorem</span> <span class='ocrx_word' id='word_1_211' title='bbox 2152 2218 2335 2279; x_wconf 73' lang='lat' dir='ltr'>resti·</span> 
     </span>
     <span class='ocr_line' id='line_1_27' title="bbox 772 2306 2329 2394; baseline 0.001 -17"><span class='ocrx_word' id='word_1_212' title='bbox 772 2309 1044 2377; x_wconf 84' lang='lat' dir='ltr'>tuendae</span> <span class='ocrx_word' id='word_1_213' title='bbox 1065 2351 1086 2377; x_wconf 85' lang='lat'>‚</span> <span class='ocrx_word' id='word_1_214' title='bbox 1120 2306 1460 2389; x_wconf 83' lang='lat' dir='ltr'>inspirante</span> <span class='ocrx_word' id='word_1_215' title='bbox 1494 2314 1662 2378; x_wconf 78' lang='lat' dir='ltr'>neo,</span> <span class='ocrx_word' id='word_1_216' title='bbox 1693 2309 2023 2374; x_wconf 75' lang='lat' dir='ltr'>consilium</span> <span class='ocrx_word' id='word_1_217' title='bbox 2053 2320 2329 2394; x_wconf 75' lang='lat' dir='ltr'>caperet,</span> 
     </span>
     <span class='ocr_line' id='line_1_28' title="bbox 771 2404 2332 2492; baseline -0.001 -19"><span class='ocrx_word' id='word_1_218' title='bbox 771 2407 1126 2486; x_wconf 81' lang='lat' dir='ltr'>eodemque</span> <span class='ocrx_word' id='word_1_219' title='bbox 1155 2404 1486 2488; x_wconf 79' lang='lat' dir='ltr'>adjuvante</span> <span class='ocrx_word' id='word_1_220' title='bbox 1516 2405 1593 2468; x_wconf 89' lang='lat' dir='ltr'>ad</span> <span class='ocrx_word' id='word_1_221' title='bbox 1626 2404 1921 2473; x_wconf 75' lang='lat' dir='ltr'>effectum</span> <span class='ocrx_word' id='word_1_222' title='bbox 1971 2410 2130 2473; x_wconf 88' lang='lat' dir='ltr'>mire</span> <span class='ocrx_word' id='word_1_223' title='bbox 2185 2429 2332 2492; x_wconf 80' lang='lat' dir='ltr'>per·</span> 
     </span>
     <span class='ocr_line' id='line_1_29' title="bbox 769 2502 1053 2569; baseline -0.021 0"><span class='ocrx_word' id='word_1_224' title='bbox 769 2502 1053 2569; x_wconf 84' lang='lat' dir='ltr'>duceret.</span> 
     </span>
    </p>

    <p class='ocr_par' dir='ltr' id='par_1_7' title="bbox 743 2596 2328 5197">
     <span class='ocr_line' id='line_1_30' title="bbox 899 2596 2317 2685; baseline 0.004 -23"><span class='ocrx_word' id='word_1_225' title='bbox 899 2596 1144 2662; x_wconf 84' lang='lat' dir='ltr'>Etenim</span> <span class='ocrx_word' id='word_1_226' title='bbox 1175 2597 1568 2662; x_wconf 76' lang='lat' dir='ltr'>occasionem</span> <span class='ocrx_word' id='word_1_227' title='bbox 1601 2608 1855 2672; x_wconf 84' lang='lat' dir='ltr'>nactus,</span> <span class='ocrx_word' id='word_1_228' title='bbox 1884 2621 2007 2683; x_wconf 80' lang='lat' dir='ltr'>qua</span> <span class='ocrx_word' id='word_1_229' title='bbox 2033 2601 2145 2667; x_wconf 80' lang='lat' dir='ltr'>Vir</span> <span class='ocrx_word' id='word_1_230' title='bbox 2178 2601 2317 2685; x_wconf 84' lang='lat' dir='ltr'>pius</span> 
     </span>
     <span class='ocr_line' id='line_1_31' title="bbox 768 2694 2328 2782; baseline 0.004 -25"><span class='ocrx_word' id='word_1_231' title='bbox 768 2716 840 2765; x_wconf 77' lang='lat' dir='ltr'>ae</span> <span class='ocrx_word' id='word_1_232' title='bbox 871 2695 1144 2777; x_wconf 87' lang='lat' dir='ltr'>prudens</span> <span class='ocrx_word' id='word_1_233' title='bbox 1176 2699 1387 2756; x_wconf 74' lang='lat' dir='ltr'>Frater</span> <span class='ocrx_word' id='word_1_234' title='bbox 1415 2700 1639 2759; x_wconf 75' lang='lat' dir='ltr'>Petrus</span> <span class='ocrx_word' id='word_1_235' title='bbox 1701 2694 2099 2762; x_wconf 86' lang='lat' dir='ltr'>villacrotius</span> <span class='ocrx_word' id='word_1_236' title='bbox 2158 2698 2328 2782; x_wconf 81' lang='lat' dir='ltr'>ejus·</span> 
     </span>
     <span class='ocr_line' id='line_1_32' title="bbox 769 2787 2321 2878; baseline 0.003 -23"><span class='ocrx_word' id='word_1_237' title='bbox 769 2794 916 2859; x_wconf 74' lang='lat' dir='ltr'>dem</span> <span class='ocrx_word' id='word_1_238' title='bbox 947 2790 1198 2856; x_wconf 83' lang='lat' dir='ltr'>Ordinis</span> <span class='ocrx_word' id='word_1_239' title='bbox 1226 2787 1592 2864; x_wconf 74' lang='lat' dir='ltr'>Professor,</span> <span class='ocrx_word' id='word_1_240' title='bbox 1626 2801 1937 2875; x_wconf 88' lang='lat' dir='ltr'>potestate</span> <span class='ocrx_word' id='word_1_241' title='bbox 1968 2816 2001 2858; x_wconf 88' lang='lat' dir='ltr'>a</span> <span class='ocrx_word' id='word_1_242' title='bbox 2032 2797 2321 2878; x_wconf 83' lang='lat' dir='ltr'>Superio-</span> 
     </span>
     <span class='ocr_line' id='line_1_33' title="bbox 765 2886 2327 2977; baseline 0.001 -20"><span class='ocrx_word' id='word_1_243' title='bbox 765 2891 949 2957; x_wconf 82' lang='lat' dir='ltr'>ribus</span> <span class='ocrx_word' id='word_1_244' title='bbox 979 2889 1098 2955; x_wconf 83' lang='lat' dir='ltr'>sibi</span> <span class='ocrx_word' id='word_1_245' title='bbox 1129 2886 1288 2953; x_wconf 77' lang='lat' dir='ltr'>facta</span> <span class='ocrx_word' id='word_1_246' title='bbox 1319 2889 1656 2970; x_wconf 71' lang='lat' dir='ltr'>uispnn²ae</span> <span class='ocrx_word' id='word_1_247' title='bbox 1687 2893 2000 2955; x_wconf 81' lang='lat' dir='ltr'>Coenobia</span> <span class='ocrx_word' id='word_1_248' title='bbox 2040 2912 2327 2977; x_wconf 83' lang='lat' dir='ltr'>peragra-</span> 
     </span>
     <span class='ocr_line' id='line_1_34' title="bbox 766 2985 2327 3066; baseline 0.004 -18"><span class='ocrx_word' id='word_1_249' title='bbox 766 2989 871 3053; x_wconf 82' lang='lat' dir='ltr'>bat</span> <span class='ocrx_word' id='word_1_250' title='bbox 891 3029 914 3058; x_wconf 78' lang='lat'>‚</span> <span class='ocrx_word' id='word_1_251' title='bbox 945 2995 1013 3047; x_wconf 90' lang='lat' dir='ltr'>ut</span> <span class='ocrx_word' id='word_1_252' title='bbox 1044 3006 1122 3049; x_wconf 83' lang='lat' dir='ltr'>ex</span> <span class='ocrx_word' id='word_1_253' title='bbox 1153 2985 1226 3053; x_wconf 83' lang='lat' dir='ltr'>iis</span> <span class='ocrx_word' id='word_1_254' title='bbox 1255 2986 1361 3066; x_wconf 82' lang='lat' dir='ltr'>qui</span> <span class='ocrx_word' id='word_1_255' title='bbox 1391 3006 1428 3048; x_wconf 87' lang='lat' dir='ltr'>a</span> <span class='ocrx_word' id='word_1_256' title='bbox 1460 2985 1835 3051; x_wconf 84' lang='lat' dir='ltr'>subinducta</span> <span class='ocrx_word' id='word_1_257' title='bbox 1890 2986 2190 3055; x_wconf 88' lang='lat' dir='ltr'>libertato</span> <span class='ocrx_word' id='word_1_258' title='bbox 2245 2990 2327 3054; x_wconf 88' lang='lat' dir='ltr'>ad</span> 
     </span>
     <span class='ocr_line' id='line_1_35' title="bbox 757 3081 2328 3168; baseline 0.004 -23"><span class='ocrx_word' id='word_1_259' title='bbox 757 3081 1206 3168; x_wconf 69' lang='lat' dir='ltr'>perfectiorem</span> <span class='ocrx_word' id='word_1_260' title='bbox 1238 3083 1483 3146; x_wconf 80' lang='lat' dir='ltr'>vivendi</span> <span class='ocrx_word' id='word_1_261' title='bbox 1532 3082 1838 3152; x_wconf 86' lang='lat' dir='ltr'>rationem</span> <span class='ocrx_word' id='word_1_262' title='bbox 1900 3086 2167 3153; x_wconf 85' lang='lat' dir='ltr'>transire</span> <span class='ocrx_word' id='word_1_263' title='bbox 2221 3107 2328 3153; x_wconf 86' lang='lat' dir='ltr'>cu-</span> 
     </span>
     <span class='ocr_line' id='line_1_36' title="bbox 759 3180 2319 3267; baseline 0.003 -21"><span class='ocrx_word' id='word_1_264' title='bbox 759 3191 1020 3265; x_wconf 81' lang='lat' dir='ltr'>perent,</span> <span class='ocrx_word' id='word_1_265' title='bbox 1049 3180 1426 3261; x_wconf 73' lang='lat' dir='ltr'>peculiarem</span> <span class='ocrx_word' id='word_1_266' title='bbox 1460 3181 1654 3246; x_wconf 84' lang='lat' dir='ltr'>veluti</span> <span class='ocrx_word' id='word_1_267' title='bbox 1685 3202 1945 3267; x_wconf 78' lang='lat' dir='ltr'>gregem</span> <span class='ocrx_word' id='word_1_268' title='bbox 1975 3185 2278 3250; x_wconf 74' lang='lat' dir='ltr'>conflaret</span> <span class='ocrx_word' id='word_1_269' title='bbox 2298 3229 2319 3259; x_wconf 88' lang='lat'>‚</span> 
     </span>
     <span class='ocr_line' id='line_1_37' title="bbox 757 3277 2326 3363; baseline 0.003 -19"><span class='ocrx_word' id='word_1_270' title='bbox 757 3278 826 3344; x_wconf 81' lang='lat' dir='ltr'>in</span> <span class='ocrx_word' id='word_1_271' title='bbox 855 3299 981 3361; x_wconf 76' lang='lat' dir='ltr'>quo</span> <span class='ocrx_word' id='word_1_272' title='bbox 1007 3277 1260 3361; x_wconf 80' lang='lat' dir='ltr'>pristina</span> <span class='ocrx_word' id='word_1_273' title='bbox 1290 3280 1734 3346; x_wconf 66' lang='lat' dir='ltr'>franciscanae</span> <span class='ocrx_word' id='word_1_274' title='bbox 1772 3279 2042 3363; x_wconf 74' lang='lat' dir='ltr'>negatae</span> <span class='ocrx_word' id='word_1_275' title='bbox 2086 3282 2326 3363; x_wconf 89' lang='lat' dir='ltr'>puritas</span> 
     </span>
     <span class='ocr_line' id='line_1_38' title="bbox 764 3374 2328 3446; baseline 0.004 -8"><span class='ocrx_word' id='word_1_276' title='bbox 764 3384 828 3442; x_wconf 87' lang='lat' dir='ltr'>et</span> <span class='ocrx_word' id='word_1_277' title='bbox 853 3375 1190 3446; x_wconf 80' lang='lat' dir='ltr'>austeritas</span> <span class='ocrx_word' id='word_1_278' title='bbox 1221 3374 1660 3446; x_wconf 86' lang='lat' dir='ltr'>revivisceret,</span> <span class='ocrx_word' id='word_1_279' title='bbox 1689 3376 1837 3440; x_wconf 87' lang='lat' dir='ltr'>nibil</span> <span class='ocrx_word' id='word_1_280' title='bbox 1868 3387 2193 3443; x_wconf 89' lang='lat' dir='ltr'>cunctatus</span> <span class='ocrx_word' id='word_1_281' title='bbox 2215 3386 2328 3444; x_wconf 82' lang='lat' dir='ltr'>Pe·</span> 
     </span>
     <span class='ocr_line' id='line_1_39' title="bbox 759 3470 2320 3555; baseline -0.002 -15"><span class='ocrx_word' id='word_1_282' title='bbox 759 3480 900 3540; x_wconf 73' lang='lat' dir='ltr'>trus</span> <span class='ocrx_word' id='word_1_283' title='bbox 929 3492 998 3538; x_wconf 78' lang='lat' dir='ltr'>se</span> <span class='ocrx_word' id='word_1_284' title='bbox 1027 3470 1120 3538; x_wconf 87' lang='lat' dir='ltr'>illi</span> <span class='ocrx_word' id='word_1_285' title='bbox 1155 3472 1392 3540; x_wconf 85' lang='lat' dir='ltr'>socium</span> <span class='ocrx_word' id='word_1_286' title='bbox 1428 3472 1748 3555; x_wconf 77' lang='lat' dir='ltr'>adjunxit,</span> <span class='ocrx_word' id='word_1_287' title='bbox 1781 3483 1846 3538; x_wconf 91' lang='lat' dir='ltr'>et</span> <span class='ocrx_word' id='word_1_288' title='bbox 1878 3472 1938 3535; x_wconf 88' lang='lat' dir='ltr'>in</span> <span class='ocrx_word' id='word_1_289' title='bbox 1972 3473 2320 3538; x_wconf 78' lang='lat' dir='ltr'>solitariam</span> 
     </span>
     <span class='ocr_line' id='line_1_40' title="bbox 755 3566 2326 3650; baseline 0.001 -17"><span class='ocrx_word' id='word_1_290' title='bbox 755 3575 1024 3644; x_wconf 76' lang='lat' dir='ltr'>Domum</span> <span class='ocrx_word' id='word_1_291' title='bbox 1053 3587 1248 3650; x_wconf 86' lang='lat' dir='ltr'>prope</span> <span class='ocrx_word' id='word_1_292' title='bbox 1279 3566 1660 3650; x_wconf 76' lang='lat' dir='ltr'>Aquileriam</span> <span class='ocrx_word' id='word_1_293' title='bbox 1716 3568 2083 3633; x_wconf 81' lang='lat' dir='ltr'>oxomensis</span> <span class='ocrx_word' id='word_1_294' title='bbox 2145 3570 2326 3635; x_wconf 79' lang='lat' dir='ltr'>Dino·</span> 
     </span>
     <span class='ocr_line' id='line_1_41' title="bbox 764 3664 2319 3748; baseline -0.001 -17"><span class='ocrx_word' id='word_1_295' title='bbox 764 3666 931 3731; x_wconf 88' lang='lat' dir='ltr'>cesis</span> <span class='ocrx_word' id='word_1_296' title='bbox 959 3664 1267 3747; x_wconf 87' lang='lat' dir='ltr'>Oppidum</span> <span class='ocrx_word' id='word_1_297' title='bbox 1301 3666 1610 3748; x_wconf 86' lang='lat' dir='ltr'>permissu</span> <span class='ocrx_word' id='word_1_298' title='bbox 1643 3664 1931 3745; x_wconf 77' lang='lat' dir='ltr'>Episcopi</span> <span class='ocrx_word' id='word_1_299' title='bbox 1975 3674 2319 3730; x_wconf 78' lang='lat' dir='ltr'>extructam</span> 
     </span>
     <span class='ocr_line' id='line_1_42' title="bbox 764 3760 2325 3844; baseline -0.003 -14"><span class='ocrx_word' id='word_1_300' title='bbox 764 3762 993 3830; x_wconf 79' lang='lat' dir='ltr'>lubens</span> <span class='ocrx_word' id='word_1_301' title='bbox 1020 3780 1162 3826; x_wconf 83' lang='lat' dir='ltr'>cnm</span> <span class='ocrx_word' id='word_1_302' title='bbox 1196 3779 1276 3826; x_wconf 83' lang='lat' dir='ltr'>eo</span> <span class='ocrx_word' id='word_1_303' title='bbox 1303 3762 1585 3826; x_wconf 84' lang='lat' dir='ltr'>secessit.</span> <span class='ocrx_word' id='word_1_304' title='bbox 1618 3760 1714 3824; x_wconf 83' lang='lat' dir='ltr'>lbi</span> <span class='ocrx_word' id='word_1_305' title='bbox 1750 3762 1810 3822; x_wconf 83' lang='lat' dir='ltr'>in</span> <span class='ocrx_word' id='word_1_306' title='bbox 1844 3762 2163 3842; x_wconf 87' lang='lat' dir='ltr'>perpetuis</span> <span class='ocrx_word' id='word_1_307' title='bbox 2189 3763 2325 3844; x_wconf 91' lang='lat' dir='ltr'>pie-</span> 
     </span>
     <span class='ocr_line' id='line_1_43' title="bbox 764 3855 2324 3938; baseline 0.003 -19"><span class='ocrx_word' id='word_1_308' title='bbox 764 3858 914 3926; x_wconf 82' lang='lat' dir='ltr'>tatis</span> <span class='ocrx_word' id='word_1_309' title='bbox 940 3865 1010 3921; x_wconf 84' lang='lat' dir='ltr'>et</span> <span class='ocrx_word' id='word_1_310' title='bbox 1035 3855 1462 3938; x_wconf 76' lang='lat' dir='ltr'>poenitentiae</span> <span class='ocrx_word' id='word_1_311' title='bbox 1521 3857 2078 3922; x_wconf 73' lang='lat' dir='ltr'>exercitationibus</span> <span class='ocrx_word' id='word_1_312' title='bbox 2137 3860 2324 3924; x_wconf 80' lang='lat' dir='ltr'>ambo</span> 
     </span>
     <span class='ocr_line' id='line_1_44' title="bbox 763 3950 2319 4036; baseline -0.001 -17"><span class='ocrx_word' id='word_1_313' title='bbox 763 3955 1090 4024; x_wconf 67' lang='lat' dir='ltr'>viventes,</span> <span class='ocrx_word' id='word_1_314' title='bbox 1123 3969 1247 4016; x_wconf 82' lang='lat' dir='ltr'>non</span> <span class='ocrx_word' id='word_1_315' title='bbox 1307 3950 1512 4016; x_wconf 87' lang='lat' dir='ltr'>solum</span> <span class='ocrx_word' id='word_1_316' title='bbox 1544 3950 1918 4017; x_wconf 83' lang='lat' dir='ltr'>coelestium</span> <span class='ocrx_word' id='word_1_317' title='bbox 1975 3953 2319 4036; x_wconf 77' lang='lat' dir='ltr'>gratiarum</span> 
     </span>
     <span class='ocr_line' id='line_1_45' title="bbox 755 4047 2319 4131; baseline 0.004 -21"><span class='ocrx_word' id='word_1_318' title='bbox 755 4049 1007 4131; x_wconf 60' lang='lat' dir='ltr'>copiam</span> <span class='ocrx_word' id='word_1_319' title='bbox 1027 4089 1051 4122; x_wconf 87' lang='lat'><strong>‚</strong></span> <span class='ocrx_word' id='word_1_320' title='bbox 1080 4047 1190 4114; x_wconf 82' lang='lat' dir='ltr'>sed</span> <span class='ocrx_word' id='word_1_321' title='bbox 1220 4047 1409 4113; x_wconf 86' lang='lat' dir='ltr'>etiam</span> <span class='ocrx_word' id='word_1_322' title='bbox 1449 4047 1774 4114; x_wconf 88' lang='lat' dir='ltr'>bominum</span> <span class='ocrx_word' id='word_1_323' title='bbox 1839 4049 2319 4118; x_wconf 71' lang='lat' dir='ltr'>admirationem</span> 
     </span>
     <span class='ocr_line' id='line_1_46' title="bbox 765 4145 2324 4234; baseline 0.001 -24"><span class='ocrx_word' id='word_1_324' title='bbox 765 4148 885 4234; x_wconf 77' lang='lat' dir='ltr'>sibi</span> <span class='ocrx_word' id='word_1_325' title='bbox 914 4145 1362 4219; x_wconf 64' lang='lat' dir='ltr'>conciliaruntz</span> <span class='ocrx_word' id='word_1_326' title='bbox 1394 4154 1458 4209; x_wconf 89' lang='lat' dir='ltr'>ut</span> <span class='ocrx_word' id='word_1_327' title='bbox 1488 4166 1564 4210; x_wconf 81' lang='lat' dir='ltr'>ea</span> <span class='ocrx_word' id='word_1_328' title='bbox 1606 4150 1874 4229; x_wconf 86' lang='lat' dir='ltr'>permoti</span> <span class='ocrx_word' id='word_1_329' title='bbox 1938 4149 2324 4231; x_wconf 82' lang='lat' dir='ltr'>quampluri-</span> 
     </span>
     <span class='ocr_line' id='line_1_47' title="bbox 761 4243 2317 4325; baseline 0.003 -17"><span class='ocrx_word' id='word_1_330' title='bbox 761 4244 897 4318; x_wconf 83' lang='lat' dir='ltr'>mi,</span> <span class='ocrx_word' id='word_1_331' title='bbox 925 4250 1061 4310; x_wconf 89' lang='lat' dir='ltr'>tum</span> <span class='ocrx_word' id='word_1_332' title='bbox 1094 4262 1176 4310; x_wconf 82' lang='lat' dir='ltr'>ex</span> <span class='ocrx_word' id='word_1_333' title='bbox 1200 4243 1336 4325; x_wconf 85' lang='lat' dir='ltr'>ipso</span> <span class='ocrx_word' id='word_1_334' title='bbox 1368 4249 1646 4307; x_wconf 79' lang='lat' dir='ltr'>Fratrum</span> <span class='ocrx_word' id='word_1_335' title='bbox 1677 4244 1986 4307; x_wconf 71' lang='lat' dir='ltr'>uiuorum</span> <span class='ocrx_word' id='word_1_336' title='bbox 2036 4245 2275 4312; x_wconf 83' lang='lat' dir='ltr'>ordine</span> <span class='ocrx_word' id='word_1_337' title='bbox 2296 4289 2317 4319; x_wconf 85' lang='lat'>‚</span> 
     </span>
     <span class='ocr_line' id='line_1_48' title="bbox 759 4337 2321 4422; baseline 0.003 -20"><span class='ocrx_word' id='word_1_338' title='bbox 759 4348 891 4410; x_wconf 77' lang='lat' dir='ltr'>tum</span> <span class='ocrx_word' id='word_1_339' title='bbox 923 4360 961 4406; x_wconf 90' lang='lat' dir='ltr'>e</span> <span class='ocrx_word' id='word_1_340' title='bbox 991 4337 1256 4406; x_wconf 83' lang='lat' dir='ltr'>seculari</span> <span class='ocrx_word' id='word_1_341' title='bbox 1289 4339 1473 4405; x_wconf 83' lang='lat' dir='ltr'>clero</span> <span class='ocrx_word' id='word_1_342' title='bbox 1503 4350 1567 4404; x_wconf 92' lang='lat' dir='ltr'>et</span> <span class='ocrx_word' id='word_1_343' title='bbox 1599 4360 1636 4404; x_wconf 89' lang='lat' dir='ltr'>o</span> <span class='ocrx_word' id='word_1_344' title='bbox 1689 4339 1925 4422; x_wconf 80' lang='lat' dir='ltr'>Populo</span> <span class='ocrx_word' id='word_1_345' title='bbox 1982 4340 2047 4403; x_wconf 87' lang='lat' dir='ltr'>in</span> <span class='ocrx_word' id='word_1_346' title='bbox 2101 4361 2321 4406; x_wconf 86' lang='lat' dir='ltr'>eorum</span> 
     </span>
     <span class='ocr_line' id='line_1_49' title="bbox 761 4436 2325 4518; baseline -0.001 -14"><span class='ocrx_word' id='word_1_347' title='bbox 761 4437 1138 4514; x_wconf 70' lang='lat' dir='ltr'>Societatem</span> <span class='ocrx_word' id='word_1_348' title='bbox 1172 4436 1419 4503; x_wconf 82' lang='lat' dir='ltr'>admitti</span> <span class='ocrx_word' id='word_1_349' title='bbox 1450 4437 1787 4510; x_wconf 80' lang='lat' dir='ltr'>certarint,</span> <span class='ocrx_word' id='word_1_350' title='bbox 1836 4457 2185 4518; x_wconf 81' lang='lat' dir='ltr'>eorumque</span> <span class='ocrx_word' id='word_1_351' title='bbox 2240 4441 2325 4503; x_wconf 87' lang='lat' dir='ltr'>di·</span> 
     </span>
     <span class='ocr_line' id='line_1_50' title="bbox 750 4532 2320 4618; baseline 0.003 -20"><span class='ocrx_word' id='word_1_352' title='bbox 750 4533 1064 4618; x_wconf 64' lang='lat' dir='ltr'>,cipttnae</span> <span class='ocrx_word' id='word_1_353' title='bbox 1093 4551 1164 4598; x_wconf 88' lang='lat' dir='ltr'>se</span> <span class='ocrx_word' id='word_1_354' title='bbox 1191 4532 1608 4602; x_wconf 82' lang='lat' dir='ltr'>instituendos</span> <span class='ocrx_word' id='word_1_355' title='bbox 1661 4533 2058 4598; x_wconf 83' lang='lat' dir='ltr'>tradiderint.</span> <span class='ocrx_word' id='word_1_356' title='bbox 2117 4542 2320 4610; x_wconf 84' lang='lat' dir='ltr'>Quare</span> 
     </span>
     <span class='ocr_line' id='line_1_51' title="bbox 762 4627 2324 4698; baseline -0.001 0"><span class='ocrx_word' id='word_1_357' title='bbox 762 4651 908 4698; x_wconf 84' lang='lat' dir='ltr'>cum</span> <span class='ocrx_word' id='word_1_358' title='bbox 938 4648 1094 4694; x_wconf 74' lang='lat' dir='ltr'>nova</span> <span class='ocrx_word' id='word_1_359' title='bbox 1123 4627 1627 4696; x_wconf 81' lang='lat' dir='ltr'>Reformatorum</span> <span class='ocrx_word' id='word_1_360' title='bbox 1659 4629 1913 4693; x_wconf 78' lang='lat' dir='ltr'>Familia</span> <span class='ocrx_word' id='word_1_361' title='bbox 1941 4629 2020 4693; x_wconf 88' lang='lat' dir='ltr'>ad</span> <span class='ocrx_word' id='word_1_362' title='bbox 2050 4651 2193 4695; x_wconf 88' lang='lat' dir='ltr'>eum</span> <span class='ocrx_word' id='word_1_363' title='bbox 2216 4653 2324 4696; x_wconf 73' lang='lat' dir='ltr'>nu·-</span> 
     </span>
     <span class='ocr_line' id='line_1_52' title="bbox 763 4724 2322 4809; baseline -0.001 -17"><span class='ocrx_word' id='word_1_364' title='bbox 763 4745 1007 4794; x_wconf 84' lang='lat' dir='ltr'>merum</span> <span class='ocrx_word' id='word_1_365' title='bbox 1037 4733 1216 4791; x_wconf 82' lang='lat' dir='ltr'>ancta</span> <span class='ocrx_word' id='word_1_366' title='bbox 1249 4724 1475 4791; x_wconf 82' lang='lat' dir='ltr'>fuisset</span> <span class='ocrx_word' id='word_1_367' title='bbox 1498 4771 1520 4800; x_wconf 89' lang='lat'>‚</span> <span class='ocrx_word' id='word_1_368' title='bbox 1559 4736 1630 4792; x_wconf 87' lang='lat' dir='ltr'>ut</span> <span class='ocrx_word' id='word_1_369' title='bbox 1682 4724 1812 4809; x_wconf 79' lang='lat' dir='ltr'>jam</span> <span class='ocrx_word' id='word_1_370' title='bbox 1871 4724 2322 4807; x_wconf 78' lang='lat' dir='ltr'>Aquileriensi-</span> 
     </span>
     <span class='ocr_line' id='line_1_53' title="bbox 743 4822 2323 4904; baseline 0.002 -16"><span class='ocrx_word' id='word_1_371' title='bbox 743 4823 885 4898; x_wconf 68' lang='lat' dir='ltr'>,bus</span> <span class='ocrx_word' id='word_1_372' title='bbox 908 4822 1173 4890; x_wconf 80' lang='lat' dir='ltr'>AEdibus</span> <span class='ocrx_word' id='word_1_373' title='bbox 1199 4822 1505 4890; x_wconf 85' lang='lat' dir='ltr'>contineri</span> <span class='ocrx_word' id='word_1_374' title='bbox 1535 4823 1792 4886; x_wconf 87' lang='lat' dir='ltr'>minime</span> <span class='ocrx_word' id='word_1_375' title='bbox 1852 4834 2106 4904; x_wconf 83' lang='lat' dir='ltr'>posset..</span> <span class='ocrx_word' id='word_1_376' title='bbox 2163 4825 2323 4893; x_wconf 83' lang='lat' dir='ltr'>alte·</span> 
     </span>
     <span class='ocr_line' id='line_1_54' title="bbox 761 4919 2320 5004; baseline 0 -16"><span class='ocrx_word' id='word_1_377' title='bbox 761 4940 901 4988; x_wconf 81' lang='lat' dir='ltr'>rum</span> <span class='ocrx_word' id='word_1_378' title='bbox 932 4919 1219 5004; x_wconf 54' lang='lat' dir='ltr'>eittsdem</span> <span class='ocrx_word' id='word_1_379' title='bbox 1248 4920 1516 4985; x_wconf 77' lang='lat' dir='ltr'>instituti</span> <span class='ocrx_word' id='word_1_380' title='bbox 1547 4919 1934 4983; x_wconf 80' lang='lat' dir='ltr'>coenobium</span> <span class='ocrx_word' id='word_1_381' title='bbox 1966 4920 2045 4984; x_wconf 87' lang='lat' dir='ltr'>de</span> <span class='ocrx_word' id='word_1_382' title='bbox 2070 4921 2320 4988; x_wconf 79' lang='lat' dir='ltr'>Abroxo</span> 
     </span>
     <span class='ocr_line' id='line_1_55' title="bbox 761 5015 2324 5100; baseline 0.003 -18"><span class='ocrx_word' id='word_1_383' title='bbox 761 5025 1180 5098; x_wconf 72' lang='lat' dir='ltr'>nuncupatum</span> <span class='ocrx_word' id='word_1_384' title='bbox 1212 5015 1272 5077; x_wconf 92' lang='lat' dir='ltr'>in</span> <span class='ocrx_word' id='word_1_385' title='bbox 1304 5024 1465 5100; x_wconf 74' lang='lat' dir='ltr'>Agre</span> <span class='ocrx_word' id='word_1_386' title='bbox 1492 5015 1833 5080; x_wconf 71' lang='lat' dir='ltr'>&#39;tribulano</span> <span class='ocrx_word' id='word_1_387' title='bbox 1859 5016 1939 5079; x_wconf 90' lang='lat' dir='ltr'>ad</span> <span class='ocrx_word' id='word_1_388' title='bbox 1969 5016 2181 5100; x_wconf 75' lang='lat' dir='ltr'>Ripam</span> <span class='ocrx_word' id='word_1_389' title='bbox 2202 5024 2324 5086; x_wconf 77' lang='lat' dir='ltr'>Du-</span> 
     </span>
     <span class='ocr_line' id='line_1_56' title="bbox 765 5111 1842 5197; baseline -0.004 -18"><span class='ocrx_word' id='word_1_390' title='bbox 765 5114 844 5180; x_wconf 88' lang='lat' dir='ltr'>rii</span> <span class='ocrx_word' id='word_1_391' title='bbox 877 5111 1491 5180; x_wconf 76' lang='lat' dir='ltr'>Fluminisconstrui</span> <span class='ocrx_word' id='word_1_392' title='bbox 1519 5132 1674 5197; x_wconf 76' lang='lat' dir='ltr'>opus</span> <span class='ocrx_word' id='word_1_393' title='bbox 1701 5111 1842 5176; x_wconf 81' lang='lat' dir='ltr'>tuit.</span> 
     </span>
    </p>
   </div>
   <div class='ocr_carea' id='block_1_7' title="bbox 2427 2015 4086 5189">
    <p class='ocr_par' dir='ltr' id='par_1_8' title="bbox 2443 2015 4007 2484">
     <span class='ocr_line' id='line_1_57' title="bbox 2443 2015 4007 2098; baseline 0 -18"><span class='ocrx_word' id='word_1_394' title='bbox 2443 2017 2653 2080; x_wconf 83' lang='lat' dir='ltr'>riense</span> <span class='ocrx_word' id='word_1_395' title='bbox 2682 2015 3068 2081; x_wconf 86' lang='lat' dir='ltr'>coenobium</span> <span class='ocrx_word' id='word_1_396' title='bbox 3101 2060 3120 2088; x_wconf 81' lang='grc'>,</span> <span class='ocrx_word' id='word_1_397' title='bbox 3151 2015 3216 2077; x_wconf 92' lang='lat' dir='ltr'>in</span> <span class='ocrx_word' id='word_1_398' title='bbox 3248 2037 3373 2097; x_wconf 85' lang='lat' dir='ltr'>quo</span> <span class='ocrx_word' id='word_1_399' title='bbox 3412 2017 3807 2098; x_wconf 77' lang='lat' dir='ltr'>praecipuum</span> <span class='ocrx_word' id='word_1_400' title='bbox 3867 2017 4007 2085; x_wconf 82' lang='lat' dir='ltr'>fixit</span> 
     </span>
     <span class='ocr_line' id='line_1_58' title="bbox 2444 2112 4007 2198; baseline 0.005 -25"><span class='ocrx_word' id='word_1_401' title='bbox 2444 2112 2832 2178; x_wconf 86' lang='lat' dir='ltr'>domicilium</span> <span class='ocrx_word' id='word_1_402' title='bbox 2853 2156 2874 2183; x_wconf 82' lang='lat'><strong>‚</strong></span> <span class='ocrx_word' id='word_1_403' title='bbox 2905 2113 3019 2178; x_wconf 87' lang='lat' dir='ltr'>scd</span> <span class='ocrx_word' id='word_1_404' title='bbox 3073 2113 3484 2177; x_wconf 71' lang='lat' dir='ltr'>’tribulanum</span> <span class='ocrx_word' id='word_1_405' title='bbox 3544 2115 3733 2179; x_wconf 88' lang='lat' dir='ltr'>otiam</span> <span class='ocrx_word' id='word_1_406' title='bbox 3755 2157 3777 2187; x_wconf 86' lang='lat'>,</span> <span class='ocrx_word' id='word_1_407' title='bbox 3837 2118 4007 2198; x_wconf 85' lang='lat' dir='ltr'>quod</span> 
     </span>
     <span class='ocr_line' id='line_1_59' title="bbox 2444 2209 4003 2292; baseline 0.004 -21"><span class='ocrx_word' id='word_1_408' title='bbox 2444 2210 2634 2273; x_wconf 87' lang='lat' dir='ltr'>modo</span> <span class='ocrx_word' id='word_1_409' title='bbox 2661 2230 2776 2292; x_wconf 90' lang='lat' dir='ltr'>per</span> <span class='ocrx_word' id='word_1_410' title='bbox 2805 2230 2874 2273; x_wconf 86' lang='lat' dir='ltr'>se</span> <span class='ocrx_word' id='word_1_411' title='bbox 2911 2209 3116 2290; x_wconf 90' lang='lat' dir='ltr'>ipsum</span> <span class='ocrx_word' id='word_1_412' title='bbox 3138 2252 3160 2283; x_wconf 89' lang='lat'>‚</span> <span class='ocrx_word' id='word_1_413' title='bbox 3193 2211 3381 2274; x_wconf 90' lang='lat' dir='ltr'>modo</span> <span class='ocrx_word' id='word_1_414' title='bbox 3413 2231 3526 2291; x_wconf 64' lang='lat' dir='ltr'>per</span> <span class='ocrx_word' id='word_1_415' title='bbox 3550 2212 3836 2276; x_wconf 72' lang='lat' dir='ltr'>vit-arios</span> <span class='ocrx_word' id='word_1_416' title='bbox 3867 2233 3901 2275; x_wconf 87' lang='lat' dir='ltr'>a</span> <span class='ocrx_word' id='word_1_417' title='bbox 3934 2234 4003 2278; x_wconf 81' lang='lat' dir='ltr'>so</span> 
     </span>
     <span class='ocr_line' id='line_1_60' title="bbox 2443 2300 4001 2394; baseline 0.003 -26"><span class='ocrx_word' id='word_1_418' title='bbox 2443 2306 2770 2390; x_wconf 83' lang='lat' dir='ltr'>delegatos</span> <span class='ocrx_word' id='word_1_419' title='bbox 2804 2309 3061 2388; x_wconf 77' lang='lat' dir='ltr'>regebat</span> <span class='ocrx_word' id='word_1_420' title='bbox 3084 2300 3117 2378; x_wconf 74' lang='grc'>,’</span> <span class='ocrx_word' id='word_1_421' title='bbox 3133 2306 3211 2370; x_wconf 88' lang='lat' dir='ltr'>ad</span> <span class='ocrx_word' id='word_1_422' title='bbox 3265 2306 3666 2388; x_wconf 76' lang='lat' dir='ltr'>perfectioris</span> <span class='ocrx_word' id='word_1_423' title='bbox 3727 2304 4001 2394; x_wconf 87' lang='lat' dir='ltr'>discipli·</span> 
     </span>
     <span class='ocr_line' id='line_1_61' title="bbox 2443 2403 3718 2484; baseline -0.002 -15"><span class='ocrx_word' id='word_1_424' title='bbox 2443 2427 2554 2470; x_wconf 84' lang='lat' dir='ltr'>nae</span> <span class='ocrx_word' id='word_1_425' title='bbox 2585 2424 2865 2468; x_wconf 89' lang='lat' dir='ltr'>normam</span> <span class='ocrx_word' id='word_1_426' title='bbox 2899 2405 3297 2468; x_wconf 87' lang='lat' dir='ltr'>sanctissime</span> <span class='ocrx_word' id='word_1_427' title='bbox 3327 2403 3718 2484; x_wconf 80' lang='lat' dir='ltr'>gubernavit.</span> 
     </span>
    </p>

    <p class='ocr_par' dir='ltr' id='par_1_9' title="bbox 2427 2500 4006 5009">
     <span class='ocr_line' id='line_1_62' title="bbox 2570 2500 4001 2582; baseline -0.001 -18"><span class='ocrx_word' id='word_1_428' title='bbox 2570 2502 2704 2564; x_wconf 80' lang='lat' dir='ltr'>Fuit</span> <span class='ocrx_word' id='word_1_429' title='bbox 2730 2501 2791 2563; x_wconf 89' lang='lat' dir='ltr'>in</span> <span class='ocrx_word' id='word_1_430' title='bbox 2823 2521 2902 2565; x_wconf 90' lang='lat' dir='ltr'>eo</span> <span class='ocrx_word' id='word_1_431' title='bbox 2930 2502 3007 2564; x_wconf 86' lang='lat' dir='ltr'>ad</span> <span class='ocrx_word' id='word_1_432' title='bbox 3040 2501 3254 2565; x_wconf 84' lang='lat' dir='ltr'>Socios</span> <span class='ocrx_word' id='word_1_433' title='bbox 3311 2501 3732 2582; x_wconf 79' lang='lat' dir='ltr'>subditosque</span> <span class='ocrx_word' id='word_1_434' title='bbox 3790 2502 3852 2562; x_wconf 89' lang='lat' dir='ltr'>ln</span> <span class='ocrx_word' id='word_1_435' title='bbox 3903 2500 4001 2564; x_wconf 79' lang='lat' dir='ltr'>ria</span> 
     </span>
     <span class='ocr_line' id='line_1_63' title="bbox 2438 2596 4002 2679; baseline -0.004 -16"><span class='ocrx_word' id='word_1_436' title='bbox 2438 2599 2868 2664; x_wconf 68' lang='lat' dir='ltr'>Mandatorum</span> <span class='ocrx_word' id='word_1_437' title='bbox 2897 2596 3009 2659; x_wconf 81' lang='lat' dir='ltr'>Dei</span> <span class='ocrx_word' id='word_1_438' title='bbox 3041 2596 3404 2679; x_wconf 86' lang='lat' dir='ltr'>dirigendos</span> <span class='ocrx_word' id='word_1_439' title='bbox 3439 2616 3559 2660; x_wconf 89' lang='lat' dir='ltr'>non</span> <span class='ocrx_word' id='word_1_440' title='bbox 3603 2597 3808 2661; x_wconf 88' lang='lat' dir='ltr'>solum</span> <span class='ocrx_word' id='word_1_441' title='bbox 3868 2598 4002 2661; x_wconf 82' lang='lat' dir='ltr'>exi·</span> 
     </span>
     <span class='ocr_line' id='line_1_64' title="bbox 2440 2693 4000 2777; baseline -0.001 -19"><span class='ocrx_word' id='word_1_442' title='bbox 2440 2697 2602 2759; x_wconf 75' lang='lat' dir='ltr'>taius</span> <span class='ocrx_word' id='word_1_443' title='bbox 2628 2695 2805 2758; x_wconf 81' lang='lat' dir='ltr'>zelus</span> <span class='ocrx_word' id='word_1_444' title='bbox 2826 2703 2891 2758; x_wconf 90' lang='lat' dir='ltr'>et</span> <span class='ocrx_word' id='word_1_445' title='bbox 2919 2693 3166 2758; x_wconf 85' lang='lat' dir='ltr'>assidua</span> <span class='ocrx_word' id='word_1_446' title='bbox 3197 2693 3542 2777; x_wconf 76' lang='lat' dir='ltr'>vigilantia,</span> <span class='ocrx_word' id='word_1_447' title='bbox 3563 2713 3779 2756; x_wconf 82' lang='lat' dir='ltr'>verum</span> <span class='ocrx_word' id='word_1_448' title='bbox 3806 2695 4000 2758; x_wconf 88' lang='lat' dir='ltr'>etiam</span> 
     </span>
     <span class='ocr_line' id='line_1_65' title="bbox 2436 2788 3999 2873; baseline -0.001 -18"><span class='ocrx_word' id='word_1_449' title='bbox 2436 2793 2499 2855; x_wconf 90' lang='lat' dir='ltr'>in</span> <span class='ocrx_word' id='word_1_450' title='bbox 2530 2792 2696 2856; x_wconf 88' lang='lat' dir='ltr'>omni</span> <span class='ocrx_word' id='word_1_451' title='bbox 2727 2791 3025 2853; x_wconf 81' lang='lat' dir='ltr'>virtutum</span> <span class='ocrx_word' id='word_1_452' title='bbox 3069 2810 3300 2873; x_wconf 87' lang='lat' dir='ltr'>genere</span> <span class='ocrx_word' id='word_1_453' title='bbox 3357 2788 3663 2871; x_wconf 86' lang='lat' dir='ltr'>praeclari</span> <span class='ocrx_word' id='word_1_454' title='bbox 3722 2790 3999 2873; x_wconf 82' lang='lat' dir='ltr'>exempli</span> 
     </span>
     <span class='ocr_line' id='line_1_66' title="bbox 2438 2886 4000 2972; baseline -0.001 -20"><span class='ocrx_word' id='word_1_455' title='bbox 2438 2890 2545 2954; x_wconf 82' lang='lat' dir='ltr'>lux</span> <span class='ocrx_word' id='word_1_456' title='bbox 2576 2900 2640 2954; x_wconf 90' lang='lat' dir='ltr'>et</span> <span class='ocrx_word' id='word_1_457' title='bbox 2675 2890 3034 2955; x_wconf 85' lang='lat' dir='ltr'>auctoritas.</span> <span class='ocrx_word' id='word_1_458' title='bbox 3065 2893 3337 2961; x_wconf 89' lang='lat' dir='ltr'>Quorum</span> <span class='ocrx_word' id='word_1_459' title='bbox 3388 2886 3555 2951; x_wconf 78' lang='lat' dir='ltr'>enim</span> <span class='ocrx_word' id='word_1_460' title='bbox 3613 2886 4000 2972; x_wconf 81' lang='lat' dir='ltr'>jejuniorum</span> 
     </span>
     <span class='ocr_line' id='line_1_67' title="bbox 2439 2982 4006 3051; baseline 0 0"><span class='ocrx_word' id='word_1_461' title='bbox 2439 2986 2900 3051; x_wconf 75' lang='lat' dir='ltr'>observantiam</span> <span class='ocrx_word' id='word_1_462' title='bbox 2934 2986 3011 3049; x_wconf 89' lang='lat' dir='ltr'>ad</span> <span class='ocrx_word' id='word_1_463' title='bbox 3049 2995 3322 3049; x_wconf 88' lang='lat' dir='ltr'>montem</span> <span class='ocrx_word' id='word_1_464' title='bbox 3369 2985 3573 3048; x_wconf 88' lang='lat' dir='ltr'>Sancti</span> <span class='ocrx_word' id='word_1_465' title='bbox 3637 2982 4006 3051; x_wconf 65' lang='lat' dir='ltr'>fundatoris</span> 
     </span>
     <span class='ocr_line' id='line_1_68' title="bbox 2441 3081 4001 3162; baseline 0 -15"><span class='ocrx_word' id='word_1_466' title='bbox 2441 3085 2503 3147; x_wconf 88' lang='lat' dir='ltr'>in</span> <span class='ocrx_word' id='word_1_467' title='bbox 2531 3104 2713 3149; x_wconf 89' lang='lat' dir='ltr'>usum</span> <span class='ocrx_word' id='word_1_468' title='bbox 2745 3083 3127 3156; x_wconf 68' lang='lat' dir='ltr'>reduxerat3</span> <span class='ocrx_word' id='word_1_469' title='bbox 3156 3101 3229 3143; x_wconf 87' lang='lat' dir='ltr'>ea</span> <span class='ocrx_word' id='word_1_470' title='bbox 3260 3081 3395 3162; x_wconf 89' lang='lat' dir='ltr'>ipse</span> <span class='ocrx_word' id='word_1_471' title='bbox 3426 3088 3489 3144; x_wconf 89' lang='lat' dir='ltr'>et</span> <span class='ocrx_word' id='word_1_472' title='bbox 3518 3089 3742 3145; x_wconf 84' lang='lat' dir='ltr'>exacte</span> <span class='ocrx_word' id='word_1_473' title='bbox 3797 3101 4001 3147; x_wconf 79' lang='lat' dir='ltr'>serva·</span> 
     </span>
     <span class='ocr_line' id='line_1_69' title="bbox 2439 3178 3998 3262; baseline -0.002 -17"><span class='ocrx_word' id='word_1_474' title='bbox 2439 3182 2579 3254; x_wconf 88' lang='lat' dir='ltr'>bat,</span> <span class='ocrx_word' id='word_1_475' title='bbox 2610 3189 2674 3245; x_wconf 88' lang='lat' dir='ltr'>et</span> <span class='ocrx_word' id='word_1_476' title='bbox 2706 3179 3068 3244; x_wconf 82' lang='lat' dir='ltr'>voluntariis</span> <span class='ocrx_word' id='word_1_477' title='bbox 3098 3178 3514 3243; x_wconf 84' lang='lat' dir='ltr'>abstinentiae</span> <span class='ocrx_word' id='word_1_478' title='bbox 3547 3178 3861 3262; x_wconf 86' lang='lat' dir='ltr'>rigoribus</span> <span class='ocrx_word' id='word_1_479' title='bbox 3892 3198 3998 3242; x_wconf 88' lang='lat' dir='ltr'>cu·</span> 
     </span>
     <span class='ocr_line' id='line_1_70' title="bbox 2436 3275 4000 3359; baseline -0.001 -19"><span class='ocrx_word' id='word_1_480' title='bbox 2436 3277 2739 3351; x_wconf 79' lang='lat' dir='ltr'>mulabat,</span> <span class='ocrx_word' id='word_1_481' title='bbox 2769 3297 2960 3359; x_wconf 87' lang='lat' dir='ltr'>quum</span> <span class='ocrx_word' id='word_1_482' title='bbox 2996 3275 3229 3339; x_wconf 88' lang='lat' dir='ltr'>nullum</span> <span class='ocrx_word' id='word_1_483' title='bbox 3263 3275 3397 3341; x_wconf 78' lang='lat' dir='ltr'>sere</span> <span class='ocrx_word' id='word_1_484' title='bbox 3424 3276 3669 3340; x_wconf 85' lang='lat' dir='ltr'>obsonii</span> <span class='ocrx_word' id='word_1_485' title='bbox 3702 3295 3898 3359; x_wconf 82' lang='lat' dir='ltr'>genus</span> <span class='ocrx_word' id='word_1_486' title='bbox 3919 3275 4000 3342; x_wconf 90' lang='lat' dir='ltr'>ad</span> 
     </span>
     <span class='ocr_line' id='line_1_71' title="bbox 2437 3372 4000 3458; baseline 0 -22"><span class='ocrx_word' id='word_1_487' title='bbox 2437 3396 2658 3458; x_wconf 88' lang='lat' dir='ltr'>panem</span> <span class='ocrx_word' id='word_1_488' title='bbox 2690 3383 2757 3438; x_wconf 88' lang='lat' dir='ltr'>et</span> <span class='ocrx_word' id='word_1_489' title='bbox 2804 3394 3030 3454; x_wconf 81' lang='lat' dir='ltr'>aquam</span> <span class='ocrx_word' id='word_1_490' title='bbox 3091 3372 3465 3456; x_wconf 82' lang='lat' dir='ltr'>plerumque</span> <span class='ocrx_word' id='word_1_491' title='bbox 3526 3373 3876 3456; x_wconf 84' lang='lat' dir='ltr'>adjiceret,</span> <span class='ocrx_word' id='word_1_492' title='bbox 3934 3382 4000 3438; x_wconf 88' lang='lat' dir='ltr'>ot</span> 
     </span>
     <span class='ocr_line' id='line_1_72' title="bbox 2437 3468 3999 3554; baseline -0.001 -19"><span class='ocrx_word' id='word_1_493' title='bbox 2437 3482 2686 3554; x_wconf 87' lang='lat' dir='ltr'>praeter</span> <span class='ocrx_word' id='word_1_494' title='bbox 2714 3471 2854 3535; x_wconf 88' lang='lat' dir='ltr'>dies</span> <span class='ocrx_word' id='word_1_495' title='bbox 2881 3469 3263 3541; x_wconf 78' lang='lat' dir='ltr'>Dominicos..</span> <span class='ocrx_word' id='word_1_496' title='bbox 3293 3468 3441 3531; x_wconf 89' lang='lat' dir='ltr'>nibil</span> <span class='ocrx_word' id='word_1_497' title='bbox 3473 3469 3729 3534; x_wconf 86' lang='lat' dir='ltr'>omnino</span> <span class='ocrx_word' id='word_1_498' title='bbox 3755 3470 3831 3532; x_wconf 87' lang='lat' dir='ltr'>ad</span> <span class='ocrx_word' id='word_1_499' title='bbox 3864 3490 3999 3534; x_wconf 79' lang='lat' dir='ltr'>ves·</span> 
     </span>
     <span class='ocr_line' id='line_1_73' title="bbox 2427 3567 3999 3650; baseline 0.001 -19"><span class='ocrx_word' id='word_1_500' title='bbox 2427 3588 2647 3650; x_wconf 83' lang='lat' dir='ltr'>peram</span> <span class='ocrx_word' id='word_1_501' title='bbox 2676 3577 3000 3641; x_wconf 78' lang='lat' dir='ltr'>sumeret3</span> <span class='ocrx_word' id='word_1_502' title='bbox 3034 3567 3382 3649; x_wconf 82' lang='lat' dir='ltr'>quinimmo</span> <span class='ocrx_word' id='word_1_503' title='bbox 3411 3574 3581 3631; x_wconf 88' lang='lat' dir='ltr'>totos</span> <span class='ocrx_word' id='word_1_504' title='bbox 3636 3586 3827 3647; x_wconf 88' lang='lat' dir='ltr'>saepe</span> <span class='ocrx_word' id='word_1_505' title='bbox 3858 3567 3999 3633; x_wconf 87' lang='lat' dir='ltr'>dies</span> 
     </span>
     <span class='ocr_line' id='line_1_74' title="bbox 2432 3663 3996 3748; baseline -0.003 -16"><span class='ocrx_word' id='word_1_506' title='bbox 2432 3667 2677 3748; x_wconf 80' lang='lat' dir='ltr'>absque</span> <span class='ocrx_word' id='word_1_507' title='bbox 2701 3664 2837 3729; x_wconf 88' lang='lat' dir='ltr'>ullo</span> <span class='ocrx_word' id='word_1_508' title='bbox 2869 3665 3014 3730; x_wconf 91' lang='lat' dir='ltr'>cibo</span> <span class='ocrx_word' id='word_1_509' title='bbox 3044 3664 3418 3747; x_wconf 86' lang='lat' dir='ltr'>transigeret</span> <span class='ocrx_word' id='word_1_510' title='bbox 3448 3666 3508 3726; x_wconf 89' lang='lat' dir='ltr'>in</span> <span class='ocrx_word' id='word_1_511' title='bbox 3539 3663 3869 3729; x_wconf 89' lang='lat' dir='ltr'>laboribus</span> <span class='ocrx_word' id='word_1_512' title='bbox 3892 3674 3996 3727; x_wconf 90' lang='lat' dir='ltr'>aut</span> 
     </span>
     <span class='ocr_line' id='line_1_75' title="bbox 2432 3760 4000 3842; baseline -0.005 -12"><span class='ocrx_word' id='word_1_513' title='bbox 2432 3763 2870 3834; x_wconf 84' lang='lat' dir='ltr'>orationibus,</span> <span class='ocrx_word' id='word_1_514' title='bbox 2901 3782 3167 3842; x_wconf 87' lang='lat' dir='ltr'>quarum</span> <span class='ocrx_word' id='word_1_515' title='bbox 3198 3760 3390 3823; x_wconf 80' lang='lat' dir='ltr'>etiam</span> <span class='ocrx_word' id='word_1_516' title='bbox 3449 3780 3663 3825; x_wconf 86' lang='lat' dir='ltr'>amoro</span> <span class='ocrx_word' id='word_1_517' title='bbox 3725 3780 4000 3824; x_wconf 84' lang='lat' dir='ltr'>nonnun-</span> 
     </span>
     <span class='ocr_line' id='line_1_76' title="bbox 2434 3855 3995 3946; baseline -0.003 -20"><span class='ocrx_word' id='word_1_518' title='bbox 2434 3883 2619 3946; x_wconf 81' lang='lat' dir='ltr'>quam</span> <span class='ocrx_word' id='word_1_519' title='bbox 2653 3863 2929 3942; x_wconf 82' lang='lat' dir='ltr'>integras</span> <span class='ocrx_word' id='word_1_520' title='bbox 2958 3865 3173 3923; x_wconf 86' lang='lat' dir='ltr'>noctes</span> <span class='ocrx_word' id='word_1_521' title='bbox 3203 3857 3527 3922; x_wconf 88' lang='lat' dir='ltr'>insomnes</span> <span class='ocrx_word' id='word_1_522' title='bbox 3555 3858 3865 3931; x_wconf 86' lang='lat' dir='ltr'>ducebat,</span> <span class='ocrx_word' id='word_1_523' title='bbox 3894 3855 3995 3922; x_wconf 65' lang='lat' dir='ltr'>vet</span> 
     </span>
     <span class='ocr_line' id='line_1_77' title="bbox 2430 3954 3999 4035; baseline -0.001 -13"><span class='ocrx_word' id='word_1_524' title='bbox 2430 3958 2603 4023; x_wconf 84' lang='lat' dir='ltr'>humi</span> <span class='ocrx_word' id='word_1_525' title='bbox 2634 3958 2919 4023; x_wconf 86' lang='lat' dir='ltr'>cubando</span> <span class='ocrx_word' id='word_1_526' title='bbox 2946 3957 3251 4027; x_wconf 77' lang='lat' dir='ltr'>curabat,</span> <span class='ocrx_word' id='word_1_527' title='bbox 3279 3962 3456 4019; x_wconf 73' lang='lat' dir='ltr'>ut‘ne</span> <span class='ocrx_word' id='word_1_528' title='bbox 3487 3954 3639 4035; x_wconf 83' lang='lat' dir='ltr'>quid</span> <span class='ocrx_word' id='word_1_529' title='bbox 3672 3955 3875 4019; x_wconf 87' lang='lat' dir='ltr'>somni</span> <span class='ocrx_word' id='word_1_530' title='bbox 3899 3976 3999 4021; x_wconf 86' lang='lat' dir='ltr'>ca-</span> 
     </span>
     <span class='ocr_line' id='line_1_78' title="bbox 2434 4049 3995 4139; baseline 0 -21"><span class='ocrx_word' id='word_1_531' title='bbox 2434 4062 2614 4139; x_wconf 87' lang='lat' dir='ltr'>peret</span> <span class='ocrx_word' id='word_1_532' title='bbox 2646 4062 2888 4136; x_wconf 83' lang='lat' dir='ltr'>praeter</span> <span class='ocrx_word' id='word_1_533' title='bbox 2922 4052 2984 4114; x_wconf 91' lang='lat' dir='ltr'>id</span> <span class='ocrx_word' id='word_1_534' title='bbox 3009 4094 3029 4123; x_wconf 89' lang='lat'>‚</span> <span class='ocrx_word' id='word_1_535' title='bbox 3058 4052 3227 4131; x_wconf 81' lang='lat' dir='ltr'>quod</span> <span class='ocrx_word' id='word_1_536' title='bbox 3262 4049 3686 4116; x_wconf 84' lang='lat' dir='ltr'>ineluctabilis</span> <span class='ocrx_word' id='word_1_537' title='bbox 3738 4061 3995 4118; x_wconf 83' lang='lat' dir='ltr'>naturae</span> 
     </span>
     <span class='ocr_line' id='line_1_79' title="bbox 2435 4147 3996 4230; baseline -0.004 -15"><span class='ocrx_word' id='word_1_538' title='bbox 2435 4152 2778 4218; x_wconf 78' lang='lat' dir='ltr'>necessitas</span> <span class='ocrx_word' id='word_1_539' title='bbox 2808 4148 3186 4230; x_wconf 76' lang='lat' dir='ltr'>postulabat.</span> <span class='ocrx_word' id='word_1_540' title='bbox 3214 4148 3755 4230; x_wconf 73' lang='lat' dir='ltr'>Duris‘praeterea</span> <span class='ocrx_word' id='word_1_541' title='bbox 3784 4147 3996 4230; x_wconf 76' lang='lat' dir='ltr'>flagel-</span> 
     </span>
     <span class='ocr_line' id='line_1_80' title="bbox 2434 4242 3995 4330; baseline -0.003 -19"><span class='ocrx_word' id='word_1_542' title='bbox 2434 4249 2516 4313; x_wconf 90' lang='lat' dir='ltr'>lis</span> <span class='ocrx_word' id='word_1_543' title='bbox 2537 4292 2557 4321; x_wconf 89' lang='lat'>‚</span> <span class='ocrx_word' id='word_1_544' title='bbox 2587 4246 2957 4330; x_wconf 86' lang='lat' dir='ltr'>asperrimis</span> <span class='ocrx_word' id='word_1_545' title='bbox 2988 4244 3212 4308; x_wconf 81' lang='lat' dir='ltr'>ciliciis</span> <span class='ocrx_word' id='word_1_546' title='bbox 3239 4263 3470 4325; x_wconf 85' lang='lat' dir='ltr'>corpus</span> <span class='ocrx_word' id='word_1_547' title='bbox 3500 4242 3784 4327; x_wconf 75' lang='lat' dir='ltr'>affligere</span> <span class='ocrx_word' id='word_1_548' title='bbox 3838 4253 3900 4307; x_wconf 86' lang='lat' dir='ltr'>et</span> <span class='ocrx_word' id='word_1_549' title='bbox 3929 4244 3995 4306; x_wconf 86' lang='lat' dir='ltr'>in</span> 
     </span>
     <span class='ocr_line' id='line_1_81' title="bbox 2434 4338 3995 4422; baseline -0.003 -12"><span class='ocrx_word' id='word_1_550' title='bbox 2434 4345 2800 4410; x_wconf 79' lang='lat' dir='ltr'>servitutem</span> <span class='ocrx_word' id='word_1_551' title='bbox 2833 4340 3123 4422; x_wconf 87' lang='lat' dir='ltr'>redigere</span> <span class='ocrx_word' id='word_1_552' title='bbox 3149 4359 3267 4402; x_wconf 88' lang='lat' dir='ltr'>non</span> <span class='ocrx_word' id='word_1_553' title='bbox 3293 4338 3639 4403; x_wconf 78' lang='lat' dir='ltr'>desinebat.</span> <span class='ocrx_word' id='word_1_554' title='bbox 3661 4347 3995 4421; x_wconf 80' lang='lat' dir='ltr'>Pauperta-</span> 
     </span>
     <span class='ocr_line' id='line_1_82' title="bbox 2434 4433 3994 4518; baseline -0.001 -14"><span class='ocrx_word' id='word_1_555' title='bbox 2434 4442 2512 4504; x_wconf 88' lang='lat' dir='ltr'>tis</span> <span class='ocrx_word' id='word_1_556' title='bbox 2541 4459 2688 4503; x_wconf 83' lang='lat' dir='ltr'>vero</span> <span class='ocrx_word' id='word_1_557' title='bbox 2718 4438 2876 4502; x_wconf 89' lang='lat' dir='ltr'>adeo</span> <span class='ocrx_word' id='word_1_558' title='bbox 2906 4442 3149 4500; x_wconf 82' lang='lat' dir='ltr'>amator</span> <span class='ocrx_word' id='word_1_559' title='bbox 3176 4433 3296 4499; x_wconf 76' lang='lat' dir='ltr'>fuit</span> <span class='ocrx_word' id='word_1_560' title='bbox 3316 4480 3338 4510; x_wconf 93' lang='lat'><strong>,</strong></span> <span class='ocrx_word' id='word_1_561' title='bbox 3369 4445 3438 4500; x_wconf 91' lang='lat' dir='ltr'>ut</span> <span class='ocrx_word' id='word_1_562' title='bbox 3469 4455 3630 4518; x_wconf 84' lang='lat' dir='ltr'>quae</span> <span class='ocrx_word' id='word_1_563' title='bbox 3680 4455 3836 4518; x_wconf 80' lang='lat' dir='ltr'>prae</span> <span class='ocrx_word' id='word_1_564' title='bbox 3894 4456 3994 4502; x_wconf 88' lang='lat' dir='ltr'>ce·</span> 
     </span>
     <span class='ocr_line' id='line_1_83' title="bbox 2433 4531 3993 4604; baseline -0.002 -3"><span class='ocrx_word' id='word_1_565' title='bbox 2433 4537 2588 4602; x_wconf 89' lang='lat' dir='ltr'>teris</span> <span class='ocrx_word' id='word_1_566' title='bbox 2615 4535 2865 4599; x_wconf 73' lang='lat' dir='ltr'>atu-ttae</span> <span class='ocrx_word' id='word_1_567' title='bbox 2894 4541 2957 4597; x_wconf 87' lang='lat' dir='ltr'>et</span> <span class='ocrx_word' id='word_1_568' title='bbox 2989 4531 3238 4596; x_wconf 83' lang='lat' dir='ltr'>lacerae</span> <span class='ocrx_word' id='word_1_569' title='bbox 3294 4541 3504 4596; x_wconf 85' lang='lat' dir='ltr'>vestes</span> <span class='ocrx_word' id='word_1_570' title='bbox 3564 4540 3824 4604; x_wconf 84' lang='lat' dir='ltr'>essent,</span> <span class='ocrx_word' id='word_1_571' title='bbox 3883 4553 3993 4597; x_wconf 90' lang='lat' dir='ltr'>eas</span> 
     </span>
     <span class='ocr_line' id='line_1_84' title="bbox 2434 4628 3994 4716; baseline -0.001 -21"><span class='ocrx_word' id='word_1_572' title='bbox 2434 4635 2571 4716; x_wconf 85' lang='lat' dir='ltr'>ipse</span> <span class='ocrx_word' id='word_1_573' title='bbox 2600 4631 2722 4697; x_wconf 81' lang='lat' dir='ltr'>sibi</span> <span class='ocrx_word' id='word_1_574' title='bbox 2755 4629 3107 4713; x_wconf 79' lang='lat' dir='ltr'>deligeret,</span> <span class='ocrx_word' id='word_1_575' title='bbox 3139 4647 3254 4692; x_wconf 88' lang='lat' dir='ltr'>nec</span> <span class='ocrx_word' id='word_1_576' title='bbox 3282 4647 3550 4710; x_wconf 81' lang='lat' dir='ltr'>unquam</span> <span class='ocrx_word' id='word_1_577' title='bbox 3582 4628 3714 4692; x_wconf 83' lang='lat' dir='ltr'>sere</span> <span class='ocrx_word' id='word_1_578' title='bbox 3772 4629 3994 4694; x_wconf 84' lang='lat' dir='ltr'>sanda·</span> 
     </span>
     <span class='ocr_line' id='line_1_85' title="bbox 2428 4723 3992 4806; baseline -0.003 -13"><span class='ocrx_word' id='word_1_579' title='bbox 2428 4728 2538 4796; x_wconf 86' lang='lat' dir='ltr'>liis</span> <span class='ocrx_word' id='word_1_580' title='bbox 2567 4728 2770 4794; x_wconf 81' lang='lat' dir='ltr'>aliove</span> <span class='ocrx_word' id='word_1_581' title='bbox 2798 4724 3200 4792; x_wconf 82' lang='lat' dir='ltr'>calceamenti</span> <span class='ocrx_word' id='word_1_582' title='bbox 3234 4744 3463 4806; x_wconf 88' lang='lat' dir='ltr'>genere</span> <span class='ocrx_word' id='word_1_583' title='bbox 3494 4731 3820 4797; x_wconf 85' lang='lat' dir='ltr'>uteretur,</span> <span class='ocrx_word' id='word_1_584' title='bbox 3878 4723 3992 4789; x_wconf 83' lang='lat' dir='ltr'>sed</span> 
     </span>
     <span class='ocr_line' id='line_1_86' title="bbox 2432 4820 3994 4908; baseline -0.003 -18"><span class='ocrx_word' id='word_1_585' title='bbox 2432 4828 2614 4893; x_wconf 80' lang='lat' dir='ltr'>nudis</span> <span class='ocrx_word' id='word_1_586' title='bbox 2642 4825 3011 4908; x_wconf 88' lang='lat' dir='ltr'>plerumque</span> <span class='ocrx_word' id='word_1_587' title='bbox 3040 4821 3308 4904; x_wconf 83' lang='lat' dir='ltr'>pedibus</span> <span class='ocrx_word' id='word_1_588' title='bbox 3363 4823 3438 4885; x_wconf 87' lang='lat' dir='ltr'>ad</span> <span class='ocrx_word' id='word_1_589' title='bbox 3500 4820 3871 4892; x_wconf 79' lang='lat' dir='ltr'>humilitatis</span> <span class='ocrx_word' id='word_1_590' title='bbox 3926 4830 3994 4890; x_wconf 79' lang='lat' dir='ltr'>et</span> 
     </span>
     <span class='ocr_line' id='line_1_87' title="bbox 2430 4918 3618 5009; baseline -0.005 -20"><span class='ocrx_word' id='word_1_591' title='bbox 2430 4922 2855 5009; x_wconf 79' lang='lat' dir='ltr'>poenitentiae</span> <span class='ocrx_word' id='word_1_592' title='bbox 2882 4919 3249 4986; x_wconf 77' lang='lat' dir='ltr'>exercitium</span> <span class='ocrx_word' id='word_1_593' title='bbox 3280 4918 3618 4986; x_wconf 84' lang='lat' dir='ltr'>incederet.</span> 
     </span>
    </p>

    <p class='ocr_par' dir='ltr' id='par_1_10' title="bbox 2430 5015 4086 5189">
     <span class='ocr_line' id='line_1_88' title="bbox 2557 5015 4086 5108; baseline -0.001 -29"><span class='ocrx_word' id='word_1_594' title='bbox 2557 5025 2760 5095; x_wconf 83' lang='lat' dir='ltr'>Quare</span> <span class='ocrx_word' id='word_1_595' title='bbox 2786 5037 2926 5084; x_wconf 84' lang='lat' dir='ltr'>cum</span> <span class='ocrx_word' id='word_1_596' title='bbox 2948 5015 3069 5084; x_wconf 82' lang='lat' dir='ltr'>sibi</span> <span class='ocrx_word' id='word_1_597' title='bbox 3098 5036 3169 5080; x_wconf 91' lang='lat' dir='ltr'>ac</span> <span class='ocrx_word' id='word_1_598' title='bbox 3194 5015 3425 5078; x_wconf 71' lang='lat' dir='ltr'>Mundo</span> <span class='ocrx_word' id='word_1_599' title='bbox 3445 5016 3783 5086; x_wconf 68' lang='lat' dir='ltr'>crucifixus</span> <span class='ocrx_word' id='word_1_600' title='bbox 3802 5017 3993 5081; x_wconf 84' lang='lat' dir='ltr'>omni-</span> <span class='ocrx_word' id='word_1_601' title='bbox 4038 5050 4086 5108; x_wconf 63' lang='grc' dir='ltr'><strong>Β</strong></span> 
     </span>
     <span class='ocr_line' id='line_1_89' title="bbox 2430 5111 3996 5189; baseline 0 -7"><span class='ocrx_word' id='word_1_602' title='bbox 2430 5137 2516 5183; x_wconf 84' lang='lat' dir='ltr'>no</span> <span class='ocrx_word' id='word_1_603' title='bbox 2543 5126 2740 5189; x_wconf 86' lang='lat' dir='ltr'>esset,</span> <span class='ocrx_word' id='word_1_604' title='bbox 2769 5111 3032 5180; x_wconf 84' lang='lat' dir='ltr'>minime</span> <span class='ocrx_word' id='word_1_605' title='bbox 3061 5122 3162 5177; x_wconf 89' lang='lat' dir='ltr'>est</span> <span class='ocrx_word' id='word_1_606' title='bbox 3188 5113 3556 5189; x_wconf 82' lang='lat' dir='ltr'>mirandum,</span> <span class='ocrx_word' id='word_1_607' title='bbox 3586 5113 3642 5182; x_wconf 91' lang='lat' dir='ltr'>si</span> <span class='ocrx_word' id='word_1_608' title='bbox 3667 5121 3996 5182; x_wconf 83' lang='lat' dir='ltr'>totumcor</span> 
     </span>
    </p>
   </div>
   <div class='ocr_carea' id='block_1_8' title="bbox 871 5302 3958 5381">
    <p class='ocr_par' dir='ltr' id='par_1_11' title="bbox 871 5302 3958 5381">
     <span class='ocr_line' id='line_1_90' title="bbox 871 5302 3958 5381; baseline 0 -20"><span class='ocrx_word' id='word_1_609' title='bbox 871 5309 923 5361; x_wconf 75' lang='lat' dir='ltr'>A</span> <span class='ocrx_word' id='word_1_610' title='bbox 970 5302 1235 5363; x_wconf 69' lang='lat' dir='ltr'>Ordinem</span> <span class='ocrx_word' id='word_1_611' title='bbox 1264 5308 1549 5362; x_wconf 62' lang='lat' dir='ltr'>littorum</span> <span class='ocrx_word' id='word_1_612' title='bbox 1578 5304 1899 5377; x_wconf 74' lang='lat' dir='ltr'>ingreditur.</span> <span class='ocrx_word' id='word_1_613' title='bbox 1939 5309 1984 5362; x_wconf 83' lang='lat' dir='ltr'>B</span> <span class='ocrx_word' id='word_1_614' title='bbox 2026 5308 2272 5380; x_wconf 77' lang='lat' dir='ltr'>E’jueque</span> <span class='ocrx_word' id='word_1_615' title='bbox 2298 5308 2779 5381; x_wconf 60' lang='lat' dir='ltr'>Rglbrmationem</span> <span class='ocrx_word' id='word_1_616' title='bbox 2807 5325 2919 5361; x_wconf 80' lang='lat' dir='ltr'>una</span> <span class='ocrx_word' id='word_1_617' title='bbox 2945 5324 3071 5360; x_wconf 78' lang='lat' dir='ltr'>cum</span> <span class='ocrx_word' id='word_1_618' title='bbox 3100 5308 3270 5361; x_wconf 77' lang='lat' dir='ltr'>Petro</span> <span class='ocrx_word' id='word_1_619' title='bbox 3306 5307 3635 5363; x_wconf 74' lang='lat' dir='ltr'>Villaereer’o</span> <span class='ocrx_word' id='word_1_620' title='bbox 3654 5321 3958 5379; x_wconf 74' lang='lat' dir='ltr'>promovet.</span> 
     </span>
    </p>
   </div>
   <div class='ocr_carea' id='block_1_9' title="bbox 877 5393 2044 5465">
    <p class='ocr_par' dir='ltr' id='par_1_12' title="bbox 877 5393 2044 5465">
     <span class='ocr_line' id='line_1_91' title="bbox 877 5393 2044 5465; baseline 0 -15"><span class='ocrx_word' id='word_1_621' title='bbox 877 5399 920 5450; x_wconf 90' lang='lat' dir='ltr'>C</span> <span class='ocrx_word' id='word_1_622' title='bbox 965 5393 1420 5463; x_wconf 63' lang='lat' dir='ltr'>Bqsormarorum</span> <span class='ocrx_word' id='word_1_623' title='bbox 1455 5393 1733 5451; x_wconf 72' lang='grc' dir='ltr'>Οοειιοόἰο</span> <span class='ocrx_word' id='word_1_624' title='bbox 1755 5395 2044 5465; x_wconf 68' lang='lat' dir='ltr'>gubernat.</span> 
     </span>
    </p>
   </div>
   <div class='ocr_carea' id='block_1_10' title="bbox 2192 5397 3057 5471">
    <p class='ocr_par' dir='ltr' id='par_1_13' title="bbox 2192 5397 3057 5471">
     <span class='ocr_line' id='line_1_92' title="bbox 2192 5397 3057 5471; baseline -0.003 -19"><span class='ocrx_word' id='word_1_625' title='bbox 2192 5401 2243 5452; x_wconf 77' lang='grc' dir='ltr'><strong>υ</strong></span> <span class='ocrx_word' id='word_1_626' title='bbox 2278 5398 2460 5471; x_wconf 69' lang='lat' dir='ltr'>:peius</span> <span class='ocrx_word' id='word_1_627' title='bbox 2482 5397 2777 5469; x_wconf 74' lang='lat' dir='ltr'>religiosae</span> <span class='ocrx_word' id='word_1_628' title='bbox 2801 5397 3057 5454; x_wconf 72' lang='lat' dir='ltr'>vinum.</span> 
     </span>
    </p>
   </div>
   <div class='ocr_carea' id='block_1_11' title="bbox 3205 5394 3795 5453">
    <p class='ocr_par' dir='ltr' id='par_1_14' title="bbox 3205 5394 3795 5453">
     <span class='ocr_line' id='line_1_93' title="bbox 3205 5394 3795 5453; baseline 0.002 -4"><span class='ocrx_word' id='word_1_629' title='bbox 3205 5397 3253 5449; x_wconf 72' lang='lat' dir='ltr'>tt</span> <span class='ocrx_word' id='word_1_630' title='bbox 3293 5394 3491 5452; x_wconf 71' lang='lat' dir='ltr'>Pietas</span> <span class='ocrx_word' id='word_1_631' title='bbox 3513 5397 3573 5451; x_wconf 75' lang='lat' dir='ltr'>in</span> <span class='ocrx_word' id='word_1_632' title='bbox 3597 5398 3795 5453; x_wconf 70' lang='lat' dir='ltr'>Deum.</span> 
     </span>
    </p>
   </div>
  </div>
 </body>
</html>
