4442 6300
1004 549 1110 599 176

821 691 1050 773 quibus
1093 688 1383 754 universa
1412 689 1512 753 lex
1543 689 1773 773 pendet
1799 735 1819 762 ‚
1853 700 1974 755 tam
2009 693 2222 756 sancte
2252 710 2286 753 a
2318 695 2385 754 B.

818 789 969 853 viro
1005 796 1252 859 servata
1272 829 1293 860 ,
1321 787 1449 851 duo
1481 786 1580 849 illi
1609 796 1748 852 sunt
1780 810 1860 852 ex
1891 787 2241 870 Augustino
2280 787 2391 853 de-

819 883 999 954 narii,
1031 903 1189 965 quos
1220 903 1342 947 non
1371 884 1449 946 ad
1482 884 1670 948 unius
1700 885 1890 949 saucii
1920 882 2254 957 medelam,
2278 885 2388 949 sed

819 981 898 1043 ad
928 979 1335 1061 plurimorum
1369 979 1635 1046 salutem
1669 982 2079 1066 Evangelicus
2124 983 2246 1046 iste
2289 989 2412 1047 Sar

823 1076 1203 1148 maritanus,
1235 1079 1437 1159 quoad
1470 1078 1670 1151 vixit,
1701 1079 1931 1161 ubique
1961 1079 2235 1161 protulit.
2265 1084 2391 1143 Bu-

815 1174 924 1258 jus
951 1175 1147 1258 igitur
1172 1175 1298 1236 Viri
1331 1175 1825 1248 misericordiae,
1851 1177 2034 1259 cujus
2059 1176 2123 1238 in
2151 1175 2391 1243 semiue

818 1277 1182 1355 permanent
1213 1271 1374 1335 bona
1397 1315 1417 1345 ‚
1448 1283 1516 1335 ut
1545 1272 1765 1337 landes
1795 1273 2046 1338 nunciet
2078 1272 2386 1345 Ecclesia,

818 1390 974 1452 quas
1017 1377 1110 1432 tot
1153 1368 1233 1432 ad
1277 1367 1433 1433 haue
1476 1369 1646 1437 diem
1687 1371 1983 1435 miracula
2033 1370 2391 1435 celebrave-

819 1477 1010 1539 runt,
1052 1485 1283 1531 censeo
1325 1466 2065 1533 sanetiscont'essoribus
2093 1468 2385 1532 eumdem

819 1563 1051 1629 merito
1079 1583 1221 1627 esse
1248 1562 1786 1629 adnumerandum
1807 1609 1825 1626 .

830 1843 1203 1907 JOANNES
1245 1844 1747 1906 FRANCISCUS
1777 1845 2092 1907 Cwallini
2119 1845 2360 1921 Episco-

1332 1958 1450 2017 pus
1500 1942 1822 2004 alatrinus
1847 1986 1864 2002 .

941 2222 1170 2287 Beatus
1199 2216 1491 2281 Camillus
1518 2217 1598 2281 de
1623 2216 1817 2281 Lellis
1845 2215 2228 2282 elericorum
2261 2224 2381 2281 lte-

811 2314 1121 2400 gularium
1172 2314 1650 2379 ministrantium
1698 2314 1973 2379 lufirmis
2032 2315 2377 2409 Fsuudator,
2450 2314 2457 2319 “

810 2413 1042 2478 eximia
1076 2414 1137 2474 in
1168 2419 1362 2477 Deum
1394 2412 1735 2485 charitate,
1778 2410 2046 2476 maximo
2072 2413 2134 2478 iu
2163 2415 2387 2477 Proxi··

810 2532 982 2573 mum
1016 2528 1231 2573 amore
1261 2511 1420 2575 adeo
1449 2511 1773 2584 efferbuit,
1802 2519 1872 2575 ut
1905 2520 2073 2575 totus
2103 2517 2234 2575 Deo
2260 2531 2375 2594 pro

807 2605 1193 2677 bominibus,
1217 2608 1387 2671 totus
1416 2606 1798 2679 hominibus,
1820 2618 1937 2692 pro
1956 2612 2088 2671 Deo
2111 2626 2178 2670 se
2201 2626 2378 2689 prae-

809 2703 1058 2767 buerit:
1105 2703 1283 2787 cujus
1325 2703 1417 2766 rei
1460 2704 1756 2765 virtutum
1812 2725 1884 2766 ac
1929 2702 2372 2767 miraculorum

809 2821 1073 2866 numero
1105 2801 1556 2883 propemodum
1611 2799 1930 2884 singulari,
1962 2800 2023 2862 in
2056 2800 2168 2865 bac
2199 2820 2375 2882 prae-

810 2899 1021 2963 sertim
1044 2901 1211 2963 Urbe
1234 2906 1426 2963 Roma
1471 2906 1868 2964 monumenta
1906 2896 2198 2963 omuibus
2229 2907 2374 2987 nota

807 2994 1111 3079 reliquit:
1158 3002 1557 3078 Quapropter
1597 2995 2030 3081 dignissimum
2075 3016 2260 3071 reor,
2306 3005 2377 3063 ut

809 3101 1176 3160 Sanctorum
1223 3093 1414 3159 Fastis
1469 3093 1906 3169 adscribatur,
1966 3086 2372 3184 quemadmo-

811 3195 963 3259 dum
1010 3192 1200 3268 etiam
1231 3198 1421 3273 atque
1451 3192 1638 3257 etiam
1670 3213 1707 3257 a
1735 3197 2211 3272 SANCTITATE
2241 3198 2373 3256 VE-

807 3295 1006 3357 STRA
1036 3281 1298 3373 supplex
1331 3309 1606 3375 exposco
1626 3334 1643 3350 .

920 3565 1327 3632 mcoLAUs
1363 3570 1546 3647 Ciani
1579 3570 1915 3647 Episcopus
1944 3569 2220 3631 Soranus
2243 3612 2258 3629 .
2311 3572 2315 3576 “

863 3857 868 3860 .
928 3802 1192 3869 Mutatio
1220 3804 1510 3886 equidem
1550 3803 1706 3880 fuit,
1751 3807 2211 3872 nssarlssnffl
2248 3811 2371 3871 PA-

795 3909 1003 3985 TER,
1059 3901 1362 3966 dexterae
1422 3902 1717 3977 excelsi,
1759 3905 1869 3986 qui
1897 3903 2241 3967 Camillum
2288 3906 2369 3970 de

803 3999 994 4065 Lellis
1037 3999 1117 4064 de
1163 4001 1456 4066 diuturna
1494 4019 1812 4085 pravaque
1849 4001 2096 4066 vivendi
2122 4001 2366 4068 ratione

803 4098 1100 4163 eductum
1157 4099 1420 4164 deduxit
1474 4119 1591 4182 per
1641 4099 1775 4165 vias
1825 4107 2077 4173 rectas,
2121 4115 2193 4164 ac
2238 4109 2368 4164 tam

802 4196 987 4261 uberi
1015 4198 1382 4270 caelestium
1413 4197 1858 4264 charismatum
1904 4196 2124 4279 copiae
2164 4196 2365 4280 reple-

795 4295 930 4370 vit,
957 4303 1049 4358 ‘ut
1093 4296 1352 4361 minime
1403 4295 1486 4360 sit
1533 4295 2016 4379 ambigendum,
2044 4294 2196 4378 quin
2228 4296 2363 4370 illi,

797 4400 941 4474 post
968 4392 1227 4456 arduum
1256 4391 1856 4458 tot'cbristisnarum
1883 4391 2180 4455 virtutum
2203 4411 2366 4470 ,cur-

794 4488 1107 4562 riculum,
1152 4489 1321 4571 quod
1364 4489 1747 4573 spa-incipio
1785 4487 2019 4552 alacris
2047 4489 2364 4573 ingressus

793 4586 1025 4658 fuerat,
1056 4585 1132 4650 ad
1167 4595 1433 4651 mortem
1464 4605 1665 4667 usque
1698 4585 2092 4649 sanctissime
2121 4587 2362 4649 obitum

799 4683 1145 4767 maioribus
1174 4704 1424 4766 semper
1451 4684 1744 4764 passibus
1770 4682 2125 4748 contectum
2147 4727 2168 4755 ‚
2199 4703 2364 4748 sem-

792 4784 1078 4864 piternae
1134 4782 1323 4847 etiam
1377 4779 1616 4863 gloriae
1665 4781 1952 4847 bravium
1986 4781 2359 4847 donaverit.

794 4881 1060 4954 Quod-et
1078 4880 1247 4944 idem
1278 4878 1414 4962 ipse
1446 4880 1752 4956 bonorum
1773 4880 2049 4944 omnium
2073 4880 2360 4963 largitor,

793 4979 900 5059 qui
934 4985 1194 5042 sewum
1231 4997 1412 5040 suum
1442 4974 1810 5059 glorifieavit
1845 4995 1967 5056 ⁴per
2007 4975 2385 5059 frequentia-

790 5076 1008 5140 itidem
1041 5074 1347 5138 miracula
1373 5075 1453 5138 ad
1487 5073 1654 5138 beati
1675 5074 1925 5138 camilli
1966 5076 2359 5158 deprecantis

789 5172 1252 5237 invocationem
1281 5177 1521 5253 patrata
1551 5163 1886 5236 contestari
1918 5171 2202 5255 dignatus
2228 5182 2326 5238 est
2345 5205 2377 5233 .-

790 5277 1009 5353 ltaque
1049 5267 1338 5334 existimo
1380 5272 1922 5334 sanonum!
1963 5275 2177 5334 wau
2228 5277 2363 5335 tuto

791 5367 1141 5451 procedere
1169 5386 1355 5448 posse
1386 5366 1464 5430 ad
1493 5365 1690 5449 ipsius
1718 5365 2263 5432 canonizationem
2287 5414 2301 5431 .

1936 546 2142 609 ACTA
2184 546 2839 602 CANofflzATloNts
2928 598 2935 603 .

2536 692 2916 757 JOANNES
2951 690 3371 765 Am-'Oivws
3405 699 3660 761 castelli
3681 698 4016 772 Episcopus
4060 732 4069 737 ·

3070 794 3497 855 Cmaremis.

2530 996 2545 1007 ⁸
2630 990 2858 1050 Beatus
2887 982 3195 1050 Camillus
3222 985 3304 1049 de
3330 983 3526 1050 Lellis
3556 986 3835 1050 omnium
3876 985 4067 1050 virtu-

2502 1090 2634 1147 tum
2680 1082 2906 1156 laude,
2951 1091 3017 1146 et
3058 1083 3391 1166 praecipue
3424 1085 3734 1158 maxima,
3762 1106 3886 1160 qua
3918 1100 4069 1168 erga

2499 1181 2826 1246 Proximos
2852 1181 3163 1246 charime-
3182 1179 3485 1264 flagrabat
3504 1222 3527 1253 ,
3556 1181 3780 1247 mirum
3826 1180 3891 1243 in
3934 1201 4068 1245 mo·

2499 1269 2648 1343 du‘m
2702 1278 3042 1352 excelluit3
3088 1298 3248 1363 novo
3289 1282 3499 1342 autem
3518 1322 3541 1352 ,
3566 1299 3760 1361 quem
3785 1278 4063 1355 instituit

2497 1375 2731 1440 Ordine
2757 1374 3130 1440 christianae
3165 1373 3564 1457 Reipublicae
3607 1375 3780 1441 utilia
3804 1383 3870 1440 et
3898 1374 4067 1440 salu·

2497 1470 2842 1542 tarial'uit.
2875 1473 3058 1537 Mitto
3099 1468 3430 1555 prodigia,
3473 1492 3636 1554 quae
3676 1491 3792 1555 per
3820 1478 3977 1545 eum
4018 1493 4058 1539 a

2498 1575 2625 1634 Deo
2654 1569 2907 1651 Optimo
2934 1569 3475 1648 Maximo‘patrata
3504 1577 3673 1643 sunt,
3699 1588 4055 1642 aerumnas,

2492 1665 2884 1733 calamitates
2903 1696 2927 1741 ς
2954 1665 3272 1739 miserias,
3304 1685 3459 1747 quas
3486 1686 3600 1748 pro
3631 1667 3883 1730 nomine
3909 1672 4063 1730 lesu

2494 1783 2702 1845 aequo
2746 1761 2960 1827 animo
3002 1757 3302 1846 pertulit,
3348 1771 3536 1844 atque
3581 1762 4065 1845 innumerabilia

2490 1860 2687 1926 animi
2737 1866 3144 1932 ornamenta,
3187 1881 3350 1942 quae
3393 1860 3487 1925 illi
3535 1856 3870 1943 singularia
3913 1881 4057 1926 esse

2424 1952 2431 1955 ’
2491 1959 2824 2023 videntur:
2861 1963 3060 2032 Quare
3086 1957 3443 2022 humillime
3484 1975 3755 2029 censeo,
3795 1957 4055 2041 dignum

2490 2056 2692 2140 ipsum
2723 2076 2893 2129 esse,
2914 2055 3031 2137 qui
3059 2054 3328 2120 solemni
3361 2046 3479 2118 ritu
3511 2076 3548 2118 a
3579 2058 4060 2120 SANCTITATB

2488 2160 2790 2221 VESTRA
2823 2159 3191 2218 Sanctorum
3223 2152 3419 2219 Fastis
3446 2152 3875 2242 adscribatur.

2531 2349 2945 2419 mcozws
2973 2349 3224 2412 nunu
3261 2352 3634 2426 calcamus
3674 2351 4013 2427 Epi-copus

2970 2451 3255 2509 Civitatis
3280 2451 3571 2517 Duretie.

2600 2645 2707 2705 Ex
2750 2638 2965 2705 mundi
3010 2637 3335 2716 illecebris
3375 2640 3792 2722 terrestrique
3822 2639 4055 2710 militia

2482 2747 2742 2804 vocatus
2770 2738 2861 2809 ad
2879 2737 3294 2809 clericalem,
3322 2746 3513 2820 atque
3541 2737 3806 2822 hujusce
3849 2738 4052 2803 seculi

2483 2845 2909 2933 contemptum
2939 2836 3165 2899 beatus
3188 2834 3525 2908 Camillus,
3569 2855 3712 2901 cum
3758 2834 3877 2900 fuit
3917 2835 4051 2900 ino·

2482 2926 2703 3015 pinato
2725 2953 2797 2998 ac
2825 2931 3180 2997 vehementi
3211 2932 3649 3016 omnipotentis
3670 2933 3782 2997 Dei
3816 2931 4054 3001 lumine

2485 3028 2931 3101 circumfusus,
2954 3035 3019 3093 et
3038 3027 3231 3092 veluti
3258 3026 3422 3095 alter
3441 3028 3711 3116 Saulus
3692 3049 3757 3091 ln
3786 3038 4053 3114 Aposto-

2485 3124 2619 3189 lum
2674 3126 2965 3192 Geutium
3024 3145 3365 3190 conversus
3390 3168 3415 3199 ,
3470 3110 3823 3192 anteactum
3883 3128 4053 3193 vitae

2487 3244 2639 3296 suae
2670 3241 2867 3306 genus
2896 3221 3258 3287 ferventiori
3292 3222 3608 3287 charitatis
3639 3224 3850 3290 studio
3879 3245 4053 3289 cem-

2485 3321 2812 3405 pensavit.
2856 3326 3028 3396 Quae
3070 3320 3240 3384 enim
3282 3340 3396 3402 pro
3439 3320 3839 3386 lufirmorum
3870 3342 4050 3406 prae-

2487 3421 2702 3484 sertim
2748 3418 2953 3483 salute
2993 3423 3125 3482 tum
3156 3416 3527 3499 spirituali,
3559 3426 3694 3483 tum
3725 3417 4045 3500 corporali

2480 3525 2658 3601 gesta
2688 3517 2770 3580 ab
2800 3515 2939 3598 ipso
2967 3521 3110 3579 suut
3129 3557 3150 3587 ,
3181 3514 3685 3580 ardentissimam
3728 3515 4051 3600 praesefe-

2480 3621 2625 3677 runt
2645 3613 3043 3692 charitatem,
3061 3632 3185 3694 qua
3204 3612 3627 3678 inflammatus
3646 3633 3718 3677 se
3746 3632 4046 3694 praesen-

2480 3708 2740 3774 tissimis
2771 3708 3007 3793 objecit
3033 3709 3253 3774 mortis
3279 3708 3575 3791 periculis
3593 3753 3629 3783 ‚-
3646 3718 3717 3774 ut
3738 3701 4046 3776 christia·

2482 3805 2734 3871 delibus
2782 3814 3033 3889 praesto
3076 3814 3245 3872 esset
3269 3850 3293 3882 ,
3330 3806 3526 3871 etiam
3569 3803 3868 3889 pestifera
3895 3806 4045 3872 labe

2480 3900 2769 3977 infectis,
2829 3903 3063 3985 quibus
3114 3903 3537 3982 inserviendia
3589 3902 3898 3985 peculiari
3944 3923 4046 3969 so-

2481 4000 2674 4065 lemni
2703 4007 2849 4065 voto
2882 4021 2952 4065 se
2973 4043 2994 4074 ,
3025 4021 3296 4084 suosque
3340 4000 3643 4065 alumnos
3666 3999 3870 4072 voluit
3898 4020 4047 4067 esse

2479 4098 2857 4163 obstrictos.
2886 4103 3034 4163 Cum
3068 4108 3278 4165 autem
3321 4103 3390 4162 B.
3435 4098 3738 4166 Camillus
3760 4098 4047 4165 animam

2474 4215 2589 4276 pre
2619 4194 2837 4264 amieis
2865 4196 2999 4261 suis
3027 4215 3262 4281 ponere
3291 4215 3416 4261 non
3446 4195 3827 4261 dubitaverit
3849 4238 3870 4270 ,
3912 4205 4045 4263 ma-

2473 4292 2677 4377 jorem
2722 4303 2894 4359 certe
2936 4293 3297 4360 charitatem
3349 4292 3580 4364 babere
3624 4313 3745 4364 non
3792 4292 4040 4375 potuit,

2470 4393 2647 4477 juxta
2676 4391 2965 4455 Divinum
2989 4389 3344 4457 oraculum.
3365 4395 3759 4473 Quapropter*
3775 4388 4041 4454 fidetem

2475 4488 2637 4553 bunc
2666 4488 2778 4553 Dei
2814 4495 3073 4553 Servum
3118 4509 3191 4554 ac
3231 4488 3374 4552 nevi
3419 4487 3669 4552 Ordinis
3698 4495 4039 4552 auctorem

2475 4584 2695 4651 multis
2721 4586 3080 4652 decoratum
3124 4584 3190 4648 in
3231 4585 3422 4651 terris
3447 4583 3897 4649 charismatum
3928 4583 4041 4649 do·

2472 4683 2573 4749 nia
2600 4704 2673 4774 ac
2704 4684 3005 4768 prodigiis
3030 4725 3050 4759 ,
3080 4683 3246 4747 iuter
3275 4690 3528 4748 Sanctos
3558 4702 3673 4766 per
3696 4680 4038 4747 infallibile

2473 4783 2973 4846 amerinus
2988 4786 3309 4848 vss‘raAE
3338 4769 3670 4846 oraculum
3706 4793 4040 4845 reconson-

2471 4878 2620 4942 dum
2650 4900 2880 4945 censeo
2901 4922 2923 4954 ,
2953 4889 3022 4945 ut
3052 4880 3180 4944 boc.
3201 4878 3357 4943 duce
3385 4878 3753 4951 bominibus
3781 4879 3863 4941 ad
3888 4877 4053 4942 imi··

2469 4976 2727 5041 tandum
2760 4976 3107 5060 proposito,
3131 4974 3403 5040 ebaritas
3423 4977 3653 5044 nostris
3674 4974 3846 5040 bisce
3877 4984 4035 5039 tem·

2468 5074 2724 5156 poribus
2762 5073 3216 5158 elanguescens
3264 5072 3675 5157 adaugeatur,
3723 5072 4035 5156 istiusque

2469 5169 2765 5254 exemplo
2810 5170 3323 5237 christifidelium
3353 5169 3541 5254 corda
3568 5171 3645 5235 ad
3658 5169 4032 5250 „misericor-

2468 5255 2610 5338 dlae
2642 5288 2836 5351 opera
2864 5287 3013 5353 erga
3040 5266 3405 5334 Proximum
3433 5265 3709 5333 alacrius
3734 5279 4034 5333 exercen-

2471 5366 2550 5433 da
2581 5366 3039 5432 inflammentur
3063 5410 3078 5426 .
3606 5394 3613 5400 ·
