4442 6300
2074 466 2319 523 mnu
2357 462 2648 523 nunu.

708 616 944 685 alatoriis
969 615 1231 688 publicis,
1252 621 1381 686 pag.
1411 613 1535 669 ssl-
1562 614 1782 671 nactust
1811 632 1840 669 a
1865 613 2133 685 petitione
2157 616 2281 669 Pal-
2386 616 2628 671 denium
2656 616 2764 671 nisi
2793 616 2951 675 alicui
3004 634 3071 697 ex
3099 617 3369 688 Collegit).
3381 616 3786 681 Advocatorum
3819 621 3969 675 Con-

701 705 760 759 lii
784 743 799 769 ,
827 704 1111 776 quomodo
1136 704 1533 776 intelligantur,
1556 722 1686 775 pag.
1738 704 1858 759 ut.
1890 704 2142 758 Gaudent
2170 707 2283 775 pri-

702 795 903 865 vilegio
930 794 1176 850 Oratorii
1203 794 1263 847 in
1289 794 1515 865 propria
1542 796 1725 847 Domo
1765 794 1830 848 ad
1860 811 2018 848 unam
2047 797 2278 849 Missam

711 902 814 957 pro
842 902 1175 956 unoquoque
1199 883 1291 939 die
1316 881 1688 938 celebrandam
1704 922 1720 950 ,
1743 902 1871 954 pag.
1904 885 2031 937 151.

823 972 1020 1028 Colore
1050 972 1275 1038 Rubro,
1300 973 1400 1027 etsi
1442 979 1686 1043 tempore
1714 972 1995 1026 Adventus
2012 1010 2028 1038 ,
2053 981 2283 1027 utuntur

708 1062 1026 1117 Cardinsles
1054 1079 1152 1132 per
1178 1062 1439 1133 integram
1470 1061 1615 1115 diem
1662 1062 1719 1113 in
1745 1061 2035 1129 Vestibus,
2064 1070 2120 1114 et
2141 1050 2282 1131 Cap'·

700 1151 788 1223 pis
816 1153 946 1206 dum
969 1153 1260 1222 cappellae
1283 1169 1386 1223 pro
1409 1152 1694 1206 Electione
1712 1150 1882 1222 Regis
1902 1151 2279 1203 Romanorum

710 1243 995 1308 assistunt,
1016 1259 1147 1313 pag.
1179 1242 1265 1295 16.

813 1331 1038 1385 Coloris
1090 1328 1242 1383 rubri
1270 1331 1488 1399 Cappas
1537 1327 1669 1381 item
1722 1325 1959 1380 induunt
1995 1326 2053 1379 in
2079 1325 2282 1380 Octava

706 1416 799 1472 die
824 1418 1236 1489 Apostolorum
1278 1416 1546 1470 adstantes
1592 1415 1886 1486 cappellae
1937 1416 1997 1467 in
2051 1414 2282 1467 Basilica

701 1507 1050 1560 Lateranensi
1069 1543 1085 1572 ,
1106 1523 1236 1575 pag.
1264 1504 1392 1558 298.
2049 1574 2054 1583 .

817 1595 994 1648 Color
1019 1595 1075 1646 iu
1105 1593 1363 1648 Vestibus
1398 1593 1576 1665 qualis
1627 1592 1868 1646 indictus
1896 1588 2283 1657 Cat-dinamius

708 1687 765 1737 iu
821 1682 1015 1737 diebus
1066 1684 1419 1751 Jejuniorum
1475 1682 1851 1753 Indulgentiae
1901 1680 2286 1751 adipiscendae

700 1789 885 1837 causa,
907 1790 1039 1841 pag.
1071 1771 1192 1824 122.
1221 1770 1364 1824 Vide
1395 1769 1656 1824 Habitus.

816 1862 1063 1917 Collecta
1116 1860 1182 1913 de
1211 1859 1419 1930 Spiritu
1450 1860 1647 1912 Sancto
1675 1858 1732 1911 in
1779 1859 1886 1912 fine
1914 1857 2101 1928 hymni
2144 1856 2288 1913 Veni

704 1962 955 2005 creatore
986 1968 1015 2003 a
1043 1951 1272 2002 Summo
1307 1948 1576 2002 Pontiiice
1603 1948 1911 2013 decantata,
1933 1966 2062 2019 pag.
2091 1948 2217 2000 311.

820 2040 1063 2092 Collecta
1092 2038 1277 2091 festiva
1307 2039 1630 2091 Sanctorum
1658 2038 2059 2107 Apostolorum
2090 2036 2146 2088 in
2175 2035 2284 2089 line

703 2128 887 2180 Horae
912 2127 1128 2180 Tertiae
1157 2127 1499 2190 canonicae,
1522 2142 1651 2195 pag.
1679 2125 1807 2177 315.

815 2216 1091 2280 Collecta,
1122 2214 1335 2271 Secreta
1383 2223 1441 2267 et
1478 2214 1938 2266 postcommunio
1968 2212 2037 2267 de
2073 2211 2285 2265 Sanctis

702 2303 1084 2369 Canonizatis,
1110 2302 1473 2357 Orationibus
1502 2302 1705 2356 Missae
1758 2301 1857 2355 sub
1916 2319 2020 2355 nna
2065 2301 2285 2355 conclu·

701 2393 857 2445 sione
884 2394 1233 2461 conjunctae,
1257 2410 1385 2461 pag.
1414 2391 1542 2444 315.

817 2480 1128 2549 Collegium
1156 2481 1211 2532 8.
1241 2480 1445 2534 Mariae
1474 2481 1530 2531 in
1561 2479 1861 2533 Cosmedin
1890 2478 2242 2548 Papilionem
2269 2518 2284 2547 ,

699 2578 752 2622 et
777 2584 986 2621 aeream
1017 2567 1404 2636 Campauulam
1437 2575 1559 2619 ante
1584 2570 1816 2621 Crucem
1846 2567 1951 2622 sert
1976 2584 2042 2621 ex
2063 2568 2285 2620 indulto

700 2656 987 2713 Benedicti
1016 2654 1173 2707 xm.
1196 2674 1326 2724 pag.
1356 2655 1482 2708 305.

813 2747 868 2799 8.
898 2744 1104 2799 Mariae
1130 2744 1541 2813 Transtybcrim
1595 2753 1649 2798 et
1701 2745 1757 2798 8.
1786 2745 2065 2799 Laurentii
2097 2744 2153 2796 in
2184 2746 2289 2797 Da·

705 2851 857 2888 maso
886 2851 993 2887 una
1019 2833 1279 2887 incedunt
1329 2834 1472 2902 juxta
1501 2842 1708 2903 pactam
1738 2830 1882 2887 i'nter
1911 2851 1969 2887 se
1995 2834 2289 2905 quotannis

704 2921 1065 2994 praecedendi
1094 2921 1506 2975 alternationem
1525 2958 1541 2986 ,
1572 2920 1706 2980 ibid,

827 3009 1138 3079 Collegium
1171 3009 1588 3062 Clementiana.
1618 3007 1760 3061 Vide
1790 3009 1989 3061 Locus.

814 3098 1130 3170 Collegium
1162 3096 1569 3150 Advocatorum
1601 3078 2089 3149 Consistoriatinm
2140 3111 2289 3166 prae-

700 3188 959 3257 rogativis
988 3196 1041 3240 et
1067 3187 1252 3256 gratiis
1281 3183 1613 3238 decoratum.
1643 3184 1788 3239 Vide
1815 3177 2155 3239 Advocatas.
2182 3187 2293 3238 Be-

704 3274 958 3327 nedictus
983 3278 1042 3328 Χ
1041 3277 1077 3327 Ῑ
1081 3277 1136 3328 V
1134 3313 1147 3326 .
1186 3272 1541 3327 Con-stitutio.

816 3360 1281 3414 Columnensium
1308 3361 1572 3412 Familiae
1599 3360 1754 3412 loeus
1781 3359 1838 3412 in
1867 3359 2086 3415 Theatri
2118 3360 2293 3413 conti·

701 3448 1054 3521 guntionibus
1075 3467 1202 3519 pag.
1224 3449 1352 3502 291.
1374 3449 1503 3502 292.
1526 3449 1649 3502 377.
1680 3451 1767 3502 De
1791 3448 1984 3501 eadem
2009 3449 2281 3503 Familia.

812 3537 1090 3591 Fabritius
1120 3541 1349 3606 Magnus
1383 3536 1772 3590 comestabilia
1799 3540 2003 3592 Orator
2024 3546 2170 3591 extra
2187 3538 2292 3591 Or-

706 3624 894 3680 dinem
924 3626 1093 3696 Regis
1124 3626 1403 3695 utriusque
1434 3626 1682 3689 Siciliae,
1706 3644 1834 3695 pag.
1863 3626 1991 3677 3⁰2.
2020 3638 2077 3678 et
2094 3642 2208 3693 req.

810 3713 971 3768 Idem
1001 3722 1060 3768 nt
1089 3716 1350 3783 Princeps
1379 3714 1519 3766 Solii
1551 3714 1915 3766 Consistoriis
1943 3712 2212 3784 publicis,
2240 3721 2291 3765 et

706 3802 987 3873 cappellis
1038 3800 1336 3871 Papalibus
1387 3800 1682 3854 intervenit
1708 3838 1724 3867 ,
1770 3817 1901 3872 pag.
1952 3799 2044 3853 32.
2097 3799 2187 3853 53.
2240 3812 2296 3853 et

704 3907 837 3960 pag.
868 3891 956 3942 10.

821 3977 1190 4044 Hieronymus
1245 3975 1301 4028 8.
1327 3974 1527 4044 Angeli
1561 3976 1619 4027 in
1651 3977 1803 4029 roro
1828 3975 2073 4029 Piscium
2099 3976 2295 4029 Diaco-

704 4081 808 4117 nus
861 4064 1168 4117 cardinalis
1206 4064 1522 4134 Apostoliei
1575 4065 1768 4117 Palatii
1807 4065 2290 4134 Pro—Praefectus,

706 4172 837 4226 pag.
866 4153 992 4206 292.

820 4241 1038 4293 Marcus
1067 4239 1342 4293 Antonius
1366 4238 1789 4293 Protonotarias
1815 4239 1884 4294 de
1908 4257 2139 4293 numero
2165 4242 2292 4293 Par·

703 4327 1072 4398 ticipantium,
1096 4329 1416 4396 Hieronymi
1444 4327 1753 4380 cardinalis
1773 4329 1956 4381 Patrui
1981 4330 2130 4392 loeo,
2155 4327 2287 4380 dum

706 4416 803 4468 tali
831 4432 888 4468 se
917 4430 1137 4467 munere
1172 4413 1464 4478 abdicarit,
1496 4414 1804 4483 designatus
1830 4415 2022 4468 Palatii
2052 4417 2293 4484 Aposto-

710 4504 804 4555 lici
857 4501 1197 4568 Praefectus,
1242 4520 1371 4574 pag.
1428 4503 1556 4555 131.
1604 4503 1750 4557 Vide
1797 4502 2130 4572 Praefectus
2182 4506 2295 4558 Pa-

717 4592 866 4647 latii.

830 4677 1231 4735 conestabilis.
1257 4676 1402 4733 vide
1425 4696 1618 4748 supra.

828 4766 1254 4823 Commissarius
1289 4767 1585 4820 Armorum
1615 4765 1890 4822 Melcbior
1913 4766 2164 4837 Maggius
2193 4770 2296 4820 Ca-

713 4873 893 4912 metas
912 4855 1271 4926 Apostolicae
1297 4855 1542 4908 Clericus
1569 4854 1702 4925 quid
1725 4872 1825 4924 pro
1853 4873 1953 4908 suo
1983 4872 2206 4910 munere
2233 4856 2293 4907 in

633 4999 656 5018 κ
714 4942 805 4999 die
833 4941 1324 4998 Canonizationis?
1346 4960 1474 5011 pag.
1501 4941 1628 4997 291.

828 5030 1041 5084 Triduo
1070 5039 1192 5084 ante
1219 5029 1530 5084 admonitus
1557 5029 1802 5084 lustravit
1853 5047 1958 5084 una
2008 5047 2133 5084 cum
2172 5030 2294 5084 aliis

712 5120 832 5172 loca
859 5118 916 5170 in
945 5117 1182 5174 Theatro
1209 5126 1262 5172 et
1309 5127 1456 5172 extra
1507 5117 1646 5172 illud
1676 5118 1921 5192 peditum
1949 5120 2128 5190 copiis
2181 5137 2297 5172 mu·

721 5206 919 5261 nieuda
937 5243 953 5272 ,
982 5205 1115 5260 ibid.

827 5293 1312 5360 Geminis-saciatus
1337 5296 1648 5354 Conclaois.
1680 5298 1882 5374 Munus
1933 5313 2050 5353 non
2103 5315 2296 5354 eones·

2384 705 2741 761 sistorialium
2760 745 2776 771 ,
2799 723 2926 776 pag.
2958 707 3082 761 150.

2494 794 2893 850 Comminatio
2918 803 2973 849 et
2999 796 3345 849 procuratori
3374 795 3576 850 Fiseali
3607 799 3863 850 Gamerae
3893 800 3969 850 A·

2384 884 2682 953 postolicae
2710 885 2887 937 'lo‘cus
2936 884 2996 936 in
3026 884 3442 954 Supplicatione
3491 884 3792 955 assignatus
3838 896 3969 955 post

2385 972 2715 1037 Scutifcros,
2737 990 2867 1042 pag.
2899 972 3025 1024 307.

2500 1048 2843 1131 θοηιρεηᾶἰα
2894 1060 3191 1139 Actorum,
3217 1059 3377 1115 Vitae
3425 1068 3486 1143 e&
3527 1062 3921 1115 Miraculorum
3944 1103 3965 1129 ,

2384 1148 2676 1202 Bestorum
2728 1149 2823 1218 qui
2870 1146 3217 1203 adscribendi
3244 1149 3455 1203 Sanctis
3483 1160 3636 1214 suut,
3667 1153 3969 1205 Promotor

2381 1233 2541 1289 Fidei
2572 1236 2889 1289 transmittit
2909 1230 3294 1290 cardinalibus
3314 1247 3366 1293 et
3385 1239 3703 1308 Episcopis,
3719 1257 3847 1309 pag.
3871 1240 3965 1293 04.

2498 1324 2910 1394 Compendium
2940 1326 3097 1380 Vitae
3125 1334 3179 1379 et
3204 1326 3469 1380 Actorum
3497 1328 3557 1380 in
3585 1331 3762 1382 Causa
3812 1329 3965 1383 beati

2384 1410 2596 1467 Fidelis
2623 1431 2653 1464 a
2681 1414 3022 1484 Sigmaringa
3039 1452 3054 1478 ,
3079 1432 3209 1484 pag..
3237 1416 3328 1469 85.

2497 1503 2558 1553 Β.
2592 1503 2815 1556 Camilli
2840 1502 2913 1557 de
2938 1504 3108 1557 Lenis
3127 1541 3143 1569 ,
3167 1522 3294 1574 pag.
3322 1504 3416 1558 ’11.
3443 1505 3537 1559 72.

2492 1590 2561 1643 Β.
2590 1591 2739 1646 Petri
2768 1593 3011 1661 Regalati
3026 1632 3044 1659 ,
3070 1610 3199 1663 pag.
3227 1593 3318 1645 ⁷8.

2494 1679 2561 1731 B.
2592 1680 2829 1749 Josephi
2860 1700 2888 1732 a
2913 1681 3204 1746 Leonissa,
3228 1700 3357 1753 pag.
3385 1684 3475 1736 85.

2494 1767 2560 1820 Β.
2592 1767 2913 1821 (ὶαώει-ἰιιοο
2940 1768 3008 1822 de
3034 1771 3278 1835 Ricciis,
3304 1788 3432 1841 pag.
3463 1772 3560 1824 91.

2502 1856 2813 1910 Concilium
2832 1859 3143 1911 Romanum
3169 1876 3311 1911 anno
3339 1861 3503 1914 1725.
3528 1861 3589 1912 iu
3607 1863 3963 1917 Lateranensi

2356 1920 2361 1923 Α
2384 1941 2619 1996 Basilica
2644 1943 3007 2012 celebratum,
3031 1964 3160 2017 pag.
3189 1947 3320 1999 308.

2496 2033 2643 2099 Quid
2673 2042 2864 2086 statuat
2902 2034 2956 2085 in
2988 2036 3445 2089 processionibus
3494 2036 3593 2089 88.
3624 2038 3959 2105 sacramenti

2388 2119 2712 2173 servandum
2730 2158 2746 2186 ,
2769 2139 2899 2190 pag.
2930 2122 3055 2175 132.

2502 2207 2876 2277 Consus-ionis
2897 2211 3191 2267 Formulae
3229 2211 3415 2266 addita
3440 2226 3712 2268 novorum
3745 2214 3973 2268 Sancto-

2391 2314 2510 2349 rum
2539 2298 2965 2371 Nomina,·pag.
2995 2300 3122 2355 314.

2503 2389 2662 2454 tam,
2690 2389 2907 2457 expleto
2936 2389 3389 2443 Canonisationis
3414 2391 3590 2457 Actu,
3619 2400 3796 2444 cantat
3837 2394 3972 2446 Car·

2389 2474 2588 2528 dinalis
2615 2477 2894 2529 Diaconos
2921 2478 2979 2529 in
3007 2479 3209 2533 Missae
3239 2478 3515 2532 Sacrificio
3545 2481 3968 2547 ministraturus,

2391 2562 2526 2616 ibid.

2497 2651 2739 2705 Alteram
2793 2652 2913 2707 sine
2962 2662 3234 2708 novorum
3265 2653 3588 2708 Sanctorum
3639 2655 3966 2709 nominibus

2354 2800 2361 2807 ,
2390 2736 2537 2791 idem
2566 2737 2877 2792 cardinalis
2903 2741 3103 2794 cecinit
3124 2724 3256 2812 ‘post
3279 2740 3566 2795 homiliam
3594 2761 3624 2794 a
3650 2744 3798 2813 Papa
3837 2745 3973 2797 roei·

2393 2833 2585 2894 talam,
2611 2846 2741 2897 pag.
2774 2829 2901 2881 321.

2506 2913 3010 2982 Confiutemitates
3031 2917 3324 2970 Laicornm
3354 2934 3455 2987 pro
3481 2919 3822 2972 vexillorum
3880 2918 3971 2971 ha-

2391 3003 2490 3054 stis
2518 3003 2827 3056 defereudis
2854 3003 2911 3055 in
2940 3007 3343 3074 supplicatione
3368 3006 3613 3060 habenda
3638 3008 3762 3077 ipso
3788 3011 3966 3061 Cano·

2392 3091 2680 3143 nizationis
2709 3091 2832 3160 die,
2855 3111 2983 3164 pag.
3012 3096 3137 3147 305.
3167 3096 3295 3150 300.

2504 3182 2992 3236 (Ξοηῖηῐεηιίῑιῑοι
3014 3185 3304 3238 Laicorum
3332 3203 3361 3238 a
3380 3184 3659 3238 Cardinali
3688 3185 3855 3239 Urbis
3877 3187 3973 3237 Vi·

2393 3269 2539 3321 cario
2567 3268 2843 3339 eligendae
2866 3270 3085 3321 visitant
3111 3271 3249 3324 intra
3272 3272 3366 3324 88.
3391 3273 3787 3341 Apostolorum
3809 3272 3972 3326 Octa·

2391 3375 2511 3411 vam
2538 3358 2870 3422 Ecclesiam,
2899 3356 2992 3410 ubi
3026 3361 3343 3428 Gappellam
3384 3377 3542 3414 mane
3590 3360 3781 3414 habuit
3831 3360 3972 3414 desi-

2393 3454 2672 3512 gnatorum
2702 3446 3073 3499 Praelatorum
3112 3447 3455 3519 Collegium,
3481 3467 3611 3520 pag.
3662 3449 3789 3504 295.
3838 3450 3969 3504 898.

2392 3534 2517 3586 300.
2545 3545 2599 3587 et
2623 3536 2751 3588 301.

2502 3623 2978 3689 Confraternitati,
3004 3641 3101 3677 sen
3152 3625 3610 3696 congregationi,
3639 3636 3700 3680 ut
3733 3636 3928 3680 vocant
3948 3664 3966 3692 ,

2392 3711 2701 3766 Doctrinae
2733 3711 3088 3789 Christianae
3113 3724 3448 3783 permutatur
3468 3717 3716 3769 Ecclesia
3769 3717 3826 3767 in
3880 3733 3971 3769 an-

2393 3801 2688 3868 gustiorem
2708 3839 2724 3866 ,
2752 3810 2806 3854 et
2831 3800 2896 3852 ad
2927 3802 3216 3855 ministros
3243 3803 3469 3858 alendos
3494 3821 3687 3858 census
3716 3814 3967 3877 augetur,

2387 3904 2514 3958 pag.
2545 3890 2630 3940 10.
2659 3888 2803 3943 Vide
2831 3889 3116 3943 Edictum.

2508 3977 2868 4046 Congregatio
2896 3978 3187 4032 Sacrorum
3213 3980 3443 4033 Rittium
3469 3995 3649 4035 coram
3679 3982 3826 4052 Papa
3880 3998 3969 4035 su·

2394 4081 2492 4133 per
2517 4064 2715 4117 dubio·
2744 4067 2831 4117 An
2860 4075 2975 4120 tuto
3005 4068 3231 4138 procedi
3259 4078 3445 4137 posset
3470 4069 3534 4122 ad
3565 4071 3870 4126 solemnem
3898 4073 3966 4124 Β.

2395 4151 2606 4205 Fidelis
2632 4171 2661 4204 a
2688 4153 3025 4224 Sigmaringa
3055 4157 3572 4224 canonizationem,
3596 4175 3724 4227 pag.
3748 4157 3804 4210 2.

2503 4239 2688 4292 Altera
2717 4257 2821 4310 pro
2848 4243 3011 4295 Beata
3038 4243 3327 4296 catharina
3376 4245 3444 4298 do
3469 4246 3706 4309 Ricciis,
3730 4262 3858 4314 pag.
3914 4247 3973 4299 A.

2393 4335 2447 4380 et
2470 4327 2638 4379 Beato
2668 4328 2833 4380 Petro
2858 4329 3151 4398 Regalato,
3191 4331 3326 4385 thid.
3354 4333 3480 4386 Alia
3531 4350 3633 4403 pro
3661 4334 3842 4386 Beatis
3872 4335 3974 4386 Ca·

2396 4415 2551 4466 millo
2582 4414 2648 4468 de
2673 4416 2841 4467 Lellis
2870 4426 2922 4470 et
2946 4418 3201 4488 Josepho
3229 4439 3256 4472 a
3281 4421 3575 4487 Leonissa,
3602 4440 3734 4491 pag.
3765 4423 3850 4474 11.
3883 4421 3971 4476 13.
4020 4447 4025 4456 ·

2509 4504 2972 4573 congregationes
2990 4507 3107 4560 sive
3120 4509 3449 4562 Conventus.
3466 4509 3609 4564 Vide
3643 4512 3970 4564 Conventus.

2508 4592 2932 4647 Conservatores
2954 4594 3123 4650 Urbis
3152 4596 3516 4651 consistoriis
3544 4595 3784 4668 publicis
3811 4600 3976 4653 inter-

2392 4687 2547 4743 sunt,
2570 4698 2698 4749 pag.
2728 4679 2816 4733 32.
2847 4682 2937 4734 53.
3726 4685 3733 4692 ’

2503 4771 2624 4821 Una
2651 4787 2775 4823 cum
2803 4771 3094 4837 Senatore,
3119 4779 3173 4825 et
3198 4772 3526 4828 solemniori
3568 4789 3699 4844 ’qno
3742 4785 3975 4846 possunt

2394 4857 2687 4930 comitatu,
2719 4857 2911 4927 Capita
2937 4857 3338 4927 Apostolorum
3390 4861 3449 4913 in
3500 4863 3736 4916 Basilica
3761 4865 3975 4917 Lateri·

2395 4946 2548 4999 nensi
2578 4945 2669 5000 die
2693 4953 2821 5015 post
2844 4964 3037 5000 eornm
3054 4948 3280 5002 Festum
3307 4958 3494 5004 octava
3511 4950 3731 5006 visitare
3751 4950 3972 5019 debent,

2389 5051 2518 5104 pag.
2546 5034 2674 5088 295.
2702 5035 2833 5091 298.

2505 5123 2683 5180 Unam
2712 5123 3479 5195 exclavibua,qutbuacntas
3509 5128 3708 5183 Ferreae
3734 5141 3973 5183 reseran-

2398 5218 2512 5277 tur,
2541 5228 2677 5281 quee
2705 5211 2892 5268 eadem
2921 5213 3320 5283 Apostolorum
3350 5215 3542 5285 Capita
3568 5215 3863 5272 occludunt
3908 5217 3974 5271 in

2397 5307 2674 5371 pegmate,
2701 5300 2845 5371 apud
2870 5317 2931 5356 se
2952 5299 3298 5371 custodiunt,
3318 5320 3447 5374 pag.
3475 5305 3528 5360 5.
3608 5295 3617 5304 ”
