4442 6300
1606 580 1950 649 Quaqua
1994 574 2461 632 emmonim
2504 577 2671 630 ure.
3485 586 3559 639 η

511 746 673 808 quae
719 724 798 788 ad
844 726 1212 790 concionem
1259 728 1726 800 confluxerant,
1778 726 2072 809 gentibus
2181 719 2356 783 ribus
2386 729 2691 786 uteretur.
2724 721 2959 786 Ciliciis
2989 722 3176 786 etiam
3222 722 3451 791 diversi
3493 730 3747 810 generis

512 825 1046 889 abundantissime
1097 825 1467 889 saturandis.
1525 825 1824 889 Borbnuii
1875 824 2072 893 item,

512 924 575 986 in
615 944 855 986 summa
901 922 1130 1000 pariter
1173 925 1263 986 rei
1311 922 1753 987 frumentariae
1796 918 2072 1002 angustia

515 1022 594 1085 de
623 1022 847 1084 eodem
881 1020 1107 1085 Clu-isti
1137 1020 1445 1084 miraculo
1471 1021 1663 1083 verba
1691 1019 1982 1087 fecisset,
2010 1027 2076 1079 et
2109 1080 2121 1091 ,

505 1118 914 1199 perexiguam
940 1115 1180 1181 farinae
1211 1115 1673 1201 eleemosynam
1704 1115 2073 1196 accepisset.

515 1217 746 1282 nedum
794 1236 866 1280 ea
917 1214 1102 1280 mille
1150 1224 1591 1281 sexcentorum
1623 1213 1943 1278 bominum
1987 1209 2074 1275 fa·

511 1334 676 1378 mem
727 1313 1040 1392 explevit,
1094 1315 1204 1377 sed
1248 1308 1438 1376 etiam
1472 1318 1640 1376 tanta
1681 1311 1859 1393 panis
1898 1309 2073 1390 copia

514 1410 818 1490 superfuit
845 1452 866 1483 ,
899 1418 1126 1491 quianta
1153 1420 1320 1474 esset
1352 1410 1542 1480 satis,
1585 1417 1654 1471 ut
1686 1417 1940 1491 postero
1970 1406 2074 1471 die

513 1509 630 1573 toti
661 1507 897 1589 populo
927 1509 1434 1572 distribueretur.
1472 1536 1497 1561 ·

649 1636 673 1660 ο
709 1610 1024 1669 Hactenus
1068 1606 1148 1667 de
1180 1626 1256 1667 eo
1284 1604 1502 1685 spiritu
1533 1602 1776 1667 Domini
1825 1602 2074 1679 ferren-

511 1700 756 1764 tissimo
776 1745 796 1773 ‚
823 1723 949 1782 quo
975 1702 1076 1762 vir
1103 1700 1495 1775 apostolicus
1525 1700 1848 1763 ferebatur
1872 1699 1940 1760 in
1961 1718 2074 1762 eos

425 1784 438 1801 ³
512 1817 726 1863 omnes
746 1842 766 1869 ,
799 1818 960 1880 quos
991 1798 1108 1860 sibi
1138 1798 1542 1880 conjunxerat
1572 1797 1904 1861 christiana
1938 1796 2075 1861 cba-

516 1897 687 1961 ritas.
721 1903 812 1961 De
839 1897 914 1959 iis
947 1898 1135 1959 modo
1163 1895 1504 1959 virtutibus
1529 1916 1721 1975 pauca
1748 1894 2071 1959 subdenda

514 1999 698 2065 sunt,
750 1994 978 2075 quibus
1027 1994 1089 2055 in
1142 1992 1483 2057 excolenda
1525 1992 1862 2056 domestica
1908 1991 2073 2055 vitae

514 2092 756 2154 ratione
787 2089 1052 2152 mirifice
1074 2089 1333 2155 effulsit:
1364 2097 1536 2153 Inter
1564 2109 1720 2166 quas
1738 2109 1880 2153 cum
1907 2088 2076 2168 prin-

515 2187 717 2269 cipem
742 2186 860 2251 sibi
880 2186 1157 2251 vindicet
1185 2186 1392 2251 locum
1419 2186 1760 2258 humilitas,
1789 2185 1931 2248 hinc
1951 2205 2074 2250 non

513 2284 830 2347 immerito
852 2326 870 2347 .
903 2305 1044 2347 cnm
1079 2303 1369 2366 magnum
1405 2285 1496 2346 ab·
1515 2283 1694 2347 initio
1714 2293 2076 2348 construere

513 2388 770 2460 cuperet
820 2378 1176 2444 aediticium
1232 2380 1580 2445 sanctita-tis
1601 2424 1621 2446 .
1671 2381 1751 2443 de
1784 2380 2077 2462 jaciendo

511 2476 685 2557 prius
725 2476 1023 2559 cogitavit
1066 2476 1196 2541 alto
1239 2474 1642 2541 fundamento
1687 2476 2075 2540 humilitatis.

513 2575 930 2648 Quamobrem
965 2575 1364 2639 etinternam
1396 2576 1588 2639 animi
1628 2575 2073 2639 demissionem

509 2670 987 2752 vigilantissime
1038 2672 1226 2736 coluit
1252 2716 1274 2743 ,
1324 2680 1389 2735 et
1436 2682 1835 2753 contemptus
1878 2670 2078 2735 bomi-

481 2786 654 2853 Jmm
687 2769 1129 2833 ardentissime
1159 2771 1556 2853 concupivit;
1587 2770 1835 2833 oblatos
1865 2769 1926 2830 in
1959 2777 2075 2833 Re-

506 2863 744 2949 ligione
776 2866 1046 2930 bonores
1072 2876 1133 2930 et
1166 2869 1415 2946 gradus,
1446 2868 1651 2948 quoad
1683 2866 1907 2946 potuit,
1935 2887 2078 2931 con·

509 2963 893 3028 stantissime
916 2964 1247 3030 recusavit.
1277 2970 1514 3045 sesque
1536 2964 1935 3026 obedientiae
1954 2964 2077 3024 vir·

511 3068 645 3124 tute
678 3069 1006 3141 susceptos
1047 3063 1273 3135 citius,
1318 3082 1444 3139 quo
1470 3061 1713 3141 poterit,
1759 3061 2077 3123 dimitten-

506 3160 624 3223 dos
654 3160 910 3224 curavit.
955 3165 1029 3221 Et
1072 3161 1596 3240 quemadmodum
1640 3160 1895 3223 domum
1940 3179 2075 3225 ver-

508 3276 684 3328 rere,
716 3267 949 3322 terram
981 3257 1266 3321 ell'odere
1287 3301 1309 3330 ,
1340 3255 1551 3322 lances
1578 3258 1639 3319 in
1671 3258 1937 3336 coquina
1966 3257 2076 3321 de-

505 3362 750 3437 tergere
776 3399 794 3416 .
826 3364 1156 3432 exportare
1186 3375 1330 3419 vasa
1358 3355 1422 3416 in
1454 3353 1897 3418 contumeliam
1923 3400 1943 3428 ,
1984 3354 2075 3417 vi-

507 3450 668 3514 liora
715 3472 1005 3530 quit-eque
1047 3461 1407 3532 praestare,
1453 3461 1745 3534 tanquam
1790 3453 1896 3534 qui
1944 3473 2076 3514 om·

505 3547 676 3610 nium
707 3548 1204 3629 abjectissimum
1238 3571 1307 3613 se
1360 3551 1653 3631 putabat,
1690 3549 2069 3632 jucundissi-

507 3665 675 3707 mum
707 3643 802 3706 illi
844 3644 996 3709 fuit=
1025 3647 1114 3710 ita
1135 3689 1155 3716 ,
1185 3666 1325 3709 cum
1355 3646 1690 3709 maximum
1727 3670 1795 3711 se
1823 3663 1905 3711 ex
1946 3648 2073 3709 ani·

508 3762 610 3805 mo
637 3733 926 3807 crederet
947 3752 1365 3824 peccatorem.
1396 3755 1754 3808 ceterorum
1774 3746 2070 3826 precibus

505 3857 572 3900 se
598 3841 1043 3903 commendare
1069 3844 1413 3904 consuevit.
1456 3870 1478 3894 ι

635 3963 658 3990 ι
697 3942 889 3998 Porro
933 3956 1012 3999 ex
1040 3936 1157 3999 bac
1198 3944 1406 4003 tantae
1450 3937 1818 4003 humilitatis
1860 3938 2068 4001 radice

510 4050 680 4095 suam
712 4032 903 4095 traxit
944 4032 1251 4113 originem
1282 4053 1466 4098 caeca
1510 4033 1621 4098 illa
1664 4033 2024 4099 obedientia
2047 4077 2067 4104 ‚

506 4145 623 4205 qua
655 4126 813 4192 adeo
856 4129 1170 4210 Josepbus
1212 4129 1549 4202 excelluit,
1591 4138 1660 4193 ut
1705 4151 1850 4192 cum
1895 4129 2067 4193 cbri-

509 4233 669 4288 stum
702 4224 1028 4288 Dominum
1062 4225 1184 4290 fide
1205 4246 1330 4290 non
1362 4227 1501 4292 ficta
1532 4227 1598 4289 in
1619 4228 1752 4293 suis
1781 4228 2067 4311 Superio-

501 4322 675 4384 ribus
706 4320 1055 4385 intueretur
1086 4332 1149 4386 et
1180 4320 1442 4393 coleret,
1466 4344 1606 4387 cum
1635 4323 1712 4387 iis
1743 4344 1866 4388 non
1883 4324 2068 4388 aliter

503 4439 694 4500 quam
738 4416 919 4483 flexis
962 4420 1231 4498 genibus
1274 4421 1568 4501 nudoque
1611 4421 1814 4502 capite
1868 4420 2068 4486 collo-

500 4522 806 4597 queretur
830 4558 850 4585 ‚
879 4534 1083 4596 neque
1114 4537 1333 4581 eorum
1362 4517 1700 4600 imperium
1731 4517 1848 4582 sibi
1881 4519 2064 4584 duce-

498 4620 597 4675 ret
626 4614 1079 4694 expectandum
1100 4656 1122 4687 ,
1154 4614 1268 4678 sed
1295 4614 1634 4681 voluntatis
1663 4615 1890 4681 indicia
1927 4635 2066 4698 per-

501 4708 849 4771 scrutanda.
892 4737 915 4762 ι

635 4832 658 4857 ·
698 4808 956 4867 Tantam
984 4825 1137 4868 vero
1166 4805 1366 4870 crucis
1413 4803 1958 4870 mortificationem
2000 4805 2064 4867 in

499 4918 761 4980 corpore
792 4901 1204 4980 suoportarit
1222 4943 1241 4971 ,
1273 4910 1339 4962 ut
1368 4921 1508 4964 eum
1537 4920 1695 4981 pane
1724 4900 2065 4966 durissimo

498 4993 901 5075 mucidoque,
934 5004 998 5058 et
1025 4999 1532 5076 putrescentibus
1559 4997 1739 5079 aquis
1767 5018 1836 5061 se
1865 4997 2065 5062 duris·

2183 837 2327 880 cum
2362 818 2700 901 castigaret
2724 838 2975 900 corpus,
3006 816 3210 883 ferrea
3244 822 3507 902 quadam
3534 835 3752 890 catena

2186 914 2326 979 dies
2356 924 2695 998 noctesque
2727 918 2811 981 ita
2842 917 3390 1000 constringebatur
3414 963 3433 991 ,
3463 928 3564 994 nt,
3602 941 3749 987 cum

2185 1011 2674 1076 tumescentibus
2714 1014 3025 1077 membris
3052 1034 3200 1077 caro
3230 1013 3601 1081 labefactata
3641 1039 3756 1102 pu-

2187 1119 2464 1175 trescere
2504 1110 2849 1190 inciperet,
2882 1109 3123 1192 forcipe
3150 1109 3337 1176 fuerit
3380 1116 3754 1182 obtruncan-

2184 1206 2284 1271 da.
2312 1215 2469 1271 Tum
2492 1208 2556 1270 in
2574 1207 2971 1272 abditissima
2993 1210 3216 1274 domus
3243 1211 3586 1296 sylvaeque
3616 1211 3754 1281 loca

2183 1305 2521 1376 secedens,
2548 1306 2809 1370 remotis
2835 1308 3112 1377 arbitris.
3140 1307 3450 1374 inusitatis
3477 1309 3756 1394 flagello·

2184 1420 2320 1464 rum
2353 1403 2686 1484 generibus
2709 1423 2937 1485 corpus
2965 1427 3143 1468 suum
3177 1406 3263 1472 its
3284 1407 3754 1482 diverberebat,

2183 1508 2252 1563 ut
2284 1499 2597 1581 suiipsius
2616 1500 3096 1565 crudelissimus
3121 1503 3401 1569 carnifex
3419 1504 3753 1590 laniusque

2183 1595 2264 1659 ab
2292 1596 2445 1677 ipsis
2476 1599 2796 1662 Fratribus
2827 1609 2886 1663 et
2921 1608 3251 1664 vocaretur
3290 1611 3355 1666 et
3381 1612 3574 1668 esset.
3615 1610 3753 1680 Quo

2182 1691 2418 1756 factum
2450 1705 2551 1758 est
2577 1738 2599 1765 ,
2632 1705 2696 1760 ut
2731 1695 2937 1778 legem
2972 1697 3033 1756 in
3067 1697 3373 1763 membris
3404 1700 3533 1765 suis
3571 1705 3755 1784 repu-

2182 1798 2475 1872 gnantem
2506 1790 2635 1874 legi
2669 1794 2897 1857 mentis
2927 1814 3076 1857 suae
3108 1796 3347 1860 sentire
3376 1797 3630 1862 minime
3670 1800 3759 1864 vl·

2186 1890 2466 1956 deretur,
2498 1898 2556 1951 et
2590 1911 2717 1968 quo
2747 1910 2934 1954 rarae
2966 1892 3338 1957 mortificata
3370 1895 3752 1977 depressior,

2184 2004 2266 2048 eo
2291 1986 2506 2065 spiritu
2535 1987 2847 2051 vivificato
2898 1990 3229 2054 sublimior
3256 1991 3316 2054 in
3353 2012 3563 2056 rerum
3616 2016 3757 2061 cae·

2184 2084 2439 2147 lestium
2494 2086 3093 2167 contemplationem
3144 2101 3505 2172 assurgeret
3526 2117 3544 2154 z
3599 2093 3760 2157 Huic

2186 2181 2351 2245 enim
2398 2181 2489 2244 sic
2519 2191 2653 2244 erat
2697 2183 2948 2249 deditus
2976 2185 3071 2247 vir
3096 2185 3614 2270 religiosissimus
3635 2232 3656 2263 ‚
3686 2198 3758 2253 ut

2185 2278 2287 2340 vix
2316 2279 2519 2361 possit
2549 2278 2856 2364 intelligi,
2903 2302 3174 2363 quonam
3207 2294 3389 2365 pacto
3432 2296 3498 2349 et
3526 2287 3757 2351 oratio·

2184 2374 2287 2438 nis
2314 2374 2775 2449 assiduitati,et
2805 2398 2922 2441 uns
2943 2379 3381 2445 Proximorum
3414 2381 3599 2446 saluti
3620 2391 3754 2449 tan·

2189 2483 2407 2555 topere
2434 2485 2648 2555 posset
2677 2477 3062 2541 incumbere.
3094 2479 3449 2560 Siquidem,
3478 2488 3548 2545 ut
3574 2500 3757 2547 oran·

2187 2570 2249 2631 di
2281 2571 2633 2639 satietatem
2677 2574 3004 2657 expleret,
3047 2597 3235 2660 saepe
3276 2577 3592 2644 insomnes
3633 2587 3757 2645 tra-

2185 2668 2455 2733 ducebat
2502 2670 2776 2754 integras
2822 2684 3039 2738 noctes
3064 2717 3086 2745 ,
3134 2685 3193 2738 et
3244 2674 3757 2743 meditationibus

2181 2763 2417 2848 jugiter
2440 2785 2665 2830 vacans
2696 2788 2773 2830 ex
2804 2768 3167 2834 visibilibus
3206 2771 3751 2855 quibuscumque,

2183 2861 2246 2922 in
2290 2882 2451 2942 quae
2479 2863 2700 2928 oculus
2743 2865 3102 2937 incidebat,
3140 2867 3216 2929 ad
3261 2867 3597 2934 invisibilia
3642 2870 3754 2936 Dei

2184 2957 2286 3022 vel
2305 2959 2536 3024 invitus
2553 2961 2937 3042 rapiebatur.
2961 2964 3117 3028 Hinc
3132 2972 3277 3028 ante
3299 2965 3756 3033 sanctissimam

2171 3054 2419 3150 ‚Christi
2451 3058 2691 3120 Domini
2724 3058 2804 3120 de
2836 3062 3031 3124 Cruce
3062 3060 3397 3142 pendentis
3417 3061 3751 3146 imaginem

2189 3150 2401 3233 plures
2440 3151 2623 3216 horas
2649 3155 3003 3220 consistere
3024 3157 3196 3222 visus
3237 3168 3378 3232 est,
3420 3158 3755 3243 aliquando

2185 3248 2455 3314 brachiis
2502 3251 2797 3344 extensis⁴
2823 3260 3009 3335 atque
3057 3252 3323 3319 sublatis
3343 3298 3366 3328 ,
3416 3256 3756 3340 aliquando

2182 3365 2335 3409 vere
2363 3346 2424 3409 in
2454 3348 2730 3413 sublime
2763 3358 2973 3431 raptus
3001 3373 3038 3416 e
3070 3362 3270 3425 terra,
3302 3352 3643 3437 radiosque
3672 3377 3754 3423 ex

2180 3440 2359 3510 vultu
2419 3445 2712 3509 emittere
2761 3446 3205 3513 lucidissimos.
3260 3453 3753 3519 acerbissimam

2179 3559 2332 3604 vero
2379 3542 2662 3625 eiusdem
2696 3544 3046 3608 Passionem
3090 3554 3216 3611 tam
3246 3556 3485 3614 attenta
3538 3561 3750 3617 mente

2178 3637 2507 3720 animoque
2538 3638 2812 3704 sollicito
2838 3641 3420 3725 contemplabatur,
3454 3654 3519 3708 nt
3549 3645 3752 3722 dolor,

2178 3753 2307 3814 quo
2331 3734 2499 3800 intus
2543 3736 2965 3810 afficiebatur,
3007 3757 3123 3820 per
3148 3741 3353 3806 varias
3382 3742 3571 3807 totius
3610 3764 3750 3809 cor·

2177 3831 2345 3911 poris
2386 3832 2788 3899 distortiones
2827 3856 2976 3900 vere
3018 3858 3299 3903 summus
3341 3860 3484 3905 esse
3522 3861 3750 3925 cogno·

2178 3939 2476 3994 sceretur.
2509 3939 2623 3995 Tot
2654 3941 3089 4016 tantarumque
3120 3934 3415 4000 virtutum
3456 3938 3750 4005 odoratus

2179 4024 2483 4089 Dominus
2510 4029 2881 4093 suavitatem
2909 4030 3158 4103 odoris,
3189 4042 3257 4094 ut
3284 4032 3455 4096 Servi
3482 4033 3581 4098 sui
3610 4054 3748 4100 san·

2173 4120 2449 4185 ctitatem
2471 4124 2757 4189 omnibus
2776 4127 3230 4198 manifestaret,
3247 4128 3584 4213 insignium
3605 4133 3747 4196 rba·

2176 4216 2496 4282 rismatum
2529 4221 2687 4285 dona
2717 4222 2811 4284 illi
2843 4223 3053 4308 largiri
3082 4225 3373 4308 dignatus
3401 4237 3501 4291 est
3523 4269 3545 4301 ,
3590 4230 3750 4294 mul·

2177 4318 2510 4395 torumque
2554 4318 3002 4383 miraculorum
3048 4320 3248 4403 gloria
3292 4323 3741 4391 condecorare.

2179 4416 2242 4472 tn
2274 4412 2600 4491 spiritibus
2630 4416 2840 4496 itaque
2873 4416 3340 4493 discernendis,
3386 4420 3451 4481 in
3483 4423 3745 4489 secretis

2176 4508 2461 4572 cordium
2506 4511 2919 4575 abditissimis
2946 4515 3397 4594 penetrandis,
3439 4516 3503 4579 in
3534 4539 3748 4583 rerum

2175 4604 2503 4669 eventibus
2527 4606 2709 4691 longe
2743 4609 2806 4670 in
2829 4618 3153 4690 posterum
3183 4612 3657 4693 prospiciendis,
3678 4616 3742 4679 in

2174 4701 2565 4783 gravissimis
2594 4704 2833 4769 morbis
2862 4705 3125 4786 simplici
3153 4713 3344 4778 tactu,
3373 4729 3593 4790 prece,
3628 4712 3762 4792 im·-

2174 4798 2351 4878 perio
2380 4800 2807 4880 expellendis,
2836 4802 2903 4864 in
2933 4803 3283 4868 bestiarum
3315 4803 3566 4871 feritate
3594 4807 3747 4873 edo·

2175 4895 2397 4960 manda
2416 4937 2439 4968 ,
2469 4895 2535 4959 in
2563 4896 2896 4963 elementis
2922 4898 3001 4962 ad
3029 4899 3361 4964 arbitrium
3390 4922 3570 4967 suum
3606 4924 3737 4967 mo·

2171 4990 2463 5058 derandis
2489 5002 2679 5077 atque
2709 4996 3035 5061 flectendis
3066 4996 3245 5060 illum
3266 4998 3617 5065 mirabilem
3648 5001 3743 5068 sie

503 5091 686 5163 sime,
714 5100 785 5152 ut
814 5091 1173 5173 plurimum,
1201 5103 1615 5168 sustentaret,
1644 5097 1720 5157 ad
1749 5094 2059 5159 lautitiem
2173 5096 2337 5155 Deus
2380 5090 2533 5156 fecit
2552 5134 2575 5165 ,
2618 5103 2688 5158 ut
2731 5113 2874 5157 cum
2919 5095 3306 5160 numerando
3347 5115 3475 5162 nou
3496 5099 3739 5180 possint

497 5186 837 5268 aliquando
854 5209 1043 5252 unum
1064 5199 1170 5252 aut
1200 5191 1466 5255 alterum
1496 5192 1621 5254 vini
1642 5192 1930 5277 cyathum
1952 5195 2056 5255 ad·

2170 5187 2410 5273 singula
2445 5191 2804 5263 recenseri,
2833 5211 3093 5257 necesse
3121 5193 3201 5257 sit
3230 5213 3312 5258 ex
3344 5191 3423 5259 iis
3464 5214 3734 5260 summa·

494 5281 743 5349 biberet
763 5327 786 5356 ,
813 5285 1133 5350 cineribus
1160 5288 1331 5367 prius
1364 5289 1523 5352 bene
1556 5299 1918 5371 corruptum
1938 5332 1959 5362 ,
1990 5297 2055 5353 et
2172 5287 2284 5350 tim
2314 5286 2523 5369 aliqua
2554 5287 2856 5353 delibare.
2885 5296 3226 5355 'ri-nontam
3250 5290 3445 5376 igitur
3460 5312 3738 5377 expanso

499 5380 823 5445 semiustis
852 5382 1225 5464 quibusdam
1248 5384 1508 5465 putridis
1534 5387 1934 5468 aspersisque
1960 5385 2054 5451 fu-

495 5472 694 5563 ligine
717 5477 1162 5563 leguminibus,
1184 5479 1282 5546 vel
1300 5482 1513 5547 crudis
1529 5483 1901 5567 quaudoque
1918 5482 2052 5549 ole-

2167 5401 2358 5465 super
2382 5403 2579 5466 aquas
2608 5385 2800 5468 pallio
2828 5405 2948 5450 una
2975 5407 3120 5454 cnm
3153 5388 3338 5453 socio
3381 5390 3728 5475 transagite

2161 5480 2459 5564 Harojam
2478 5481 2732 5547 fluvium
2760 5482 2933 5550 sicco
2962 5484 3125 5570 pede
3146 5483 3430 5554 calcavitz
3458 5493 3527 5550 tn
3548 5493 3730 5553 Tem·
