4442 6300
719 637 961 707 ibidem
990 648 1213 713 emm
1247 640 1391 726 qnia
1415 659 1648 727 nempe
1674 660 1713 708 a
1741 640 1938 708 seculi
1963 643 2290 726 perturba-

719 738 1001 804 tionibus
1041 738 1252 814 liber,
1295 761 1369 806 ac
1408 739 1595 806 unius
1648 739 2289 808 cellulae-contentus

720 837 1032 921 angustiis
1058 882 1079 915 2
1109 837 1230 903 soli
1258 859 1469 917 renim
1501 838 1868 905 caelestium
1898 839 2286 923 contempla-

718 933 879 1000 tioni
904 936 1211 1010 vacabat,
1240 956 1313 1000 ac
1342 935 1478 1003 sola
1504 937 1784 1002 Paradisi
1825 938 2046 1022 gaudia
2088 937 2288 1001 medi-

716 1032 1008 1098 tabaturx
1040 1035 1463 1108 Quamobrem
1495 1039 1721 1099 levavit
1765 1053 1948 1111 super
1984 1055 2046 1097 ss
2068 1057 2095 1108 ς
2137 1054 2287 1117 qua·

716 1135 908 1194 tenus
942 1129 1166 1215 jugum
1214 1130 1460 1195 divinae
1505 1131 1670 1217 legis
1714 1132 2008 1216 gestienti
2037 1132 2284 1197 laetitia

715 1225 975 1304 ferm,
1024 1228 1315 1295 eamdem
1359 1229 1569 1315 legem
1613 1230 1841 1315 insigni
1886 1229 2283 1303 bumilitate,

716 1321 976 1392 heroica
1005 1325 1367 1392 obedientia
1395 1332 1586 1409 atque
1614 1325 1974 1394 admiranda
2015 1326 2286 1393 toleran-

711 1421 803 1489 tia
828 1421 1170 1508 complevit
1189 1467 1209 1487 .
1239 1425 1359 1499 Qui
1392 1424 1608 1508 itaque
1634 1423 1849 1510 jugum
1876 1424 2125 1490 Domini
2153 1431 2281 1488 tam

715 1522 883 1587 bona
909 1521 1235 1603 voluntate
1279 1542 1471 1606 super
1511 1543 1581 1589 se
1625 1521 1808 1597 tulit,
1838 1543 1913 1588 ac
1939 1530 2113 1588 tanta
2148 1521 2282 1587 'ala-

713 1618 935 1686 critate
964 1620 1042 1686 ad
1073 1620 1398 1706 sexaginta
1439 1627 1506 1686 et
1548 1618 1819 1703 amplius
1858 1641 2054 1687 annos
2096 1620 2284 1686 susti-

713 1718 870 1792 nuit,
892 1718 1061 1802 quod
1082 1719 1532 1802 repromissam
1554 1737 1590 1782 a
1610 1718 1859 1784 cbristo
1880 1719 2166 1802 requiem
2184 1718 2284 1806 (a)

716 1816 801 1879 eit
850 1826 1229 1882 comecutus
1247 1859 1270 1891 ,
1319 1836 1358 1884 a
1406 1816 1629 1881 christi
1671 1816 1921 1882 Vicario
1941 1861 1962 1889 ,
1993 1816 2284 1900 pluribus

713 1911 1033 1979 miraculis
1050 1913 1114 1977 id
1132 1912 1559 1998 exigentibus,
1578 1920 1650 1980 ut
1664 1913 2041 1981 decernatur
2055 1934 2279 1999 quam-

714 2008 991 2074 maxime
1018 2010 1363 2078 convenit,

733 2204 1241 2270 FnANCJScUs
1270 2208 1389 2268 Tit.
1425 2207 1487 2269 8.
1523 2166 2251 2283 narrae²rrameytsaerim

919 2306 1250 2381 Presbyter
1275 2307 1624 2369 Cardianus
1655 2306 2023 2383 Bur-pharius
2050 2347 2067 2365 .

800 2499 1056 2563 'Petrus
1095 2496 1436 2581 Regalatus
1478 2497 1782 2564 Sacerdos
1823 2497 2122 2564 Familiae
2161 2498 2276 2563 Ui·

703 2616 931 2663 nornm
961 2602 1022 2660 s.
1051 2592 1363 2663 Francisei
1386 2638 1409 2668 ,
1440 2596 1544 2678 qui
1576 2604 1856 2671 veterem
1885 2596 2272 2662 severiorem

700 2693 1095 2777 disciplinam
1124 2691 1402 2758 restituit
1427 2693 1595 2759 inter
1620 2714 1805 2759 suosz
1837 2694 2074 2777 quique
2102 2694 2272 2760 vitae

704 2793 941 2879 sociam
995 2792 1290 2856 virtutem
1350 2790 1643 2855 eximiam
1700 2811 1952 2874 semper
2007 2792 2272 2869 habuit3

704 2891 930 2956 mortis
960 2899 1173 2954 autem
1203 2888 1529 2962 comitem,
1546 2887 1860 2954 illustrem
1884 2889 2153 2973 gloriam
2180 2889 2273 2956 fa-

703 3004 1004 3070 mamque
1033 2986 1433 3062 sanctitatis,
1413 3010 1432 3029 ·
1460 2985 1690 3069 cuique
1719 2988 1866 3051 dum
1895 2985 2131 3051 viveret
2162 2987 2276 3070 (ut

704 3083 832 3152 alia
850 3084 1294 3169 meream)
1315 3085 1527 3149 datum
1555 3102 1594 3151 a
1622 3088 1750 3149 Deo
1780 3084 1950 3151 sicco
1980 3085 2139 3169 pede
2174 3106 2274 3150 su-

705 3204 823 3267 per
841 3201 1039 3297 aquas
1058 3183 1376 3255 incedere,
1404 3202 1674 3265 cumque
1697 3182 1828 3267 jam
1860 3192 2149 3288 mortuu‘s
2174 3205 2275 3249 es·

704 3292 806 3347 set
832 3281 1242 3352 reviviscere,
1273 3288 1616 3362 apertoque
1644 3280 1987 3362 Sepulcbro
2047 3259 2272 3362 pii'uem

704 3377 1028 3462 porrigere
1061 3376 1392 3451 mendico,
1418 3374 1694 3459 dignus
1674 3395 1812 3458 ipse
1840 3376 2121 3476 quidem
2132 3397 2275 3442 mea

705 3475 1015 3540 sententia
1061 3483 1203 3548 est,
1247 3492 1438 3556 quem
1470 3479 1579 3544 tu,
1610 3477 1864 3537 PATER
1900 3457 2271 3539 Beatissi-

705 3579 844 3647 ΠΕ,
864 3593 1026 3639 nuuc
1049 3573 1303 3639 undem
1335 3589 1525 3636 ornes
1550 3588 1631 3633 ex
1655 3569 1798 3652 ejus
1826 3569 2120 3634 maximis
2147 3570 2275 3636 cla·

708 3672 1109 3753 rissimisque
1147 3668 1489 3734 virtutibus
1531 3667 1777 3749 riteque
1832 3677 2271 3734 consecratum

707 3771 773 3834 in
804 3770 993 3834 Divos
1024 3766 1266 3832 referas
1287 3811 1306 3828 .
1337 3771 1540 3847 Atque
1568 3764 1659 3828 ita
1685 3785 1761 3830 ea
1790 3765 1869 3830 de
1895 3784 1965 3830 re
1995 3784 2224 3831 censeo
2249 3811 2267 3828 .

703 3962 1124 4027 ,mrozvms
1166 3963 1269 4024 n
1284 3962 1582 4025 raama
1618 3925 1747 4024 ιιι.
1769 3961 2164 4040 saraptam
2204 3969 2274 4025 a·

750 4065 958 4127 Homo
990 4065 1195 4125 Caelio
1235 4063 1559 4138 Presbyter
1582 4064 1927 4124 cardinalis
1961 4060 2194 4124 Genti&
2212 4107 2230 4123 .

834 4257 898 4322 Si
921 4256 1413 4322 Christianorum
1444 4255 1732 4320 moribus
1752 4255 1817 4318 in
1839 4255 2118 4320 deterius
2142 4254 2279 4321 eol-

709 4353 903 4437 lapsis
947 4371 1236 4438 magnum
1287 4353 1669 4435 praesidium
1728 4353 1932 4417 sensit
1988 4351 2275 4418 Ecclesia

706 4453 819 4517 Dei
850 4453 914 4515 in
940 4453 1131 4517 beato
1161 4451 1525 4524 Francisco,
1567 4468 1693 4514 non
1739 4448 2054 4542 modicum
2095 4460 2269 4514 certe

708 4550 1065 4616 subsidium
1123 4547 1342 4614 babuit
1387 4549 1452 4611 in
1504 4548 1691 4611 beato
1738 4553 1925 4611 Petro
1970 4546 2271 4634 Regglato

709 4648 965 4714 Ordinis
1009 4647 1294 4731 ejusdem
1341 4652 1401 4710 S.
1444 4643 1747 4709 Francisci
1780 4650 2268 4709 Restauratore·

708 4746 870 4810 Nihil
903 4746 1070 4810 enim
1103 4763 1367 4813 eorum,
1368 4761 1559 4824 -quae
1588 4741 1895 4804 miramur
1937 4741 2001 4802 in
2044 4747 2268 4817 Patre,

705 4841 1174 4908 desideramus
1160 4860 1222 4902 m
1244 4837 1427 4912 Filio;
1447 4837 1764 4902 obtinuit
1746 4857 1886 4934 ipe
1916 4837 2270 4904 beatissimi

704 4939 1095 5005 patriarchae
1128 4936 1413 5016 spiritum
1446 4933 1809 5015 duplicem,
1838 4955 1963 5015 quo
1991 4943 2053 5000 et
2080 4936 2272 5000 virtu-

708 5047 805 5102 tes
835 5036 978 5149 ejOus
1000 5034 1383 5104 imitaretur,
1402 5039 1468 5095 et
1494 5030 1847 5115 regularem
1880 5032 2268 5113 disciplinam

704 5135 768 5197 in
814 5134 947 5199 suis
988 5130 1249 5198 asseclis
1285 5129 1600 5212 primaevo
1632 5126 1951 5210 splendori
1983 5129 2271 5193 restitue-

707 5239 846 5308 ret;
878 5231 1020 5312 etqai
1044 5230 1223 5314 juxta
1251 5228 1448 5292 verba
1487 5226 1831 5310 scripturae
1854 5268 1874 5299 ,
1917 5226 2119 5312 gloria
2161 5235 2271 5292 Pa·

801 5447 889 5519 (a)
912 5445 1112 5502 unuh.
1141 5462 1264 5516 cap.
1293 5446 1380 5497 11.
1407 5460 1466 5496 v.
1491 5441 1583 5497 20.

1891 496 2098 556 ACTA
2136 498 2792 559 cauontzm·toms

2399 644 2513 710 tris
2553 653 2653 711 est
2696 646 2912 714 Filius·
2934 647 3184 732 aptans
3206 688 3228 723 ,
3259 647 3497 736 duplici
3525 651 3960 737 praerogativa

2397 739 2597 826 fulget
2622 749 2881 819 Petrus,
2913 752 2979 809 et
3008 745 3174 828 quod
3204 744 3477 812 heroicis
3501 747 3842 817 virtutibus
3864 748 3980 812 ina-

2398 837 2662 923 signitus
2691 841 2995 908 Francisci
3028 843 3223 911 Patris
3254 844 3347 909 sui
3378 848 3625 911 auxerit
3653 845 3915 930 gloriam
3935 888 3958 920 ,

2398 944 2461 1000 et
2491 938 2658 1019 quod
2688 938 2971 1003 eamdem
3006 941 3204 1005 Patris
3234 941 3500 1026 gloriam
3549 942 3671 1007 sibi
3718 964 3959 1025 prome·

2400 1034 2600 1096 ruerit
2627 1033 2692 1095 in
2718 1031 2875 1099 filiis
2907 1036 3039 1100 suis
3063 1078 3084 1111 ,
3116 1058 3279 1120 quos
3319 1039 3513 1103 verbo
3558 1039 3960 1123 eto-exemplo

2395 1126 2734 1194 instituens
2761 1137 2893 1195 Deo
2924 1133 3214 1213 peperit,
3243 1136 3307 1196 el
3337 1155 3605 1216 quorum
3650 1135 3845 1217 aliqui
3874 1137 3959 1199 a'b

2394 1223 2509 1290 bac
2548 1231 2769 1291 sancta
2812 1227 2971 1292 Sede
3010 1228 3142 1311 jam
3186 1230 3294 1293 diu
3341 1237 3705 1296 Sanctorum
3764 1232 3962 1299 Fastis

2395 1329 2539 1385 sunt
2564 1322 2857 1406 adscripti
2881 1370 2899 1387 .
2931 1330 3139 1400 Quare
3167 1347 3314 1392 cum
3356 1327 3436 1392 ad
3479 1327 3620 1411 ejus
3659 1328 3966 1395 Sanctita-

2395 1427 2523 1484 tem
2553 1423 3085 1504 comprobandam
3119 1423 3421 1490 miracula
3453 1426 3645 1492 etiam
3680 1445 3964 1493 accesse-

2399 1516 2564 1589 r-int,
2594 1516 2777 1581 illum
2809 1519 3252 1603 dignissimum
3284 1541 3558 1595 censeo,
3589 1522 3695 1605 qui
3724 1542 3761 1587 a
3787 1527 3964 1588 SAN-

2396 1615 2727 1678 CTITATE
2749 1621 3053 1682 VESTRA
3071 1617 3339 1682 solemni
3373 1639 3602 1704 pompa
3629 1619 3795 1686 inter
3812 1627 3962 1686 San·

2392 1715 2527 1775 ctos
2554 1716 2930 1794 cooptetur.

2396 1877 2501 1939 Fr.
2534 1875 2914 1940 JOANNES
2948 1878 3383 1944 ANTONIUS
3434 1885 3553 1945 Tit.
3605 1882 3714 1943 88.
3767 1885 3958 1947 Silus·

2514 1979 2633 2036 sm·
2672 1986 2731 2037 st
2776 1977 3045 2040 Martini
3083 1984 3166 2040 ad
3206 1979 3444 2041 Montes
3475 1982 3799 2057 Presbyter
3822 1983 3962 2069 tlar-

2515 2074 2744 2134 (linaiis
2774 2072 3101 2153 Gundoyni
3117 2119 3133 2136 .
3407 2098 3416 2108 ‘

2517 2244 2777 2304 Beatum
2809 2241 3062 2301 Petrum
3096 2236 3465 2322 Regalatum
3499 2239 3561 2301 in
3593 2225 3957 2304 Sanctorum

2389 2332 2552 2400 Albo
2612 2338 2841 2403 merito
2901 2336 3390 2401 adscribendum
3464 2336 3642 2419 plura
3666 2381 3688 2409 ,
3752 2359 3957 2427 eaque

2387 2432 2707 2510 praeclara
2739 2433 3102 2499 sanctitatis
3132 2441 3498 2518 argumenta
3528 2435 3825 2500 suadent.
3857 2438 3954 2499 Ab

2385 2528 2641 2595 ineunte
2670 2532 2834 2594 enim
2869 2539 3073 2596 aetate
3096 2574 3118 2602 ,
3147 2539 3217 2594 ut
3245 2531 3569 2596 excelsum
3597 2530 3956 2598 sanctitatis

2386 2625 2737 2692 aediticium
2772 2631 3077 2713 erigeret,
3106 2628 3187 2693 de
3216 2627 3827 2711 fundamento-prius
3853 2652 3958 2717 9⁰·

2385 2722 2601 2804 gitavit
2631 2724 3023 2798 humilitatis,
3054 2746 3126 2791 ac
3155 2726 3318 2791 avita
3345 2728 3598 2810 ¹generis
3630 2728 3955 2795 nobilitate

2383 2830 2738 2904 contempta
2762 2865 2783 2895 ,
2831 2823 3343 2906 solemnibusque
3376 2824 3536 2888 votis
3567 2830 3956 2911 nep-puncti·

2384 2920 2549 2999 patis
2592 2920 2655 2981 in
2700 2940 2872 2985 sacra
2916 2921 3223 2983 minorum
3273 2921 3467 2986 sancti
3514 2923 3957 2987 Francisri'Fa-

2388 3015 2564 3080 milia
2590 3061 2607 3081 .
2641 3025 2776 3080 tum
2807 3019 3243 3081 proximorum
3280 3017 3508 3088 saluti,
3552 3027 3690 3079 tum
3730 3039 3953 3083 eorum
4043 3008 4047 3011 ¹

2390 3113 2700 3188 subsidio,
2724 3115 2829 3197 qui
2862 3114 3131 3180 vinculis
3159 3115 3362 3181 carnis
3390 3116 3629 3180 exoluti
3662 3116 3957 3182 anbelant

2387 3211 2466 3274 ad
2503 3220 2777 3294 Regnum
2809 3211 3089 3276 tiliorum
3120 3214 3235 3276 Dei
3259 3256 3281 3286 ,
3312 3235 3381 3279 se
3412 3221 3608 3279 totum
3639 3216 3953 3296 mancipa-

2387 3309 2519 3382 vit,
2551 3320 2617 3373 ut
2647 3309 2750 3374 vel
2784 3318 3089 3394 Aegrotos
3116 3311 3180 3372 in
3213 3312 3604 3377 Nosocomiis
3629 3356 3651 3384 ,
3680 3314 3953 3388 carceris

2386 3405 2706 3488 squallore
2733 3406 3059 3473 confectos
3083 3452 3105 3481 ‚
3138 3410 3550 3478 barbarorum
3595 3412 3953 3491 captivitate

2387 3501 2679 3568 detentos
2699 3547 2720 3577 ,
2779 3504 3207 3591 eleemosynis
3232 3551 3252 3579 ‚
3303 3506 3592 3573 consiliis
3618 3554 3637 3594 ,
3695 3507 3954 3574 obtenta

2389 3601 2685 3666 libertate
2717 3602 3101 3667 sublevaretz
3126 3602 3225 3667 vel
3249 3603 3694 3684 Defunctorum
3718 3607 3970 3671 animas‘

2385 3697 2509 3762 sibi
2541 3698 2846 3763 charitate
2875 3700 3233 3784 conjunctas
3261 3701 3670 3778 orationibus,
3693 3703 3954 3785 iugibus

2383 3794 2688 3882 lacrymis
2712 3840 2732 3868 ‚
2758 3796 3017 3880 jejuniis
3041 3839 3064 3871 ,
3093 3796 3366 3880 aliisque
3395 3799 3629 3881 proprii
3667 3799 3964 3882 corporis·

2384 3894 2767 3959 cruciatibus
2796 3914 2831 3957 a
2863 3893 3290 3976 piacularibus
3315 3895 3591 3960 flammis
3633 3897 3953 3977 expiaret.

2383 3997 2549 4055 Haec
2581 4003 2644 4055 et
2674 3991 2838 4056 aliae
2865 3992 3134 4056 virtutes
3163 3992 3488 4058 miraculis
3517 3993 3780 4058 coelitus
3809 3994 3954 4056 illu-

2387 4098 2619 4153 stratae
2668 4087 3030 4171 postulant,
3068 4094 3526 4154 BEATlSSlME
3560 4095 3850 4174 PATER,
3881 4097 3958 4156 ut

2389 4185 2498 4267 qui
2530 4205 2597 4250 se
2627 4184 2975 4249 humiliavit
3001 4187 3064 4248 in
3092 4188 3284 4250 terris
3306 4229 3330 4258 ,
3370 4187 3432 4249 in
3479 4187 3664 4252 terris
3695 4185 3950 4271 quoqne

2387 4301 2500 4363 per
2528 4286 3072 4347 SANcrlu'rssn
3102 4289 3460 4348 VESTRAu
3505 4283 3859 4358 exaltetur,
3883 4292 3954 4350 et

2385 4378 2490 4459 qui
2516 4378 2750 4442 tamdiu
2785 4378 3111 4443 seminavit
3141 4380 3204 4441 in
3234 4379 3563 4463 lacrymis,
3597 4371 3792 4446 metat
3818 4390 3953 4444 tan-

2384 4476 2531 4541 dem
2562 4476 2627 4537 in
2656 4475 3042 4539 exultatione
3074 4484 3475 4557 proventum,
3504 4497 3800 4541 coronam
3829 4478 3951 4541 sci·
3965 4471 3976 4484 ¹

2383 4572 2533 4638 licet
2580 4592 2836 4636 auream
2885 4591 3247 4654 expressam
3289 4573 3470 4659 signo
3509 4575 3876 4641 ”actitatis
3884 4583 3955 4644 et

2383 4669 2586 4755 gloria
2617 4669 2915 4735 bonoria.

2452 4852 2935 4915 nommcvs
2972 4855 3089 4913 Tit.
3130 4853 3237 4916 88.
3273 4853 3424 4946 ΧΠ.
3457 4852 3881 4928 Apostolomm

2659 4953 2980 5028 Presbyter
3006 4953 3356 5013 cardinalis
3386 4952 3633 5012 Rivisrc
3656 4995 3673 5011 .

2509 5128 2700 5210 Sicuti
2731 5128 2949 5193 Divina
2981 5127 3378 5194 Providentia
3407 5106 3809 5194 constitutum
3855 5147 3951 5195 ar·

2381 5226 2621 5301 bitror,
2653 5234 2725 5290 ut
2752 5224 2830 5293 iis
2858 5245 3123 5309 quorum
3155 5224 3295 5291 laus
3326 5245 3470 5290 ease
3499 5224 3692 5289 debet
3734 5224 3796 5288 in
3840 5229 3954 5288 Ec·
