4442 6300
1518 518 1863 588 omnious
1903 510 2368 572 sanc-roam
2399 511 2565 567 tre.

444 655 896 742 bfflmum.
926 663 1011 734 de
1037 660 1267 733 oona·
1292 685 1435 738 auo,
1464 662 1543 730 on
1568 660 1875 730 catholiea
1900 668 2017 728 ue·

453 769 715 853 ligione,
739 766 825 831 de
855 763 1133 831 Ecclesia
1168 770 1300 828 tuta
1340 760 1804 828 benemeritam
1842 759 2013 824 inter

444 871 703 930 §anctos
730 870 965 930 statuat
994 858 1408 927 recolendum
1434 904 1452 923 .

476 1012 908 1125 ,tammus
938 1061 1205 1121 cmm
1230 1058 1570 1134 Episcopo·
1611 1056 1983 1119 ravo-tem

590 1186 601 1195 ·
1066 1156 1363 1218 Aenum
1380 1198 1398 1215 .

574 1349 840 1415 Hernica
869 1354 942 1414 Β.
971 1349 1143 1414 Petri
1175 1346 1460 1431 negat-ti
1502 1346 1700 1413 virtus
1727 1368 1763 1413 a
1789 1365 2018 1430 propo·

447 1447 557 1512 siti
584 1446 708 1511 sibi
740 1445 953 1528 operis
995 1445 1426 1518 sublimitate,
1469 1442 1797 1529 Regularis
1837 1442 2017 1507 nimi·

448 1562 588 1609 rum
651 1542 1024 1627 disciplinae
1089 1543 1547 1609 restauratione
1602 1542 1753 1607 satis
1807 1540 2018 1622 ample

450 1641 935 1708 commendatur
955 1688 970 1703 .
1004 1639 1158 1725 Ejus
1183 1642 1354 1707 vitae
1383 1642 1774 1707 sanctissima
1802 1649 2018 1724 gesta,

456 1739 744 1822 quamvis
772 1742 855 1803 ob
885 1739 1188 1822 temporis
1215 1747 1592 1803 vetustatem
1629 1738 1879 1803 minime
1910 1757 2021 1820 po-

451 1838 690 1903 tuerint
715 1838 794 1902 ad
814 1836 978 1920 juris
1018 1836 1297 1920 rigorem
1341 1856 1721 1902 coaevorum
1766 1836 2018 1901 testium

450 1937 753 2002 examine
767 1934 1019 2017 probari
1045 1979 1068 2010 ,
1110 1935 1266 1999 satis
1310 1942 1518 1999 tamen
1550 1943 1615 1998 et
1646 1954 1682 1998 a
1712 1932 2021 1999 constanti

454 2036 653 2101 trium
704 2032 913 2099 ferme
964 2031 1318 2098 seculorum
1367 2032 1769 2096 veneratione
1790 2074 1811 2104 ,
1844 2038 1905 2095 et
1937 2033 2018 2095 ab

450 2131 657 2219 ipsius
681 2130 973 2195 laborum
993 2128 1222 2203 fructu,
1241 2136 1305 2194 et
1325 2149 1360 2193 a
1382 2128 1827 2195 miraculorum
1846 2147 2023 2210 prae·

452 2228 680 2294 stantia
720 2238 787 2294 et
834 2246 1099 2291 numero
1142 2226 1627 2308 comprobantur
1649 2269 1666 2286 .
1698 2230 1903 2299 Quare
1932 2223 2020 2287 nil

455 2326 712 2393 obstare
739 2323 1029 2398 videtur,
1060 2321 1395 2404 quominus
1421 2329 1673 2402 optatae
1702 2320 2021 2385 Reforma-

454 2422 646 2490 tionis
702 2427 939 2487 Auctor
985 2440 1023 2486 a
1074 2420 1553 2486 sanonum
1582 2424 1891 2484 vBsTnA-
1918 2426 2026 2484 to-

452 2518 649 2587 lemni
676 2518 805 2585 ritu
834 2520 1006 2585 inter
1031 2514 1290 2584 Sancto·
1317 2523 1721 2585 recenseatur
1739 2560 1758 2580 .

552 2712 863 2779 mvnvs
892 2712 1566 2875 Bonawtscopur
1593 2708 1947 2791 spatam

1297 2829 1373 2874 as
1390 2853 1409 2873 .

582 3004 1117 3088 noligtootoetum·
1129 3004 1433 3070 Sacerdos
1442 3010 1665 3070 Petrus
1677 3002 2028 3090 neg-latus,

460 3100 736 3187 abiectis
775 3100 1073 3169 omnibus
1112 3104 1307 3170 rebus
1360 3101 1649 3169 humanis
1670 3147 1694 3179 ,
1738 3123 2032 3170 excusso·

461 3217 589 3285 que
632 3200 893 3283 pulvere
938 3202 1295 3275 mundano,
1338 3221 1677 3286 pauperem
1719 3202 2028 3266 Christum

459 3298 526 3360 in
555 3319 799 3364 summa
840 3306 1209 3380 paupertate
1239 3298 1418 3381 sequi
1444 3297 1647 3364 voluit
1667 3341 1689 3373 ,
1716 3306 1784 3364 et
1812 3318 2028 3364 amore

462 3392 689 3459 Christi
718 3393 998 3459 crucifixi
1033 3413 1372 3460 succensus
1395 3403 1528 3461 toto
1551 3405 1831 3478 tempore
1857 3396 2028 3462 vitae

462 3508 615 3566 auae
643 3510 896 3555 crucem
927 3489 1070 3574 ejus
1100 3479 1424 3575 bajulavitz
1444 3498 1514 3555 ln
1543 3513 1836 3575 suprema
1860 3493 2027 3559 vitae

462 3588 833 3653 austeritate
864 3588 1411 3655 mortificationem
1443 3590 1657 3656 crucis
1687 3591 1915 3657 Christi
1960 3589 2026 3656 iu

462 3705 731 3770 corpore
763 3706 878 3752 sao
905 3686 1615 3769 semperzeircumtulit,
1656 3695 1725 3755 et
1768 3689 1833 3752 in
1872 3690 2029 3754 emi-

465 3784 637 3848 nenti
655 3783 1207 3868 contemplationis
1224 3784 1402 3867 apice
1422 3785 1509 3850 ita
1524 3785 1763 3853 exarsit
1776 3787 1839 3850 in
1860 3807 2030 3853 amo-

467 3897 603 3945 rem
635 3881 867 3946 Christi
888 3925 912 3957 ,
939 3892 1007 3948 ut
1039 3903 1190 3949 vere
1217 3882 1432 3949 dicere
1462 3894 1706 3967 potest,
1735 3904 1860 3951 non
1890 3885 2031 3951 vivo

468 3996 592 4061 ego
613 4020 637 4051 ,
686 3980 798 4044 sed
845 3981 1001 4045 vivit
1049 3980 1116 4044 in
1170 3999 1275 4048 me
1321 3981 1645 4049 Christus:
1671 3981 1848 4049 Unde
1878 3981 2030 4049 illae

465 4074 877 4142 admirabiles
901 4077 1169 4143 virtutes
1195 4078 1568 4146 christianae
1599 4079 2031 4165 perfectiouis,

468 4171 698 4252 quibus
726 4173 1092 4249 irradiabat,
1110 4182 1175 4242 et
1195 4177 1395 4244 effusa
1414 4179 1688 4245 ebaritas
1716 4199 1867 4262 erga
1884 4186 2032 4245 Pro·

468 4268 679 4335 nimos
708 4271 1082 4354 praesertim
1127 4293 1438 4356 pauperes
1478 4277 1868 4359 profluxeree
1910 4282 2032 4344 Ita·

472 4385 597 4446 que
625 4366 839 4433 vivens
869 4369 934 4432 in
964 4369 1214 4435 Christo
1241 4369 1415 4435 filius
1433 4371 1595 4437 lucis
1614 4374 1900 4446 effectus,
1923 4393 2031 4437 vo·

467 4463 749 4527 catus-ad
781 4465 1200 4547 recipiendam
1225 4468 1582 4533 mercedem
1600 4489 1780 4534 suam
1811 4490 1847 4535 a
1876 4476 2028 4535 Jesu

470 4556 535 4620 in
566 4558 742 4637 illam
776 4560 979 4626 lucem
1025 4562 1525 4629 inaccessibilem
1558 4572 1625 4629 et
1653 4565 2030 4633 immensam

471 4652 719 4721 divinae
759 4658 1111 4742 majestatis
1140 4680 1210 4725 se
1240 4660 1596 4734 immersit,
1625 4663 1739 4726 ubi
1770 4682 2034 4731 consors

475 4753 875 4837 et'particeps
896 4754 1139 4821 divinae
1161 4763 1418 4821 naturae
1440 4759 1808 4824 transmittit
1823 4760 1888 4822 in
1909 4769 2032 4825 ter·

471 4866 577 4912 ras
607 4848 820 4914 radios
862 4871 1012 4915 suae
1055 4851 1301 4936 gloriae
1326 4853 1775 4921 miraculorum
1807 4855 2071 4941 signis,x

469 4944 711 5028 quibus
738 4948 1132 5016 instruamur
1174 4970 1316 5017 ease
1357 4952 1560 5034 ipsum
1605 4953 1698 5017 uti
1742 4960 2034 5019 Sanctum

470 5045 898 5108 venerandum
930 5047 1239 5122 interris,
1266 5069 1406 5127 cum
1431 5047 1564 5133 jam
1594 5049 1756 5113 inter
1782 5056 2036 5116 sanctos

473 5157 510 5203 a
558 5140 804 5205 Christo
844 5143 925 5206 sit
967 5142 1313 5228 adscriptus
1353 5144 1419 5210 in
1462 5147 1706 5212 Caelis.
1738 5148 1799 5212 Si
1826 5155 2037 5213 tamen

478 5234 567 5301 ita
593 5241 1053 5306 sanemur!
1083 5247 1402 5311 VESTRAE
1430 5244 1636 5311 visum
1664 5242 1851 5310 fuerit
1873 5292 1891 5310 .
1930 5323 1943 5328 ᾖ

2213 660 2443 723 GAESA
2469 659 2518 718 R
2553 659 2842 813 ”⁰⁸5⁸
2871 654 3211 732 'pistum
3246 652 3574 715 Pure-ars

2791 758 3040 816 estatem
3062 795 3081 814 .

2250 948 2518 1027 Prodest
2543 944 2878 1013 universae
2902 942 3228 1011 Ecclesiae
3248 985 3271 1017 ,
3309 937 3686 1021 Beatissimo

2124 1057 2352 1122 Pater,
2380 1053 2452 1111 ut
2482 1063 2646 1129 quae
2673 1049 2742 1109 Β.
2771 1050 2994 1109 Petrus
3023 1038 3356 1125 Regalatus
3392 1030 3691 1121 praebuit

2123 1148 2497 1213 virtututum
2530 1142 2819 1226 exempla
2835 1183 2856 1215 ‚
2882 1139 3138 1224 publico
3163 1133 3499 1224 praeconio
3522 1129 3691 1199 cele·

2125 1247 2394 1310 brentur
2420 1244 2485 1307 in
2512 1240 2764 1308 Mundo.
2781 1238 3028 1302 Habent
3050 1236 3215 1301 enim
3246 1235 3309 1298 in
3337 1234 3479 1314 ipso
3497 1246 3691 1312 quem

2125 1345 2457 1409 imitentur
2483 1337 2731 1405 Fideles
2760 1356 3024 1410 omnes,
3055 1343 3122 1399 et
3149 1331 3479 1416 praecipue
3522 1325 3696 1393 neli-

2128 1441 2290 1529 giosi
2321 1439 2450 1503 Viri
2482 1435 2794 1520 regularis
2823 1430 3259 1499 observantiae
3278 1474 3295 1491 .

2256 1546 2317 1604 ts
2346 1537 2513 1603 enim
2546 1555 2688 1599 cnm
2721 1533 2954 1617 pietate
2984 1549 3130 1611 erga
3153 1535 3540 1597 Deum‚cum
3563 1538 3699 1585 cor·

2129 1637 2308 1724 poris
2339 1632 2791 1704 maceratione,
2821 1649 2962 1693 cum
2994 1624 3389 1693 observantia
3423 1638 3569 1705 erga
3594 1638 3703 1701 pa·

2128 1744 2345 1800 rentes
2364 1775 2386 1808 ,
2417 1751 2559 1798 cnm
2589 1746 2838 1793 morum
2868 1724 3226 1789 innocentia
3254 1729 3440 1803 atque
3470 1716 3699 1783 cando·

2131 1853 2245 1907 re,
2288 1838 2430 1896 toto
2470 1829 2634 1892 vitae
2679 1845 2827 1892 suae
2857 1820 3170 1889 curriculo
3194 1819 3443 1884 futurae
3473 1813 3700 1880 sancti-

2131 1933 2286 1999 tatis
2316 1927 2633 2013 specimen
2662 1921 2966 1989 exbibuit.
2996 1919 3152 1984 Hinc
3174 1914 3535 1981 Altissimus
3565 1931 3704 1978 san·

2132 2041 2299 2096 ctam
2344 2026 2490 2110 eius
2529 2024 2723 2088 vitam
2757 2016 3076 2085 mirac-ulis
3107 2011 3534 2084 confirmavit,
3566 2009 3701 2092 qui·

2136 2128 2255 2192 bus
2285 2126 2476 2189 etiam
2508 2119 2922 2189 clarissimam
2946 2116 3087 2199 ejus
3106 2121 3373 2177 mortem
3406 2107 3703 2174 reddidit.

2259 2222 2679 2299 Quamobrem
2714 2234 2960 2281 summa
2980 2211 3272 2296 perfusus
3291 2207 3534 2273 laetitia
3562 2224 3705 2287 pro-

2132 2329 2277 2407 pter
2295 2321 2414 2384 hoc
2435 2313 2892 2397 omnipotentis
2916 2330 3141 2375 munus
3161 2305 3707 2381 §ANcrtu‘rEu

2137 2420 2503 2484 VESTRAM
2536 2413 2723 2478 enixe
2753 2409 3079 2493 deprecor,
3108 2416 3178 2472 ut
3210 2412 3277 2471 B.
3306 2411 3562 2470 Petrum
3585 2407 3706 2465 Re·

2134 2515 2413 2602 galatum
2442 2512 2781 2579 virtutibus
2807 2518 2873 2574 et
2902 2504 3222 2571 miraculis
3264 2504 3703 2569 coruscantem

2138 2622 2499 2683 Sanctorum
2521 2628 2784 2674 numero
2800 2604 3294 2672 adscriberanon
3313 2598 3703 2685 dedignetur.

2141 2812 2360 2878 num
2371 2812 2467 2875 US
2490 2810 2698 2890 Monet·
2719 2808 3060 2883 Episcopus
3083 2801 3371 2880 Fuluiam
3391 2797 3703 2861 Λυκείου.

2274 3008 2481 3071 Gaude
2524 2998 2622 3088 (a)
2662 3004 3019 3063 innocentia
3060 3005 3119 3063 at
3157 2999 3411 3062 exulta.
3451 2992 3703 3062 Gaude,

2141 3111 2396 3187 taquam
2420 3147 2440 3179 ,
2466 3106 2613 3183 qaia
2642 3105 2710 3165 iu
2740 3101 2924 3164 Petro
2958 3101 3256 3176 Rauolato
3279 3098 3501 3171 ubique
3531 3092 3707 3153 illas·

2138 3225 2209 3270 sa
2245 3225 2348 3279 es,
2378 3208 2599 3281 ubique
2633 3215 2883 3262 secura.
2930 3198 2998 3259 Si
3043 3198 3297 3259 tantoris
3330 3193 3623 3268 proficis,
3649 3187 3710 3248 εἰ

2138 3307 2490 3379 humilioris
2535 3302 2781 3376 ariaci-ia
2813 3337 3027 3358 .....
3070 3296 3147 3355 To
3193 3294 3471 3354 Potentes
3515 3290 3704 3349 hono·

2140 3412 2325 3476 rant,
2358 3400 2699 3476 suspiciunt
2732 3396 3090 3469 Principes,
3124 3391 3447 3466 uagantes
3490 3383 3708 3461 exqui-

2137 3510 2281 3563 runt
2303 3545 2321 3561 .
2353 3502 2507 3562 -Non
2554 3492 2808 3560 aliunde
2851 3510 3003 3556 vero
3043 3492 3277 3553 tantam
3311 3479 3705 3548 innocentiae

2142 3592 2546 3662 securitatem
2566 3598 2793 3670 Petrus
2811 3586 3147 3671 Regalatus
3166 3580 3490 3654 conscivit,
3513 3593 3701 3660 qnam

2138 3694 2350 3777 legem
2380 3690 2811 3756 membrorum
2857 3680 3352 3767 compescendo,
3382 3682 3447 3743 et
3476 3673 3732 3757 spiritu·

2138 3791 2303 3858 facta
2329 3789 2535 3859 carnis
2564 3782 3002 3852 mortificando
3025 3827 3041 3844 .
3071 3784 3345 3846 Noverat
3373 3775 3554 3860 plane
3581 3779 3700 3835 Re-

2140 3888 2385 3977 galatus
2408 3881 2831 3950 innocentiam
2860 3880 2926 3942 in
2950 3877 3127 3943 Eden
3169 3896 3359 3960 quam
3397 3867 3699 3938 citissime

2140 3986 2412 4071 periisse
2436 4026 2458 4056 ‚
2487 3991 2677 4062 atque
2709 3979 2772 4040 in
2803 3970 3200 4044 Getbsemani
3245 3965 3567 4056 sanguinei
3603 3984 3704 4030 su-

2142 4082 2315 4150 doris
2341 4079 2550 4164 pretio
2578 4076 2772 4141 fuisse
2805 4074 3195 4155 redemptam
3218 4114 3234 4132 .
3275 4064 3700 4143 Quamobrem

2140 4191 2214 4246 ut
2245 4198 2433 4262 quam
2452 4173 2767 4241 nascendo
2787 4168 3104 4242 amiserat,
3123 4161 3508 4231 renascendo
3526 4179 3705 4224 recu·

2141 4285 2397 4364 peraret
2420 4269 2839 4338 innocentiam
2856 4313 2877 4343 ,
2905 4269 3468 4349 recuperatamque
3499 4275 3705 4324 serva·

2140 4382 2263 4451 ret,
2287 4374 2503 4459 iugem
2535 4368 2770 4453 adjecit
2801 4362 3375 4435 mortificationem,
3405 4371 3704 4440 asperum

2139 4475 2305 4541 vitae
2333 4490 2529 4555 genus
2559 4465 2933 4549 deligendo,
2965 4483 3092 4544 quo
3135 4478 3258 4526 non
3302 4457 3364 4520 in
3406 4453 3530 4536 alio
3574 4449 3707 4537 glo·

2140 4570 2447 4640 rim-etur,
2480 4585 2661 4648 quam
2693 4563 2756 4625 in
2786 4567 2984 4626 Cruce
3015 4556 3261 4625 Domini
3305 4552 3504 4619 nostri
3550 4557 3702 4615 Iesu

2143 4667 2397 4739 Christi,
2418 4683 2533 4745 per
2560 4682 2747 4743 quem
2781 4657 2875 4722 illi
2896 4654 3164 4724 Mundus
3183 4649 3521 4721 crucifixus
3540 4653 3701 4718 erat,

2145 4775 2213 4831 et
2233 4764 2376 4849 ‘ipse
2402 4760 2634 4827 Mundo
2657 4806 2672 4822 .
2701 4764 2834 4822 Boc
2861 4775 3050 4838 porro
3079 4747 3470 4816 innocentiae
3497 4744 3704 4808 lilium

2143 4864 2315 4928 inter
2341 4866 2436 4925 tot
2465 4856 2682 4940 spinas
2700 4851 3123 4938 poenitentiae
3144 4868 3178 4912 a
3198 4853 3383 4910 Petro
3406 4838 3705 4926 Regalato

2147 4967 2462 5025 servatum
2508 4955 2801 5018 Potentes
2824 4992 2845 5022 ,
2891 4945 3210 5028 Principes
3257 4944 3705 5024 magnatesque

2149 5073 2376 5138 magno
2402 5051 2468 5113 in
2495 5049 2704 5132 pretio
2729 5044 3050 5117 babuisse,
3068 5044 3377 5106 testantur
3403 5035 3550 5098 binc
3576 5028 3708 5096 ele-

2148 5171 2303 5236 gans
2327 5145 2816 5213 loculamentum
2847 5141 2987 5223 eius
3013 5135 3259 5220 corpori
3304 5133 3385 5199 ab
3429 5127 3708 5194 Elisabe-

2090 5335 2091 5338 ,
2146 5248 2254 5315 tba
2279 5242 2589 5311 castellae
2620 5241 2857 5325 Regina
2885 5236 3228 5304 excitatum
3249 5276 3272 5308 ,
3313 5229 3462 5295 inde
3501 5221 3706 5291 Caroli

577 5446 665 5519 (ὃ)
693 5451 1030 5526 sarar-agdus
1052 5497 1068 5525 ,
1096 5458 1193 5511 vel
1218 5457 1373 5512 Arde
1404 5458 1595 5515 Abba:
1622 5459 1679 5512 in
1709 5458 2043 5518 Diademate
2080 5459 2491 5517 nonachorum
2519 5475 2639 5527 cap.
2667 5456 2756 5508 89.
