4442 6300
959 410 1067 532 ata
1990 478 2191 535 ACTA
2235 481 2893 540 CANOMZA'HORIS

1690 626 2305 704 SANCTISSIMI
2355 627 2712 703 nomm
2762 628 3125 706 NOSTRI

1303 762 2365 979 ΒΕΝΕΒΙΟΤΙ
2475 856 2987 1025 PAPAE
3096 861 3467 982 xlv.

2066 1105 2746 1198 HOMILIA

968 1414 1001 1453 ι
1560 1334 1680 1392 Dm
1721 1334 1989 1394 mnus
2033 1337 2136 1396 SS.
2181 1337 2661 1399 Arosvotoatm
2701 1341 2900 1400 Ρετιι
2939 1351 3022 1395 ιτ
3066 1336 3250 1394 Pacu

787 1556 1344 1707 Communem
1394 1622 1617 1700 Caelo
1675 1641 2063 1730 terraeque
2123 1627 2471 1708 laetitiam
2509 1657 2600 1707 ex
2660 1627 2979 1736 glorioso
3039 1625 3424 1703 beatorum
3487 1623 4007 1730 Apostolorum

792 1744 994 1817 Petri
1035 1758 1113 1815 et
1147 1741 1355 1817 Pauli
1394 1744 1773 1848 triumpho
1801 1800 1827 1833 ,
1858 1770 2080 1851 quem
2117 1774 2259 1851 pro
2297 1748 2590 1823 Christo
2625 1748 3021 1823 morientes
3052 1769 3208 1820 uno
3241 1743 3362 1820 die
3420 1742 3830 1846 eodemque
3888 1740 4008 1818 lo-

791 1885 880 1934 co
917 1875 1403 1963 reportarunt
1430 1915 1452 1952 ,
1487 1859 1581 1935 ad
1620 1861 1768 1935 Nos
1801 1864 2110 1959 maxime
2135 1922 2161 1957 ,
2193 1880 2273 1939 et
2307 1864 2401 1940 ad
2438 1865 2629 1940 hanc
2659 1862 2937 1940 Urbem
2963 1917 2985 1954 ,
3028 1859 3498 1936 venerabiles
3561 1861 3854 1935 Fratres
3921 1884 4007 1935 ac

792 1975 1055 2051 Dilecti
1091 1975 1302 2067 Filii,
1338 1980 1716 2083 pertinere
1745 2032 1768 2068 ,
1801 1995 2092 2054 certum
2129 1998 2256 2056 est.
2324 1983 2782 2085 Quamquam
2842 1980 3034 2054 enim
3105 1977 3200 2053 ad
3259 1983 3668 2056 universam
3722 1993 4008 2083 spectet

787 2089 1181 2167 Ecclesiam
1217 2092 1310 2168 de
1344 2097 1629 2197 gemina
1666 2094 2022 2198 Principis
2054 2098 2628 2200 Apostolorum,
2667 2117 2746 2173 et
2790 2098 3125 2173 Doctoris
3157 2097 3486 2200 gentium
3526 2122 3798 2171 corona
3844 2095 3996 2171 lae·

791 2213 985 2301 tari,
1021 2209 1227 2313 quod
1263 2215 1531 2286 sancita
1566 2237 1825 2286 eorum
1861 2216 2208 2316 sanguine
2244 2213 2512 2291 Fides
2493 2242 2566 2290 in
2609 2240 2861 2291 omnes
2893 2231 3145 2318 gentes
3177 2239 3327 2289 sese
3367 2212 3683 2289 feliciter
3726 2241 4006 2319 propa-

787 2330 1119 2429 gaverit,
1156 2329 1386 2401 Roma
1423 2345 1667 2400 tamen
1705 2325 1931 2402 debet
1968 2356 2143 2433 prae
2184 2336 2448 2408 ceteris
2479 2333 2725 2409 efferri
2762 2331 3081 2437 gaudio,
3114 2347 3192 2406 et
3217 2330 3660 2407 cumulatius
3719 2331 4007 2407 exulta-

792 2469 928 2530 re,
975 2440 1180 2544 quod
1220 2469 1411 2544 quae
1453 2459 1666 2516 antea
1705 2443 1953 2517 fuerat
1989 2470 2328 2521 errorum
2370 2452 2753 2559 magistra,
2789 2446 3314 2553 Apostolorum
3360 2447 3787 2523 eorumdem
3821 2470 4008 2552 ope·

791 2587 872 2633 ra
910 2558 1105 2633 facta
1141 2562 1232 2633 sit
1265 2557 1635 2696 discipula·
1653 2561 2024 2653 veritatiS,
2061 2562 2325 2638 Civitas
2359 2550 2840 2640 sacerdotalis
2873 2582 2947 2638 et
2983 2564 3255 2668 Regia,
3289 2565 3440 2639 Arx
3475 2563 3896 2668 Religionis,
3928 2580 4008 2641 et

792 2678 1034 2780 Caput
1071 2677 1336 2766 Orbis,
1373 2674 1582 2779 cujus
1616 2679 2000 2782 imperium
2040 2678 2326 2757 divinae
2365 2681 2566 2756 Fidei
2604 2678 2831 2786 gloria
2865 2678 3129 2771 latiuS,
3168 2708 3387 2784 quam
3454 2626 3680 2757 olimn
3701 2699 4004 2757 terreno

796 2798 1211 2898 principatu
1251 2793 1633 2869 dilatatum
1660 2851 1682 2887 ,
1719 2811 1976 2898 portae
2013 2795 2245 2872 Inferi
2283 2814 2624 2873 metuunt
2653 2854 2674 2891 ,
2709 2824 2793 2873 ac
2827 2800 3424 2873 contremiscunt.

944 2915 1005 2985 A
1048 2915 1525 2986 vetustissimis
1559 2938 1790 3014 usque
1828 2914 2283 3017 temporibus
2317 2917 2648 3011 Romano
2682 2913 3019 3000 Pontifici
3047 2910 3366 2995 solemne
3398 2911 3542 2987 fuit
3574 2937 4005 2987 summare·-

786 3024 1052 3132 ligione
1091 3053 1172 3102 ac
1206 3027 1549 3132 singulari
1586 3028 2015 3106 celebritate
2054 3029 2249 3105 diem
2286 3032 2486 3106 hunc
2522 3056 2738 3135 agere
2764 3085 2785 3122 ,
2820 3031 2897 3104 in
2931 3055 3086 3132 quo
3120 3028 3391 3133 duplex
3429 3028 3730 3102 Sacrum
3761 3026 4003 3119 ,alte-

792 3173 958 3219 rum
994 3150 1068 3219 in
1108 3146 1243 3221 hac
1282 3147 1623 3222 Vaticana
1658 3146 1953 3223 Basilica
1986 3204 2007 3239 ,
2042 3145 2353 3224 'alterum
2390 3151 2501 3226 via
2538 3150 2846 3225 Ostiensi
2884 3150 2958 3220 in
3007 3145 3296 3221 Basilica
3319 3149 3560 3258 ⁴,sancti
3623 3144 3828 3220 Pauli
3888 3146 4006 3221 fa-

787 3289 959 3338 cere
996 3266 1374 3340 consuevit
1406 3318 1428 3355 ,
1460 3283 1549 3338 ut
1587 3268 1749 3368 pius
1781 3264 2002 3340 seculi
2025 3270 2270 3369 quarti
2298 3283 2492 3346 vates
2523 3266 2968 3345 Prudentius
3005 3281 3336 3339 testatur.
3365 3263 3449 3338 Id
3484 3292 3786 3368 quoque
3816 3281 4004 3339 tem-

787 3385 989 3484 poris
1025 3379 1438 3485 complures
1479 3407 1576 3455 ex
1611 3385 1823 3459 variis
1859 3384 2191 3487 partibus
2223 3386 2567 3488 Episcopi
2609 3383 2702 3457 ad
2740 3383 3009 3457 Urbem
3050 3375 3623 3485 commigrabant
3649 3437 3672 3473 ,
3741 3381 4003 3457 festum

789 3498 992 3572 hunc
1028 3494 1488 3571 laetissimum
1523 3495 1715 3572 diem
1751 3524 1898 3572 una
1935 3524 2102 3572 cum
2141 3501 2469 3575 Romano
2509 3498 2867 3574 Pontifice
2908 3495 3360 3573 celebraturi
3387 3555 3413 3590 ,
3450 3500 3561 3573 uti
3606 3525 3715 3572 ex.
3756 3497 4006 3574 Pauli-

789 3642 891 3690 no
918 3669 942 3706 ,
976 3617 1512 3717 qui-sequentis
1548 3617 1798 3689 aetatis
1831 3617 2146 3718 scriptor
2179 3618 2418 3690 extitit
2451 3671 2473 3708 ,
2508 3613 2928 3718 colligimus.

904 3734 1089 3806 ‘Nos
1122 3758 1425 3834 quoq-ue
1455 3786 1476 3821 ,
1510 3757 1696 3834 quos
1732 3758 1882 3806 non
1920 3757 2070 3805 una
2103 3755 2316 3806 causa
2349 3731 2441 3807 ad
2468 3731 2825 3836 Principis
2859 3729 3383 3835 Apostolorum
3414 3731 3828 3804 memoriam
3867 3730 4009 3804 ho·-

799 3875 984 3923 nore
1022 3846 1527 3924 cumulandam
1567 3846 1865 3922 adducit
1892 3904 1914 3940 ,
1948 3848 2156 3951 quod
2192 3875 2457 3954 nempe
2496 3852 2569 3922 in
2607 3846 2762 3950 ejus
2795 3846 3037 3922 locum
3075 3863 3152 3920 et
3186 3845 3546 3950 dignitatis
3579 3838 4007 3951 amplitudi-

802 3989 969 4037 nem
1000 4018 1021 4055 ,
1058 3962 1233 4037 licet
1271 3965 1776 4054 immerentes,
1809 3953 2322 4058 successimus,
2356 3964 2483 4041 sed
2521 3963 2700 4043 aliae
2738 3989 3039 4067 quoque
3077 3965 3397 4038 rationes
3439 3980 3711 4066 urgent
3767 3964 3862 4039 ad
3917 3962 4011 4038 il-

797 4080 940 4155 lius
976 4097 1054 4154 et
1088 4079 1418 4184 Apostoli
1458 4081 1662 4158 Pauli
1699 4080 1983 4158 cultum
2019 4082 2610 4187 promovendum
2639 4136 2662 4173 ,
2697 4107 2886 4183 quos
2920 4077 3311 4172 unapimul
3345 4078 3592 4154 colere
3637 4105 3721 4154 ac
3779 4107 4010 4158 vene-

797 4201 943 4272 rari
979 4200 1360 4274 consuevit
1394 4197 1712 4275 Ecclesia
1740 4253 1762 4290 ,
1796 4200 2003 4303 quod
2037 4203 2383 4276 nimirum
2419 4203 2615 4274 inter
2649 4222 2890 4296 sacrae
2932 4195 3151 4299 hujus
3208 4194 3546 4271 Basilicae
3604 4196 4007 4272 Canonicos

798 4312 1053 4407 decem
1091 4326 1172 4388 et
1205 4332 1528 4418 quatuor
1565 4343 1793 4392 annos
1826 4316 2096 4397 fuimus
2127 4373 2149 4410 ,
2180 4316 2537 4419 quodque
2575 4312 2896 4417 ejusdem
2935 4314 3133 4386 Petri
3172 4312 3438 4387 honori
3499 4312 4009 4417 Metropolita—

798 4435 889 4504 na
926 4433 1408 4506 Bononiensis
1440 4431 1762 4508 Ecclesia
1796 4432 2125 4508 dedicata
2160 4435 2250 4508 sit
2278 4488 2301 4524 ,
2334 4460 2556 4536 quam
2596 4429 2955 4524 decennio
2989 4429 3555 4532 gubernavimus
3582 4483 3604 4522 ,
3648 4446 3728 4503 et
3786 4457 4007 4534 quam

796 4547 1040 4625 adhuc
1076 4546 1539 4644 detinemus-‚3
1582 4548 2230 4626 Praedecessorum
2265 4565 2682 4625 nostrorum
2724 4547 3031 4649 vestigiis
3066 4548 3279 4619 etiam
3318 4549 3394 4618 in
3429 4544 3566 4619 hac
3608 4562 3818 4647 parte
3866 4573 4007 4649 pro

798 4667 1075 4745 viribus
1111 4668 1435 4740 insistere
1473 4670 1902 4802 cupientes,
1936 4693 2089 4744 non
2120 4665 2354 4741 solum
2391 4666 2787 4768 quotannis
2818 4666 2894 4737 in
2931 4659 3310 4765 pervigilio
3369 4659 3585 4763 hujus
3641 4662 3833 4736 Festi
3888 4687 4008 4736 so-

798 4784 1161 4859 lemnibus
1194 4784 1588 4886 vesperis
1567 4810 1643 4856 in
1679 4783 1816 4858 hac
1848 4782 2141 4859 Basilica
2177 4787 2577 4871 interesse,
2611 4796 2687 4854 et
2725 4803 2932 4853 mane
2959 4772 3360 4851 Pontificali
3390 4779 3543 4849 ritu
3578 4779 3856 4852 Missam
3882 4777 4010 4852 cess

795 4883 1091 4976 lebrare
1126 4903 1677 4987 consuevimus,
1710 4901 1838 4975 sed
1877 4903 2090 4975 etiam
2128 4903 2203 4974 in
2239 4916 2686 5035 perpetuum
2721 4892 3025 4972 valitura
3089 4895 3460 4967 sanctione
3523 4891 4009 4986 decrevimuS,

799 5039 885 5094 ut
931 5038 1069 5126 per
1105 5013 1722 5110 totamjoctavam
1758 5017 2058 5121 singulis
2085 5014 2398 5093 diebus
2376 5044 2454 5090 ln
2488 5014 2784 5092 diversis
2814 5036 3056 5085 sacrae
3119 5007 3336 5110 hujus
3405 5010 3624 5085 Urbis
3681 5001 4012 5096 Ecclesiis

802 5134 1043 5238 aliqua
1082 5113 1511 5207 eorumdem
1549 5131 2070 5235 Apostolorum
2106 5136 2453 5208 memoria
2491 5131 2838 5234 insignitis
2870 5123 3190 5200 solemne
3227 5125 3529 5200 Sacrum
3565 5144 4011 5231 peragatur,

805 5264 1197 5355 praesente
1234 5247 1483 5351 aliq-uo
1519 5247 2022 5325 Praelatorum
2056 5247 2521 5385 «Apostolicae
2559 5246 2763 5322 Sedis
2797 5241 3054 5334 officiis
3112 5240 3568 5316 addictorum
3636 5243 4006 5346 eollegio3

805 5383 1043 5470 utque
1086 5364 1597 5468 pomeridiano
1634 5381 1969 5471 tempore
2005 5362 2117 5441 alii
2156 5369 2451 5471 piorum
2490 5364 2869 5454 hominum
2907 5361 3174 5435 Coetus
3200 5414 3220 5451 ‚
3256 5361 3454 5433 statis
3491 5362 3798 5463 quisque
3852 5359 4014 5436 die-
