<?xml version="1.0" encoding="UTF-8"?>
<!DOCTYPE html PUBLIC "-//W3C//DTD XHTML 1.0 Transitional//EN"
    "http://www.w3.org/TR/xhtml1/DTD/xhtml1-transitional.dtd">
<html xmlns="http://www.w3.org/1999/xhtml" xml:lang="en" lang="en">
 <head>
  <title>
</title>
<meta http-equiv="Content-Type" content="text/html;charset=utf-8" />
  <meta name='ocr-system' content='tesseract 3.04.00' />
  <meta name='ocr-capabilities' content='ocr_page ocr_carea ocr_par ocr_line ocrx_word'/>
</head>
<body>
  <div class='ocr_page' id='page_1' title='image "benedictixivpon00benegoog_0355.png"; bbox 0 0 4442 6300; ppageno 0'>
   <div class='ocr_carea' id='block_1_1' title="bbox 1574 538 2622 611">
    <p class='ocr_par' dir='ltr' id='par_1_1' title="bbox 1574 538 2622 611">
     <span class='ocr_line' id='line_1_1' title="bbox 1574 538 2622 611; baseline -0.005 -12"><span class='ocrx_word' id='word_1_1' title='bbox 1574 540 1920 611; x_wconf 71' lang='lat' dir='ltr'><strong>anQnt</strong></span> <span class='ocrx_word' id='word_1_2' title='bbox 1962 538 2424 597; x_wconf 63' lang='lat' dir='ltr'><strong>mucronum</strong></span> <span class='ocrx_word' id='word_1_3' title='bbox 2457 540 2622 595; x_wconf 76' lang='lat' dir='ltr'><strong>t‘rc.</strong></span> 
     </span>
    </p>
   </div>
   <div class='ocr_carea' id='block_1_2' title="bbox 3460 530 3571 597">
    <p class='ocr_par' dir='ltr' id='par_1_2' title="bbox 3460 530 3571 597">
     <span class='ocr_line' id='line_1_2' title="bbox 3460 530 3571 597; baseline -0.018 0"><span class='ocrx_word' id='word_1_4' title='bbox 3460 530 3571 597; x_wconf 68' lang='lat'><strong>2&#39;97</strong></span> 
     </span>
    </p>
   </div>
   <div class='ocr_carea' id='block_1_3' title="bbox 526 646 3761 772">
    <p class='ocr_par' dir='ltr' id='par_1_3' title="bbox 526 646 3761 772">
     <span class='ocr_line' id='line_1_3' title="bbox 526 646 3761 772; baseline -0.003 -12"><span class='ocrx_word' id='word_1_5' title='bbox 526 712 611 760; x_wconf 80' lang='lat' dir='ltr'><strong>ex</strong></span> <span class='ocrx_word' id='word_1_6' title='bbox 640 690 904 758; x_wconf 79' lang='lat' dir='ltr'><strong>diversis</strong></span> <span class='ocrx_word' id='word_1_7' title='bbox 932 689 1123 755; x_wconf 87' lang='lat' dir='ltr'><strong>Orbis</strong></span> <span class='ocrx_word' id='word_1_8' title='bbox 1137 646 1416 771; x_wconf 79' lang='lat' dir='ltr'><strong>partibus</strong></span> <span class='ocrx_word' id='word_1_9' title='bbox 1440 686 1954 751; x_wconf 67' lang='lat' dir='ltr'><strong>innumerabilem</strong></span> <span class='ocrx_word' id='word_1_10' title='bbox 1986 706 2092 769; x_wconf 89' lang='lat' dir='ltr'><strong>po·</strong></span> <span class='ocrx_word' id='word_1_11' title='bbox 2137 686 2149 735; x_wconf 87' lang='lat' dir='ltr'><strong>t</strong></span> <span class='ocrx_word' id='word_1_12' title='bbox 2199 685 2311 749; x_wconf 84' lang='lat' dir='ltr'><strong>sed</strong></span> <span class='ocrx_word' id='word_1_13' title='bbox 2339 685 2605 750; x_wconf 81' lang='lat' dir='ltr'><strong>ulterius</strong></span> <span class='ocrx_word' id='word_1_14' title='bbox 2635 705 2749 768; x_wconf 84' lang='lat' dir='ltr'><strong>per</strong></span> <span class='ocrx_word' id='word_1_15' title='bbox 2791 694 2982 751; x_wconf 86' lang='lat' dir='ltr'><strong>totam</strong></span> <span class='ocrx_word' id='word_1_16' title='bbox 3016 697 3294 755; x_wconf 77' lang='lat' dir='ltr'><strong>octavam</strong></span> <span class='ocrx_word' id='word_1_17' title='bbox 3339 687 3603 772; x_wconf 83' lang='lat' dir='ltr'><strong>singulis</strong></span> <span class='ocrx_word' id='word_1_18' title='bbox 3633 686 3761 751; x_wconf 88' lang='lat' dir='ltr'><strong>die·</strong></span> 
     </span>
    </p>
   </div>
   <div class='ocr_carea' id='block_1_4' title="bbox 492 783 2101 5526">
    <p class='ocr_par' dir='ltr' id='par_1_4' title="bbox 527 783 2099 3109">
     <span class='ocr_line' id='line_1_4' title="bbox 531 783 2090 875; baseline -0.004 -22"><span class='ocrx_word' id='word_1_19' title='bbox 531 790 662 875; x_wconf 87' lang='lat' dir='ltr'><strong>puli</strong></span> <span class='ocrx_word' id='word_1_20' title='bbox 695 785 1156 853; x_wconf 85' lang='lat' dir='ltr'><strong>multitudinem</strong></span> <span class='ocrx_word' id='word_1_21' title='bbox 1185 783 1438 868; x_wconf 79' lang='lat' dir='ltr'><strong>linguis,</strong></span> <span class='ocrx_word' id='word_1_22' title='bbox 1465 783 1768 859; x_wconf 84' lang='lat' dir='ltr'><strong>moribus,</strong></span> <span class='ocrx_word' id='word_1_23' title='bbox 1798 789 1862 847; x_wconf 92' lang='lat' dir='ltr'><strong>et</strong></span> <span class='ocrx_word' id='word_1_24' title='bbox 1891 783 2090 867; x_wconf 87' lang='lat' dir='ltr'><strong>regio-</strong></span> 
     </span>
     <span class='ocr_line' id='line_1_5' title="bbox 530 879 2092 963; baseline -0.004 -13"><span class='ocrx_word' id='word_1_25' title='bbox 530 888 719 952; x_wconf 88' lang='lat' dir='ltr'><strong>nibus</strong></span> <span class='ocrx_word' id='word_1_26' title='bbox 750 886 1111 954; x_wconf 85' lang='lat' dir='ltr'><strong>discretam,</strong></span> <span class='ocrx_word' id='word_1_27' title='bbox 1144 879 1557 946; x_wconf 83' lang='lat' dir='ltr'><strong>venerationis</strong></span> <span class='ocrx_word' id='word_1_28' title='bbox 1581 888 1787 962; x_wconf 78' lang='lat' dir='ltr'><strong>tamen</strong></span> <span class='ocrx_word' id='word_1_29' title='bbox 1816 899 1961 963; x_wconf 83' lang='lat' dir='ltr'><strong>erga</strong></span> <span class='ocrx_word' id='word_1_30' title='bbox 1987 881 2092 944; x_wconf 89' lang='lat' dir='ltr'><strong>be-</strong></span> 
     </span>
     <span class='ocr_line' id='line_1_6' title="bbox 530 976 2089 1071; baseline -0.006 -22"><span class='ocrx_word' id='word_1_31' title='bbox 530 993 667 1049; x_wconf 87' lang='lat' dir='ltr'><strong>atos</strong></span> <span class='ocrx_word' id='word_1_32' title='bbox 715 980 1154 1067; x_wconf 75' lang='lat' dir='ltr'><strong>Apostolorum</strong></span> <span class='ocrx_word' id='word_1_33' title='bbox 1204 978 1494 1071; x_wconf 76' lang='lat' dir='ltr'><strong>cineres,</strong></span> <span class='ocrx_word' id='word_1_34' title='bbox 1538 987 1602 1042; x_wconf 90' lang='lat' dir='ltr'><strong>et</strong></span> <span class='ocrx_word' id='word_1_35' title='bbox 1651 976 2089 1059; x_wconf 68' lang='lat' dir='ltr'><strong>triumphalem</strong></span> 
     </span>
     <span class='ocr_line' id='line_1_7' title="bbox 530 1074 2092 1157; baseline -0.006 -9"><span class='ocrx_word' id='word_1_36' title='bbox 530 1081 767 1148; x_wconf 81' lang='lat' dir='ltr'><strong>Natalis</strong></span> <span class='ocrx_word' id='word_1_37' title='bbox 803 1099 1021 1144; x_wconf 89' lang='lat' dir='ltr'><strong>eorum</strong></span> <span class='ocrx_word' id='word_1_38' title='bbox 1055 1075 1415 1141; x_wconf 78' lang='lat' dir='ltr'><strong>memoriam</strong></span> <span class='ocrx_word' id='word_1_39' title='bbox 1459 1074 1749 1140; x_wconf 74' lang='lat' dir='ltr'><strong>concordi</strong></span> <span class='ocrx_word' id='word_1_40' title='bbox 1784 1074 2092 1157; x_wconf 88' lang='lat' dir='ltr'><strong>obsequio</strong></span> 
     </span>
     <span class='ocr_line' id='line_1_8' title="bbox 527 1168 2093 1253; baseline -0.006 -7"><span class='ocrx_word' id='word_1_41' title='bbox 527 1180 839 1246; x_wconf 83' lang='lat' dir='ltr'><strong>&#39;sociatum</strong></span> <span class='ocrx_word' id='word_1_42' title='bbox 894 1175 1213 1241; x_wconf 82' lang='lat' dir='ltr'><strong>confluere</strong></span> <span class='ocrx_word' id='word_1_43' title='bbox 1256 1172 1695 1249; x_wconf 70' lang='lat' dir='ltr'><strong>consuevisse3</strong></span> <span class='ocrx_word' id='word_1_44' title='bbox 1752 1168 2093 1253; x_wconf 79' lang='lat' dir='ltr'><strong>Episcopus</strong></span> 
     </span>
     <span class='ocr_line' id='line_1_9' title="bbox 531 1267 2092 1354; baseline -0.004 -14"><span class='ocrx_word' id='word_1_45' title='bbox 531 1276 721 1340; x_wconf 80' lang='lat' dir='ltr'><strong>etiam</strong></span> <span class='ocrx_word' id='word_1_46' title='bbox 773 1273 1060 1354; x_wconf 87' lang='lat' dir='ltr'><strong>aliosque</strong></span> <span class='ocrx_word' id='word_1_47' title='bbox 1108 1289 1321 1334; x_wconf 88' lang='lat' dir='ltr'><strong>sacros</strong></span> <span class='ocrx_word' id='word_1_48' title='bbox 1364 1268 1737 1342; x_wconf 85' lang='lat' dir='ltr'><strong>Antistites,</strong></span> <span class='ocrx_word' id='word_1_49' title='bbox 1788 1267 2092 1333; x_wconf 88' lang='lat' dir='ltr'><strong>sublimes</strong></span> 
     </span>
     <span class='ocr_line' id='line_1_10' title="bbox 534 1366 2094 1454; baseline -0.005 -17"><span class='ocrx_word' id='word_1_50' title='bbox 534 1372 882 1454; x_wconf 82' lang='lat' dir='ltr'><strong>Regiasque</strong></span> <span class='ocrx_word' id='word_1_51' title='bbox 933 1387 1234 1450; x_wconf 84' lang='lat' dir='ltr'><strong>personas</strong></span> <span class='ocrx_word' id='word_1_52' title='bbox 1276 1367 1352 1428; x_wconf 86' lang='lat' dir='ltr'><strong>ad</strong></span> <span class='ocrx_word' id='word_1_53' title='bbox 1402 1366 1689 1430; x_wconf 83' lang='lat' dir='ltr'><strong>eamdem</strong></span> <span class='ocrx_word' id='word_1_54' title='bbox 1740 1366 2094 1430; x_wconf 87' lang='lat' dir='ltr'><strong>solemnita-</strong></span> 
     </span>
     <span class='ocr_line' id='line_1_11' title="bbox 533 1461 2093 1549; baseline -0.005 -14"><span class='ocrx_word' id='word_1_55' title='bbox 533 1482 659 1535; x_wconf 91' lang='lat' dir='ltr'><strong>tem</strong></span> <span class='ocrx_word' id='word_1_56' title='bbox 690 1469 1023 1535; x_wconf 80' lang='lat' dir='ltr'><strong>convenire</strong></span> <span class='ocrx_word' id='word_1_57' title='bbox 1053 1463 1274 1528; x_wconf 83' lang='lat' dir='ltr'><strong>solitos</strong></span> <span class='ocrx_word' id='word_1_58' title='bbox 1302 1461 1518 1533; x_wconf 78' lang='lat' dir='ltr'><strong>fuisse,</strong></span> <span class='ocrx_word' id='word_1_59' title='bbox 1551 1461 1993 1549; x_wconf 63' lang='lat' dir='ltr'><strong>supplicesque</strong></span> <span class='ocrx_word' id='word_1_60' title='bbox 2024 1485 2093 1527; x_wconf 87' lang='lat' dir='ltr'><strong>ae</strong></span> 
     </span>
     <span class='ocr_line' id='line_1_12' title="bbox 534 1561 2090 1648; baseline -0.004 -17"><span class='ocrx_word' id='word_1_61' title='bbox 534 1586 805 1648; x_wconf 84' lang='lat' dir='ltr'><strong>suasque</strong></span> <span class='ocrx_word' id='word_1_62' title='bbox 849 1583 1112 1628; x_wconf 82' lang='lat' dir='ltr'><strong>coronas</strong></span> <span class='ocrx_word' id='word_1_63' title='bbox 1155 1563 1230 1624; x_wconf 82' lang='lat' dir='ltr'><strong>ad</strong></span> <span class='ocrx_word' id='word_1_64' title='bbox 1263 1561 1457 1642; x_wconf 89' lang='lat' dir='ltr'><strong>pedes</strong></span> <span class='ocrx_word' id='word_1_65' title='bbox 1498 1561 1877 1630; x_wconf 64' lang='lat' dir='ltr'><strong>moraturis,</strong></span> <span class='ocrx_word' id='word_1_66' title='bbox 1904 1570 1972 1624; x_wconf 82' lang='lat' dir='ltr'><strong>et</strong></span> <span class='ocrx_word' id='word_1_67' title='bbox 2014 1562 2090 1624; x_wconf 88' lang='lat' dir='ltr'><strong>ad</strong></span> 
     </span>
     <span class='ocr_line' id='line_1_13' title="bbox 532 1655 2094 1729; baseline -0.004 -1"><span class='ocrx_word' id='word_1_68' title='bbox 532 1660 986 1728; x_wconf 74' lang='lat' dir='ltr'><strong>Scenofactoris</strong></span> <span class='ocrx_word' id='word_1_69' title='bbox 1016 1666 1484 1722; x_wconf 87' lang='lat' dir='ltr'><strong>mouumentum</strong></span> <span class='ocrx_word' id='word_1_70' title='bbox 1507 1702 1526 1729; x_wconf 92' lang='lat'><strong>,</strong></span> <span class='ocrx_word' id='word_1_71' title='bbox 1558 1655 1947 1722; x_wconf 74' lang='lat' dir='ltr'><strong>adstantibus</strong></span> <span class='ocrx_word' id='word_1_72' title='bbox 1976 1664 2094 1721; x_wconf 73' lang='lat' dir='ltr'><strong>ltu-</strong></span> 
     </span>
     <span class='ocr_line' id='line_1_14' title="bbox 530 1755 2088 1835; baseline -0.006 -9"><span class='ocrx_word' id='word_1_73' title='bbox 530 1761 754 1834; x_wconf 89' lang='lat' dir='ltr'><strong>cibus,</strong></span> <span class='ocrx_word' id='word_1_74' title='bbox 805 1765 869 1823; x_wconf 91' lang='lat' dir='ltr'><strong>et</strong></span> <span class='ocrx_word' id='word_1_75' title='bbox 917 1755 1262 1821; x_wconf 74' lang='lat' dir='ltr'><strong>Praefectis</strong></span> <span class='ocrx_word' id='word_1_76' title='bbox 1310 1755 1628 1827; x_wconf 85' lang='lat' dir='ltr'><strong>militum,</strong></span> <span class='ocrx_word' id='word_1_77' title='bbox 1675 1760 2088 1835; x_wconf 74' lang='lat' dir='ltr'><strong>prosternere.</strong></span> 
     </span>
     <span class='ocr_line' id='line_1_15' title="bbox 536 1851 2095 1941; baseline -0.005 -18"><span class='ocrx_word' id='word_1_78' title='bbox 536 1862 704 1923; x_wconf 76' lang='lat' dir='ltr'><strong>Haec</strong></span> <span class='ocrx_word' id='word_1_79' title='bbox 735 1856 926 1941; x_wconf 82' lang='lat' dir='ltr'><strong>igitur</strong></span> <span class='ocrx_word' id='word_1_80' title='bbox 950 1863 1010 1918; x_wconf 89' lang='lat' dir='ltr'><strong>et</strong></span> <span class='ocrx_word' id='word_1_81' title='bbox 1042 1853 1159 1915; x_wconf 81' lang='lat' dir='ltr'><strong>alia</strong></span> <span class='ocrx_word' id='word_1_82' title='bbox 1192 1852 1546 1935; x_wconf 87' lang='lat' dir='ltr'><strong>hujusmodi</strong></span> <span class='ocrx_word' id='word_1_83' title='bbox 1593 1851 1878 1934; x_wconf 78' lang='lat' dir='ltr'><strong>diligenti</strong></span> <span class='ocrx_word' id='word_1_84' title='bbox 1907 1853 2095 1917; x_wconf 85' lang='lat' dir='ltr'><strong>animi</strong></span> 
     </span>
     <span class='ocr_line' id='line_1_16' title="bbox 532 1950 2095 2030; baseline -0.006 -9"><span class='ocrx_word' id='word_1_85' title='bbox 532 1953 1030 2021; x_wconf 71' lang='lat' dir='ltr'><strong>consideratione</strong></span> <span class='ocrx_word' id='word_1_86' title='bbox 1047 1950 1373 2015; x_wconf 88' lang='lat' dir='ltr'><strong>nobiscum</strong></span> <span class='ocrx_word' id='word_1_87' title='bbox 1394 1954 1750 2030; x_wconf 82' lang='lat' dir='ltr'><strong>reputantes</strong></span> <span class='ocrx_word' id='word_1_88' title='bbox 1765 1950 2095 2014; x_wconf 87' lang='lat' dir='ltr'><strong>vehemen-</strong></span> 
     </span>
     <span class='ocr_line' id='line_1_17' title="bbox 532 2042 2090 2128; baseline -0.004 -14"><span class='ocrx_word' id='word_1_89' title='bbox 532 2042 634 2115; x_wconf 84' lang='lat' dir='ltr'><strong>tcr</strong></span> <span class='ocrx_word' id='word_1_90' title='bbox 661 2049 892 2115; x_wconf 72' lang='lat' dir='ltr'><strong>soliciti</strong></span> <span class='ocrx_word' id='word_1_91' title='bbox 924 2068 1141 2112; x_wconf 87' lang='lat' dir='ltr'><strong>sumus</strong></span> <span class='ocrx_word' id='word_1_92' title='bbox 1164 2091 1184 2118; x_wconf 88' lang='lat'><strong>,</strong></span> <span class='ocrx_word' id='word_1_93' title='bbox 1226 2067 1304 2111; x_wconf 84' lang='lat' dir='ltr'><strong>ne</strong></span> <span class='ocrx_word' id='word_1_94' title='bbox 1333 2051 1495 2113; x_wconf 72' lang='lat' dir='ltr'><strong>Nos«.</strong></span> <span class='ocrx_word' id='word_1_95' title='bbox 1528 2048 1629 2126; x_wconf 84' lang='lat' dir='ltr'><strong>qui</strong></span> <span class='ocrx_word' id='word_1_96' title='bbox 1660 2047 1721 2107; x_wconf 91' lang='lat' dir='ltr'><strong>in</strong></span> <span class='ocrx_word' id='word_1_97' title='bbox 1768 2047 1956 2110; x_wconf 89' lang='lat' dir='ltr'><strong>tantis</strong></span> <span class='ocrx_word' id='word_1_98' title='bbox 1986 2068 2090 2128; x_wconf 89' lang='lat' dir='ltr'><strong>pe·</strong></span> 
     </span>
     <span class='ocr_line' id='line_1_18' title="bbox 532 2143 2091 2231; baseline -0.004 -20"><span class='ocrx_word' id='word_1_99' title='bbox 532 2147 749 2211; x_wconf 91' lang='lat' dir='ltr'><strong>riculis</strong></span> <span class='ocrx_word' id='word_1_100' title='bbox 775 2154 836 2208; x_wconf 90' lang='lat' dir='ltr'><strong>et</strong></span> <span class='ocrx_word' id='word_1_101' title='bbox 873 2144 1350 2231; x_wconf 77' lang='lat' dir='ltr'><strong>adversitatibus</strong></span> <span class='ocrx_word' id='word_1_102' title='bbox 1393 2143 1714 2206; x_wconf 85' lang='lat' dir='ltr'><strong>constituti</strong></span> <span class='ocrx_word' id='word_1_103' title='bbox 1748 2153 2091 2207; x_wconf 89' lang='lat' dir='ltr'><strong>sanctorum</strong></span> 
     </span>
     <span class='ocr_line' id='line_1_19' title="bbox 534 2240 2096 2327; baseline -0.004 -17"><span class='ocrx_word' id='word_1_104' title='bbox 534 2244 975 2327; x_wconf 79' lang='lat' dir='ltr'><strong>Apostolorum</strong></span> <span class='ocrx_word' id='word_1_105' title='bbox 1022 2241 1231 2306; x_wconf 87' lang='lat' dir='ltr'><strong>valido</strong></span> <span class='ocrx_word' id='word_1_106' title='bbox 1274 2240 1622 2323; x_wconf 75' lang='lat' dir='ltr'><strong>indigemus</strong></span> <span class='ocrx_word' id='word_1_107' title='bbox 1665 2241 1938 2315; x_wconf 77' lang='lat' dir='ltr'><strong>auxilio,</strong></span> <span class='ocrx_word' id='word_1_108' title='bbox 1989 2242 2096 2304; x_wconf 88' lang='lat' dir='ltr'><strong>de·</strong></span> 
     </span>
     <span class='ocr_line' id='line_1_20' title="bbox 534 2336 2096 2426; baseline -0.001 -22"><span class='ocrx_word' id='word_1_109' title='bbox 534 2363 803 2426; x_wconf 82' lang='lat' dir='ltr'><strong>generes</strong></span> <span class='ocrx_word' id='word_1_110' title='bbox 831 2364 866 2425; x_wconf 72' lang='lat' dir='ltr'><strong>a</strong></span> <span class='ocrx_word' id='word_1_111' title='bbox 894 2341 1199 2424; x_wconf 74' lang='lat' dir='ltr'><strong>Majorum</strong></span> <span class='ocrx_word' id='word_1_112' title='bbox 1231 2337 1486 2420; x_wconf 84' lang='lat' dir='ltr'><strong>pietate,</strong></span> <span class='ocrx_word' id='word_1_113' title='bbox 1514 2349 1583 2401; x_wconf 87' lang='lat' dir='ltr'><strong>et</strong></span> <span class='ocrx_word' id='word_1_114' title='bbox 1611 2339 1770 2402; x_wconf 86' lang='lat' dir='ltr'><strong>devii</strong></span> <span class='ocrx_word' id='word_1_115' title='bbox 1801 2358 1834 2400; x_wconf 89' lang='lat' dir='ltr'><strong>a</strong></span> <span class='ocrx_word' id='word_1_116' title='bbox 1867 2336 2096 2402; x_wconf 83' lang='lat' dir='ltr'><strong>sanctis</strong></span> 
     </span>
     <span class='ocr_line' id='line_1_21' title="bbox 536 2434 2095 2516; baseline -0.006 -11"><span class='ocrx_word' id='word_1_117' title='bbox 536 2460 751 2505; x_wconf 82' lang='lat' dir='ltr'><strong>eorum</strong></span> <span class='ocrx_word' id='word_1_118' title='bbox 783 2436 1091 2501; x_wconf 77' lang='lat' dir='ltr'><strong>institutis</strong></span> <span class='ocrx_word' id='word_1_119' title='bbox 1111 2435 1328 2505; x_wconf 85' lang='lat' dir='ltr'><strong>simus,</strong></span> <span class='ocrx_word' id='word_1_120' title='bbox 1361 2444 1426 2498; x_wconf 89' lang='lat' dir='ltr'><strong>et</strong></span> <span class='ocrx_word' id='word_1_121' title='bbox 1454 2434 1682 2516; x_wconf 79' lang='lat' dir='ltr'><strong>quihus</strong></span> <span class='ocrx_word' id='word_1_122' title='bbox 1712 2435 1773 2495; x_wconf 87' lang='lat' dir='ltr'><strong>in</strong></span> <span class='ocrx_word' id='word_1_123' title='bbox 1798 2434 2095 2515; x_wconf 85' lang='lat' dir='ltr'><strong>accipien-</strong></span> 
     </span>
     <span class='ocr_line' id='line_1_22' title="bbox 535 2522 2095 2618; baseline -0.004 -18"><span class='ocrx_word' id='word_1_124' title='bbox 535 2536 636 2601; x_wconf 87' lang='lat' dir='ltr'><strong>dis</strong></span> <span class='ocrx_word' id='word_1_125' title='bbox 662 2557 696 2601; x_wconf 87' lang='lat' dir='ltr'><strong>a</strong></span> <span class='ocrx_word' id='word_1_126' title='bbox 726 2543 857 2601; x_wconf 84' lang='lat' dir='ltr'><strong>Deo</strong></span> <span class='ocrx_word' id='word_1_127' title='bbox 886 2522 1001 2618; x_wconf 85' lang='lat' dir='ltr'><strong>per</strong></span> <span class='ocrx_word' id='word_1_128' title='bbox 1042 2535 1262 2598; x_wconf 86' lang='lat' dir='ltr'><strong>beatos</strong></span> <span class='ocrx_word' id='word_1_129' title='bbox 1303 2531 1637 2615; x_wconf 78' lang='lat' dir='ltr'><strong>Apostolos</strong></span> <span class='ocrx_word' id='word_1_130' title='bbox 1684 2530 2003 2596; x_wconf 79' lang='lat' dir='ltr'><strong>beneficiis</strong></span> <span class='ocrx_word' id='word_1_131' title='bbox 2032 2541 2095 2596; x_wconf 90' lang='lat' dir='ltr'><strong>et</strong></span> 
     </span>
     <span class='ocr_line' id='line_1_23' title="bbox 537 2627 2096 2715; baseline -0.003 -17"><span class='ocrx_word' id='word_1_132' title='bbox 537 2634 717 2699; x_wconf 85' lang='lat' dir='ltr'><strong>donis</strong></span> <span class='ocrx_word' id='word_1_133' title='bbox 746 2644 928 2715; x_wconf 87' lang='lat' dir='ltr'><strong>pares</strong></span> <span class='ocrx_word' id='word_1_134' title='bbox 956 2650 1173 2694; x_wconf 83' lang='lat' dir='ltr'><strong>sumus</strong></span> <span class='ocrx_word' id='word_1_135' title='bbox 1195 2672 1215 2701; x_wconf 91' lang='lat'><strong>,</strong></span> <span class='ocrx_word' id='word_1_136' title='bbox 1262 2628 1540 2711; x_wconf 87' lang='lat' dir='ltr'><strong>impares</strong></span> <span class='ocrx_word' id='word_1_137' title='bbox 1565 2636 1630 2690; x_wconf 91' lang='lat' dir='ltr'><strong>et</strong></span> <span class='ocrx_word' id='word_1_138' title='bbox 1661 2627 1877 2711; x_wconf 78' lang='lat' dir='ltr'><strong>ingrati</strong></span> <span class='ocrx_word' id='word_1_139' title='bbox 1911 2629 1972 2690; x_wconf 90' lang='lat' dir='ltr'><strong>in</strong></span> <span class='ocrx_word' id='word_1_140' title='bbox 2004 2650 2096 2693; x_wconf 88' lang='lat' dir='ltr'><strong>sa-</strong></span> 
     </span>
     <span class='ocr_line' id='line_1_24' title="bbox 534 2724 2097 2809; baseline -0.007 -11"><span class='ocrx_word' id='word_1_141' title='bbox 534 2752 638 2798; x_wconf 90' lang='lat' dir='ltr'><strong>cra</strong></span> <span class='ocrx_word' id='word_1_142' title='bbox 669 2749 884 2795; x_wconf 88' lang='lat' dir='ltr'><strong>eorum</strong></span> <span class='ocrx_word' id='word_1_143' title='bbox 912 2726 1249 2791; x_wconf 85' lang='lat' dir='ltr'><strong>recolenda</strong></span> <span class='ocrx_word' id='word_1_144' title='bbox 1278 2724 1576 2789; x_wconf 88' lang='lat' dir='ltr'><strong>memoria</strong></span> <span class='ocrx_word' id='word_1_145' title='bbox 1594 2770 1613 2797; x_wconf 91' lang='lat'><strong>,</strong></span> <span class='ocrx_word' id='word_1_146' title='bbox 1642 2732 1706 2789; x_wconf 87' lang='lat' dir='ltr'><strong>et</strong></span> <span class='ocrx_word' id='word_1_147' title='bbox 1730 2724 1944 2809; x_wconf 80' lang='lat' dir='ltr'><strong>gratiis</strong></span> <span class='ocrx_word' id='word_1_148' title='bbox 1986 2724 2097 2787; x_wconf 88' lang='lat' dir='ltr'><strong>im-</strong></span> 
     </span>
     <span class='ocr_line' id='line_1_25' title="bbox 536 2822 2096 2906; baseline -0.004 -13"><span class='ocrx_word' id='word_1_149' title='bbox 536 2826 785 2894; x_wconf 82' lang='lat' dir='ltr'><strong>mortali</strong></span> <span class='ocrx_word' id='word_1_150' title='bbox 818 2833 945 2889; x_wconf 88' lang='lat' dir='ltr'><strong>Deo</strong></span> <span class='ocrx_word' id='word_1_151' title='bbox 986 2824 1244 2906; x_wconf 76' lang='lat' dir='ltr'><strong>agendis</strong></span> <span class='ocrx_word' id='word_1_152' title='bbox 1273 2822 1699 2904; x_wconf 80' lang='lat' dir='ltr'><strong>reperiamur,</strong></span> <span class='ocrx_word' id='word_1_153' title='bbox 1746 2823 2096 2904; x_wconf 87' lang='lat' dir='ltr'><strong>meritoque</strong></span> 
     </span>
     <span class='ocr_line' id='line_1_26' title="bbox 532 2912 2099 3005; baseline -0.003 -15"><span class='ocrx_word' id='word_1_154' title='bbox 532 2926 789 2990; x_wconf 88' lang='lat' dir='ltr'><strong>illorum</strong></span> <span class='ocrx_word' id='word_1_155' title='bbox 832 2912 1244 2987; x_wconf 71' lang='lat' dir='ltr'><strong>destituamur</strong></span> <span class='ocrx_word' id='word_1_156' title='bbox 1282 2920 1638 3005; x_wconf 89' lang='lat' dir='ltr'><strong>praesidio,</strong></span> <span class='ocrx_word' id='word_1_157' title='bbox 1682 2940 1949 3003; x_wconf 86' lang='lat' dir='ltr'><strong>quorum</strong></span> <span class='ocrx_word' id='word_1_158' title='bbox 1993 2940 2099 2985; x_wconf 90' lang='lat' dir='ltr'><strong>ne·</strong></span> 
     </span>
     <span class='ocr_line' id='line_1_27' title="bbox 535 3019 1334 3109; baseline -0.003 -27"><span class='ocrx_word' id='word_1_159' title='bbox 535 3021 825 3107; x_wconf 78' lang='lat' dir='ltr'><strong>gligimus</strong></span> <span class='ocrx_word' id='word_1_160' title='bbox 854 3019 1334 3109; x_wconf 79' lang='lat' dir='ltr'><strong>solemnitatem.</strong></span> 
     </span>
    </p>

    <p class='ocr_par' dir='ltr' id='par_1_5' title="bbox 492 3114 2101 5526">
     <span class='ocr_line' id='line_1_28' title="bbox 662 3114 2100 3200; baseline -0.003 -16"><span class='ocrx_word' id='word_1_161' title='bbox 662 3117 964 3184; x_wconf 83' lang='lat' dir='ltr'><strong>volentes</strong></span> <span class='ocrx_word' id='word_1_162' title='bbox 983 3118 1191 3200; x_wconf 87' lang='lat' dir='ltr'><strong>itaque</strong></span> <span class='ocrx_word' id='word_1_163' title='bbox 1220 3115 1691 3199; x_wconf 80' lang='lat' dir='ltr'><strong>cupientesque,</strong></span> <span class='ocrx_word' id='word_1_164' title='bbox 1708 3114 1967 3179; x_wconf 88' lang='lat' dir='ltr'><strong>Romani</strong></span> <span class='ocrx_word' id='word_1_165' title='bbox 1987 3121 2100 3180; x_wconf 81' lang='lat' dir='ltr'><strong>Po-</strong></span> 
     </span>
     <span class='ocr_line' id='line_1_29' title="bbox 536 3210 2098 3299; baseline -0.003 -20"><span class='ocrx_word' id='word_1_166' title='bbox 536 3216 668 3299; x_wconf 89' lang='lat' dir='ltr'><strong>puli</strong></span> <span class='ocrx_word' id='word_1_167' title='bbox 696 3234 842 3299; x_wconf 84' lang='lat' dir='ltr'><strong>erga</strong></span> <span class='ocrx_word' id='word_1_168' title='bbox 873 3220 991 3278; x_wconf 84' lang='lat' dir='ltr'><strong>BB.</strong></span> <span class='ocrx_word' id='word_1_169' title='bbox 1021 3213 1356 3295; x_wconf 79' lang='lat' dir='ltr'><strong>Apostolos</strong></span> <span class='ocrx_word' id='word_1_170' title='bbox 1384 3211 1804 3284; x_wconf 87' lang='lat' dir='ltr'><strong>devotionem,</strong></span> <span class='ocrx_word' id='word_1_171' title='bbox 1836 3210 1914 3276; x_wconf 90' lang='lat' dir='ltr'><strong>de</strong></span> <span class='ocrx_word' id='word_1_172' title='bbox 1945 3231 2098 3294; x_wconf 88' lang='lat' dir='ltr'><strong>quo·</strong></span> 
     </span>
     <span class='ocr_line' id='line_1_30' title="bbox 540 3310 2094 3395; baseline -0.003 -18"><span class='ocrx_word' id='word_1_173' title='bbox 540 3335 673 3377; x_wconf 79' lang='lat' dir='ltr'><strong>mm</strong></span> <span class='ocrx_word' id='word_1_174' title='bbox 712 3310 1031 3395; x_wconf 20' lang='lat' dir='ltr'><strong>*praesidio</strong></span> <span class='ocrx_word' id='word_1_175' title='bbox 1079 3311 1234 3394; x_wconf 79' lang='lat' dir='ltr'><strong>hanc</strong></span> <span class='ocrx_word' id='word_1_176' title='bbox 1277 3310 1504 3375; x_wconf 85' lang='lat' dir='ltr'><strong>Urbem</strong></span> <span class='ocrx_word' id='word_1_177' title='bbox 1550 3316 1819 3372; x_wconf 87' lang='lat' dir='ltr'><strong>nostram</strong></span> <span class='ocrx_word' id='word_1_178' title='bbox 1870 3330 2094 3372; x_wconf 88' lang='lat' dir='ltr'><strong>eorum</strong></span> 
     </span>
     <span class='ocr_line' id='line_1_31' title="bbox 542 3405 2095 3489; baseline -0.002 -13"><span class='ocrx_word' id='word_1_179' title='bbox 542 3414 894 3477; x_wconf 80' lang='lat' dir='ltr'><strong>decoratam</strong></span> <span class='ocrx_word' id='word_1_180' title='bbox 929 3407 1349 3489; x_wconf 78' lang='lat' dir='ltr'><strong>Corporibus,</strong></span> <span class='ocrx_word' id='word_1_181' title='bbox 1393 3407 1772 3471; x_wconf 88' lang='lat' dir='ltr'><strong>caelestibus</strong></span> <span class='ocrx_word' id='word_1_182' title='bbox 1817 3405 2095 3473; x_wconf 88' lang='lat' dir='ltr'><strong>illustra·</strong></span> 
     </span>
     <span class='ocr_line' id='line_1_32' title="bbox 539 3504 2099 3588; baseline -0.001 -17"><span class='ocrx_word' id='word_1_183' title='bbox 539 3516 664 3571; x_wconf 83' lang='lat' dir='ltr'><strong>tant</strong></span> <span class='ocrx_word' id='word_1_184' title='bbox 697 3506 1001 3572; x_wconf 80' lang='lat' dir='ltr'><strong>doctrinis</strong></span> <span class='ocrx_word' id='word_1_185' title='bbox 1024 3549 1043 3578; x_wconf 89' lang='lat'><strong>,</strong></span> <span class='ocrx_word' id='word_1_186' title='bbox 1088 3513 1151 3569; x_wconf 89' lang='lat' dir='ltr'><strong>et</strong></span> <span class='ocrx_word' id='word_1_187' title='bbox 1181 3504 1417 3586; x_wconf 84' lang='lat' dir='ltr'><strong>potenti</strong></span> <span class='ocrx_word' id='word_1_188' title='bbox 1461 3505 1622 3585; x_wconf 81' lang='lat' dir='ltr'><strong>apud</strong></span> <span class='ocrx_word' id='word_1_189' title='bbox 1668 3510 1863 3566; x_wconf 80' lang='lat' dir='ltr'><strong>Deum</strong></span> <span class='ocrx_word' id='word_1_190' title='bbox 1895 3512 2099 3588; x_wconf 86' lang='lat' dir='ltr'><strong>patro-</strong></span> 
     </span>
     <span class='ocr_line' id='line_1_33' title="bbox 537 3600 2101 3687; baseline -0.001 -18"><span class='ocrx_word' id='word_1_191' title='bbox 537 3605 698 3671; x_wconf 88' lang='lat' dir='ltr'><strong>cinio</strong></span> <span class='ocrx_word' id='word_1_192' title='bbox 726 3622 980 3685; x_wconf 86' lang='lat' dir='ltr'><strong>semper</strong></span> <span class='ocrx_word' id='word_1_193' title='bbox 1017 3603 1288 3687; x_wconf 77' lang='lat' dir='ltr'><strong>adjutam</strong></span> <span class='ocrx_word' id='word_1_194' title='bbox 1323 3601 1596 3665; x_wconf 86' lang='lat' dir='ltr'><strong>maxime</strong></span> <span class='ocrx_word' id='word_1_195' title='bbox 1638 3600 1951 3667; x_wconf 82' lang='lat' dir='ltr'><strong>confidere</strong></span> <span class='ocrx_word' id='word_1_196' title='bbox 1995 3605 2101 3668; x_wconf 88' lang='lat' dir='ltr'><strong>de-</strong></span> 
     </span>
     <span class='ocr_line' id='line_1_34' title="bbox 535 3689 2095 3785; baseline -0.001 -17"><span class='ocrx_word' id='word_1_197' title='bbox 535 3710 675 3776; x_wconf 85' lang='lat' dir='ltr'><strong>cct,</strong></span> <span class='ocrx_word' id='word_1_198' title='bbox 720 3707 1013 3785; x_wconf 81' lang='lat' dir='ltr'><strong>quantum</strong></span> <span class='ocrx_word' id='word_1_199' title='bbox 1058 3700 1120 3762; x_wconf 91' lang='lat' dir='ltr'><strong>in</strong></span> <span class='ocrx_word' id='word_1_200' title='bbox 1169 3699 1365 3764; x_wconf 86' lang='lat' dir='ltr'><strong>Nobis</strong></span> <span class='ocrx_word' id='word_1_201' title='bbox 1408 3689 1548 3772; x_wconf 64' lang='lat' dir='ltr'><strong>est‘,</strong></span> <span class='ocrx_word' id='word_1_202' title='bbox 1593 3718 1864 3780; x_wconf 81' lang='lat' dir='ltr'><strong>augere,</strong></span> <span class='ocrx_word' id='word_1_203' title='bbox 1907 3709 2095 3782; x_wconf 80' lang='lat' dir='ltr'><strong>atque</strong></span> 
     </span>
     <span class='ocr_line' id='line_1_35' title="bbox 537 3797 2097 3882; baseline -0.001 -19"><span class='ocrx_word' id='word_1_204' title='bbox 537 3800 917 3882; x_wconf 77' lang='lat' dir='ltr'><strong>amplificare</strong></span> <span class='ocrx_word' id='word_1_205' title='bbox 938 3845 957 3870; x_wconf 90' lang='lat'><strong>,</strong></span> <span class='ocrx_word' id='word_1_206' title='bbox 999 3798 1113 3860; x_wconf 90' lang='lat' dir='ltr'><strong>hac</strong></span> <span class='ocrx_word' id='word_1_207' title='bbox 1142 3806 1355 3882; x_wconf 84' lang='lat' dir='ltr'><strong>nostra</strong></span> <span class='ocrx_word' id='word_1_208' title='bbox 1386 3797 1446 3857; x_wconf 87' lang='lat' dir='ltr'><strong>in</strong></span> <span class='ocrx_word' id='word_1_209' title='bbox 1484 3803 1853 3877; x_wconf 87' lang='lat' dir='ltr'><strong>perpetuum</strong></span> <span class='ocrx_word' id='word_1_210' title='bbox 1882 3799 2097 3862; x_wconf 83' lang='lat' dir='ltr'><strong>vatitu-</strong></span> 
     </span>
     <span class='ocr_line' id='line_1_36' title="bbox 540 3893 2099 3980; baseline -0.003 -20"><span class='ocrx_word' id='word_1_211' title='bbox 540 3907 608 3961; x_wconf 84' lang='lat' dir='ltr'><strong>ra</strong></span> <span class='ocrx_word' id='word_1_212' title='bbox 641 3898 965 3961; x_wconf 80' lang='lat' dir='ltr'><strong>sanctione</strong></span> <span class='ocrx_word' id='word_1_213' title='bbox 996 3894 1324 3960; x_wconf 84' lang='lat' dir='ltr'><strong>statuimus</strong></span> <span class='ocrx_word' id='word_1_214' title='bbox 1355 3913 1426 3957; x_wconf 90' lang='lat' dir='ltr'><strong>ac</strong></span> <span class='ocrx_word' id='word_1_215' title='bbox 1458 3893 1877 3980; x_wconf 85' lang='lat' dir='ltr'><strong>decernimus,</strong></span> <span class='ocrx_word' id='word_1_216' title='bbox 1909 3903 1975 3959; x_wconf 90' lang='lat' dir='ltr'><strong>ut</strong></span> <span class='ocrx_word' id='word_1_217' title='bbox 2004 3916 2099 3960; x_wconf 86' lang='lat' dir='ltr'><strong>re-</strong></span> 
     </span>
     <span class='ocr_line' id='line_1_37' title="bbox 539 3987 2093 4073; baseline -0.001 -16"><span class='ocrx_word' id='word_1_218' title='bbox 539 3999 825 4070; x_wconf 81' lang='lat' dir='ltr'><strong>currente</strong></span> <span class='ocrx_word' id='word_1_219' title='bbox 869 4010 980 4073; x_wconf 89' lang='lat' dir='ltr'><strong>per</strong></span> <span class='ocrx_word' id='word_1_220' title='bbox 1020 3987 1536 4054; x_wconf 84' lang='lat' dir='ltr'><strong>ordinemNatali</strong></span> <span class='ocrx_word' id='word_1_221' title='bbox 1582 3987 1683 4050; x_wconf 89' lang='lat' dir='ltr'><strong>die</strong></span> <span class='ocrx_word' id='word_1_222' title='bbox 1729 3994 2093 4056; x_wconf 86' lang='lat' dir='ltr'><strong>eorumdem</strong></span> 
     </span>
     <span class='ocr_line' id='line_1_38' title="bbox 539 4084 2095 4170; baseline 0.003 -20"><span class='ocrx_word' id='word_1_223' title='bbox 539 4087 976 4170; x_wconf 80' lang='lat' dir='ltr'><strong>Apostolorum</strong></span> <span class='ocrx_word' id='word_1_224' title='bbox 1000 4130 1019 4157; x_wconf 91' lang='lat'><strong>,</strong></span> <span class='ocrx_word' id='word_1_225' title='bbox 1064 4106 1188 4152; x_wconf 87' lang='lat' dir='ltr'><strong>non</strong></span> <span class='ocrx_word' id='word_1_226' title='bbox 1218 4084 1419 4170; x_wconf 80' lang='lat' dir='ltr'><strong>solum</strong></span> <span class='ocrx_word' id='word_1_227' title='bbox 1461 4086 1524 4147; x_wconf 89' lang='lat' dir='ltr'><strong>iu</strong></span> <span class='ocrx_word' id='word_1_228' title='bbox 1554 4085 1817 4151; x_wconf 84' lang='lat' dir='ltr'><strong>Basilica</strong></span> <span class='ocrx_word' id='word_1_229' title='bbox 1864 4089 2095 4154; x_wconf 86' lang='lat' dir='ltr'><strong>Vatica-</strong></span> 
     </span>
     <span class='ocr_line' id='line_1_39' title="bbox 492 4180 2092 4265; baseline 0 -19"><span class='ocrx_word' id='word_1_230' title='bbox 492 4199 499 4204; x_wconf 86' lang='grc'><em>·</em></span> <span class='ocrx_word' id='word_1_231' title='bbox 539 4190 653 4254; x_wconf 79' lang='lat' dir='ltr'><strong>ria,</strong></span> <span class='ocrx_word' id='word_1_232' title='bbox 682 4191 747 4245; x_wconf 91' lang='lat' dir='ltr'><strong>ut</strong></span> <span class='ocrx_word' id='word_1_233' title='bbox 778 4189 941 4247; x_wconf 78' lang='lat' dir='ltr'><strong>nunc</strong></span> <span class='ocrx_word' id='word_1_234' title='bbox 966 4184 1160 4247; x_wconf 90' lang='lat' dir='ltr'><strong>moris</strong></span> <span class='ocrx_word' id='word_1_235' title='bbox 1188 4189 1324 4252; x_wconf 85' lang='lat' dir='ltr'><strong>est,</strong></span> <span class='ocrx_word' id='word_1_236' title='bbox 1355 4180 1420 4243; x_wconf 90' lang='lat' dir='ltr'><strong>in</strong></span> <span class='ocrx_word' id='word_1_237' title='bbox 1446 4181 1781 4265; x_wconf 80' lang='lat' dir='ltr'><strong>pervigilio</strong></span> <span class='ocrx_word' id='word_1_238' title='bbox 1810 4184 2092 4265; x_wconf 83' lang='lat' dir='ltr'><strong>ejusdem</strong></span> 
     </span>
     <span class='ocr_line' id='line_1_40' title="bbox 538 4277 2097 4363; baseline 0.001 -19"><span class='ocrx_word' id='word_1_239' title='bbox 538 4280 699 4345; x_wconf 77' lang='lat' dir='ltr'><strong>Festi</strong></span> <span class='ocrx_word' id='word_1_240' title='bbox 728 4288 1035 4362; x_wconf 76' lang='lat' dir='ltr'><strong>vesperae</strong></span> <span class='ocrx_word' id='word_1_241' title='bbox 1066 4281 1380 4344; x_wconf 85' lang='lat' dir='ltr'><strong>solemnes</strong></span> <span class='ocrx_word' id='word_1_242' title='bbox 1423 4277 1842 4363; x_wconf 79' lang='lat' dir='ltr'><strong>celebrentur,</strong></span> <span class='ocrx_word' id='word_1_243' title='bbox 1871 4282 2097 4363; x_wconf 84' lang='lat' dir='ltr'><strong>quibus</strong></span> 
     </span>
     <span class='ocr_line' id='line_1_41' title="bbox 533 4376 2094 4458; baseline 0.001 -18"><span class='ocrx_word' id='word_1_244' title='bbox 533 4378 842 4458; x_wconf 74' lang='lat' dir='ltr'><strong>interesse</strong></span> <span class='ocrx_word' id='word_1_245' title='bbox 889 4378 1051 4441; x_wconf 86' lang='lat' dir='ltr'><strong>solet</strong></span> <span class='ocrx_word' id='word_1_246' title='bbox 1085 4385 1394 4442; x_wconf 89' lang='lat' dir='ltr'><strong>Romanus</strong></span> <span class='ocrx_word' id='word_1_247' title='bbox 1430 4376 1722 4441; x_wconf 73' lang='lat' dir='ltr'><strong>Pontifex</strong></span> <span class='ocrx_word' id='word_1_248' title='bbox 1762 4398 1900 4440; x_wconf 90' lang='lat' dir='ltr'><strong>cum</strong></span> <span class='ocrx_word' id='word_1_249' title='bbox 1933 4384 1991 4441; x_wconf 89' lang='lat' dir='ltr'><strong>S.</strong></span> <span class='ocrx_word' id='word_1_250' title='bbox 2024 4386 2094 4442; x_wconf 88' lang='lat' dir='ltr'><strong>R.</strong></span> 
     </span>
     <span class='ocr_line' id='line_1_42' title="bbox 535 4471 2096 4555; baseline -0.001 -16"><span class='ocrx_word' id='word_1_251' title='bbox 535 4481 606 4540; x_wconf 71' lang='grc' dir='ltr'><strong>Ε.</strong></span> <span class='ocrx_word' id='word_1_252' title='bbox 634 4471 1065 4539; x_wconf 81' lang='lat' dir='ltr'><strong>cardinalibus</strong></span> <span class='ocrx_word' id='word_1_253' title='bbox 1085 4521 1104 4549; x_wconf 92' lang='lat'><strong>,</strong></span> <span class='ocrx_word' id='word_1_254' title='bbox 1134 4472 1498 4538; x_wconf 84' lang='lat' dir='ltr'><strong>Patriarchis</strong></span> <span class='ocrx_word' id='word_1_255' title='bbox 1524 4514 1545 4546; x_wconf 89' lang='lat'><strong>,</strong></span> <span class='ocrx_word' id='word_1_256' title='bbox 1581 4472 2096 4555; x_wconf 76' lang='lat' dir='ltr'><strong>Archiepiscopi8‚</strong></span> 
     </span>
     <span class='ocr_line' id='line_1_43' title="bbox 536 4569 2095 4654; baseline -0.001 -18"><span class='ocrx_word' id='word_1_257' title='bbox 536 4572 885 4654; x_wconf 81' lang='lat' dir='ltr'><strong>Episcopis,</strong></span> <span class='ocrx_word' id='word_1_258' title='bbox 907 4572 1179 4654; x_wconf 86' lang='lat' dir='ltr'><strong>aliisque</strong></span> <span class='ocrx_word' id='word_1_259' title='bbox 1202 4579 1514 4634; x_wconf 81' lang='lat' dir='ltr'><strong>Romanae</strong></span> <span class='ocrx_word' id='word_1_260' title='bbox 1535 4574 1618 4631; x_wconf 84' lang='lat' dir='ltr'><strong>Gu</strong></span> <span class='ocrx_word' id='word_1_261' title='bbox 1629 4569 1756 4633; x_wconf 89' lang='lat' dir='ltr'><strong>riae</strong></span> <span class='ocrx_word' id='word_1_262' title='bbox 1777 4571 2095 4644; x_wconf 85' lang='lat' dir='ltr'><strong>Praelatis,</strong></span> 
     </span>
     <span class='ocr_line' id='line_1_44' title="bbox 537 4665 2098 4751; baseline 0.001 -21"><span class='ocrx_word' id='word_1_263' title='bbox 537 4669 639 4751; x_wconf 88' lang='lat' dir='ltr'><strong>qui</strong></span> <span class='ocrx_word' id='word_1_264' title='bbox 676 4669 879 4734; x_wconf 89' lang='lat' dir='ltr'><strong>locum</strong></span> <span class='ocrx_word' id='word_1_265' title='bbox 910 4670 972 4730; x_wconf 90' lang='lat' dir='ltr'><strong>in</strong></span> <span class='ocrx_word' id='word_1_266' title='bbox 999 4667 1291 4750; x_wconf 78' lang='lat' dir='ltr'><strong>cappella</strong></span> <span class='ocrx_word' id='word_1_267' title='bbox 1332 4665 1651 4730; x_wconf 82' lang='lat' dir='ltr'><strong>Pontificia</strong></span> <span class='ocrx_word' id='word_1_268' title='bbox 1683 4667 1989 4741; x_wconf 83' lang='lat' dir='ltr'><strong>obtinent,</strong></span> <span class='ocrx_word' id='word_1_269' title='bbox 2029 4678 2098 4732; x_wconf 86' lang='lat' dir='ltr'><strong>et</strong></span> 
     </span>
     <span class='ocr_line' id='line_1_45' title="bbox 528 4761 2094 4830; baseline 0.001 -3"><span class='ocrx_word' id='word_1_270' title='bbox 528 4761 721 4830; x_wconf 81' lang='lat' dir='ltr'><strong>man&#39;e</strong></span> <span class='ocrx_word' id='word_1_271' title='bbox 748 4767 810 4827; x_wconf 91' lang='lat' dir='ltr'><strong>in</strong></span> <span class='ocrx_word' id='word_1_272' title='bbox 842 4766 1061 4830; x_wconf 89' lang='lat' dir='ltr'><strong>eadem</strong></span> <span class='ocrx_word' id='word_1_273' title='bbox 1108 4761 1365 4827; x_wconf 75' lang='lat' dir='ltr'><strong>Basilica</strong></span> <span class='ocrx_word' id='word_1_274' title='bbox 1394 4762 1677 4827; x_wconf 88' lang='lat' dir='ltr'><strong>solemne</strong></span> <span class='ocrx_word' id='word_1_275' title='bbox 1721 4770 1971 4826; x_wconf 88' lang='lat' dir='ltr'><strong>Sacrum</strong></span> <span class='ocrx_word' id='word_1_276' title='bbox 2016 4767 2094 4829; x_wconf 90' lang='lat' dir='ltr'><strong>ab</strong></span> 
     </span>
     <span class='ocr_line' id='line_1_46' title="bbox 535 4860 2098 4944; baseline 0.001 -21"><span class='ocrx_word' id='word_1_277' title='bbox 535 4862 673 4944; x_wconf 87' lang='lat' dir='ltr'><strong>ipso</strong></span> <span class='ocrx_word' id='word_1_278' title='bbox 717 4867 993 4926; x_wconf 82' lang='lat' dir='ltr'><strong>Romano</strong></span> <span class='ocrx_word' id='word_1_279' title='bbox 1021 4860 1320 4925; x_wconf 88' lang='lat' dir='ltr'><strong>Pontifice</strong></span> <span class='ocrx_word' id='word_1_280' title='bbox 1365 4868 1732 4944; x_wconf 84' lang='lat' dir='ltr'><strong>peragatur,</strong></span> <span class='ocrx_word' id='word_1_281' title='bbox 1774 4870 1840 4925; x_wconf 92' lang='lat' dir='ltr'><strong>et</strong></span> <span class='ocrx_word' id='word_1_282' title='bbox 1867 4881 2098 4926; x_wconf 80' lang='lat' dir='ltr'><strong>secun-</strong></span> 
     </span>
     <span class='ocr_line' id='line_1_47' title="bbox 536 4948 2093 5041; baseline 0.001 -21"><span class='ocrx_word' id='word_1_283' title='bbox 536 4958 651 5024; x_wconf 89' lang='lat' dir='ltr'><strong>dae</strong></span> <span class='ocrx_word' id='word_1_284' title='bbox 691 4966 1002 5041; x_wconf 79' lang='lat' dir='ltr'><strong>vesperae</strong></span> <span class='ocrx_word' id='word_1_285' title='bbox 1046 4948 1332 5041; x_wconf 79' lang='lat' dir='ltr'><strong>ejusdem</strong></span> <span class='ocrx_word' id='word_1_286' title='bbox 1375 4956 1774 5019; x_wconf 84' lang='lat' dir='ltr'><strong>Venerabilis</strong></span> <span class='ocrx_word' id='word_1_287' title='bbox 1816 4957 1941 5020; x_wconf 91' lang='lat' dir='ltr'><strong>diei</strong></span> <span class='ocrx_word' id='word_1_288' title='bbox 1985 4964 2093 5022; x_wconf 88' lang='lat' dir='ltr'><strong>Ec-</strong></span> 
     </span>
     <span class='ocr_line' id='line_1_48' title="bbox 534 5053 2094 5136; baseline -0.001 -15"><span class='ocrx_word' id='word_1_289' title='bbox 534 5056 886 5121; x_wconf 88' lang='lat' dir='ltr'><strong>clesiastico</strong></span> <span class='ocrx_word' id='word_1_290' title='bbox 915 5060 1104 5119; x_wconf 87' lang='lat' dir='ltr'><strong>Cantu</strong></span> <span class='ocrx_word' id='word_1_291' title='bbox 1130 5099 1151 5127; x_wconf 96' lang='lat'><strong>,</strong></span> <span class='ocrx_word' id='word_1_292' title='bbox 1183 5055 1424 5119; x_wconf 81' lang='lat' dir='ltr'><strong>ac·Ritu</strong></span> <span class='ocrx_word' id='word_1_293' title='bbox 1454 5076 1489 5117; x_wconf 91' lang='lat' dir='ltr'><strong>a</strong></span> <span class='ocrx_word' id='word_1_294' title='bbox 1519 5053 1802 5136; x_wconf 83' lang='lat' dir='ltr'><strong>Capitale</strong></span> <span class='ocrx_word' id='word_1_295' title='bbox 1823 5062 1884 5118; x_wconf 91' lang='lat' dir='ltr'><strong>et</strong></span> <span class='ocrx_word' id='word_1_296' title='bbox 1912 5053 2094 5119; x_wconf 82' lang='lat' dir='ltr'><strong>clero</strong></span> 
     </span>
     <span class='ocr_line' id='line_1_49' title="bbox 535 5150 2093 5236; baseline 0.001 -20"><span class='ocrx_word' id='word_1_297' title='bbox 535 5161 862 5236; x_wconf 89' lang='lat' dir='ltr'><strong>praesente</strong></span> <span class='ocrx_word' id='word_1_298' title='bbox 905 5153 1094 5216; x_wconf 88' lang='lat' dir='ltr'><strong>etiam</strong></span> <span class='ocrx_word' id='word_1_299' title='bbox 1128 5158 1189 5216; x_wconf 89' lang='lat' dir='ltr'><strong>S.</strong></span> <span class='ocrx_word' id='word_1_300' title='bbox 1220 5160 1290 5215; x_wconf 87' lang='lat' dir='ltr'><strong>R.</strong></span> <span class='ocrx_word' id='word_1_301' title='bbox 1323 5159 1392 5215; x_wconf 88' lang='lat' dir='ltr'><strong>E.</strong></span> <span class='ocrx_word' id='word_1_302' title='bbox 1420 5150 1731 5215; x_wconf 76' lang='lat' dir='ltr'><strong>cardinali</strong></span> <span class='ocrx_word' id='word_1_303' title='bbox 1779 5151 2093 5233; x_wconf 77' lang='lat' dir='ltr'><strong>praefatae</strong></span> 
     </span>
     <span class='ocr_line' id='line_1_50' title="bbox 533 5249 2098 5335; baseline -0.002 -21"><span class='ocrx_word' id='word_1_304' title='bbox 533 5249 840 5317; x_wconf 85' lang='lat' dir='ltr'><strong>Basilicae</strong></span> <span class='ocrx_word' id='word_1_305' title='bbox 866 5249 1423 5335; x_wconf 68' lang='lat' dir='ltr'><strong>archipresbytero</strong></span> <span class='ocrx_word' id='word_1_306' title='bbox 1453 5249 1717 5331; x_wconf 83' lang='lat' dir='ltr'><strong>aliisque</strong></span> <span class='ocrx_word' id='word_1_307' title='bbox 1761 5249 2098 5312; x_wconf 83' lang='lat' dir='ltr'><strong>Cardinali-</strong></span> 
     </span>
     <span class='ocr_line' id='line_1_51' title="bbox 535 5343 2093 5428; baseline -0.002 -18"><span class='ocrx_word' id='word_1_308' title='bbox 535 5347 653 5410; x_wconf 89' lang='lat' dir='ltr'><strong>bus</strong></span> <span class='ocrx_word' id='word_1_309' title='bbox 696 5345 775 5410; x_wconf 85' lang='lat' dir='ltr'><strong>ad</strong></span> <span class='ocrx_word' id='word_1_310' title='bbox 820 5346 1107 5411; x_wconf 90' lang='lat' dir='ltr'><strong>eamdem</strong></span> <span class='ocrx_word' id='word_1_311' title='bbox 1160 5352 1576 5428; x_wconf 84' lang='lat' dir='ltr'><strong>vesperarum</strong></span> <span class='ocrx_word' id='word_1_312' title='bbox 1628 5343 2093 5409; x_wconf 85' lang='lat' dir='ltr'><strong>solemnitatem</strong></span> 
     </span>
     <span class='ocr_line' id='line_1_52' title="bbox 538 5441 2098 5526; baseline -0.004 -16"><span class='ocrx_word' id='word_1_313' title='bbox 538 5443 887 5512; x_wconf 80' lang='lat' dir='ltr'><strong>devotionis</strong></span> <span class='ocrx_word' id='word_1_314' title='bbox 917 5462 1103 5508; x_wconf 84' lang='lat' dir='ltr'><strong>causa</strong></span> <span class='ocrx_word' id='word_1_315' title='bbox 1135 5443 1612 5516; x_wconf 88' lang='lat' dir='ltr'><strong>accedentibus,</strong></span> <span class='ocrx_word' id='word_1_316' title='bbox 1644 5441 2098 5526; x_wconf 70' lang='lat' dir='ltr'><strong>pet-solvantur,</strong></span> 
     </span>
    </p>
   </div>
   <div class='ocr_carea' id='block_1_5' title="bbox 2200 783 3808 5509">
    <p class='ocr_par' dir='ltr' id='par_1_6' title="bbox 2200 783 3772 1843">
     <span class='ocr_line' id='line_1_53' title="bbox 2202 783 3760 867; baseline 0.001 -23"><span class='ocrx_word' id='word_1_317' title='bbox 2202 783 2321 847; x_wconf 90' lang='lat' dir='ltr'><strong>bus</strong></span> <span class='ocrx_word' id='word_1_318' title='bbox 2361 783 2424 846; x_wconf 91' lang='lat' dir='ltr'><strong>in</strong></span> <span class='ocrx_word' id='word_1_319' title='bbox 2468 783 2733 848; x_wconf 86' lang='lat' dir='ltr'><strong>diversis</strong></span> <span class='ocrx_word' id='word_1_320' title='bbox 2777 787 3073 851; x_wconf 71' lang='lat' dir='ltr'><strong>Ecclesiis</strong></span> <span class='ocrx_word' id='word_1_321' title='bbox 3117 808 3152 852; x_wconf 90' lang='lat' dir='ltr'><strong>a</strong></span> <span class='ocrx_word' id='word_1_322' title='bbox 3181 786 3422 860; x_wconf 81' lang='lat' dir='ltr'><strong>Nobis,</strong></span> <span class='ocrx_word' id='word_1_323' title='bbox 3465 794 3760 867; x_wconf 82' lang='lat' dir='ltr'><strong>tanquam</strong></span> 
     </span>
     <span class='ocr_line' id='line_1_54' title="bbox 2200 879 3772 965; baseline 0 -22"><span class='ocrx_word' id='word_1_324' title='bbox 2200 879 2409 960; x_wconf 84' lang='lat' dir='ltr'><strong>aliqua</strong></span> <span class='ocrx_word' id='word_1_325' title='bbox 2438 882 2876 962; x_wconf 81' lang='lat' dir='ltr'><strong>Apostolorum</strong></span> <span class='ocrx_word' id='word_1_326' title='bbox 2910 883 3213 948; x_wconf 87' lang='lat' dir='ltr'><strong>memoria</strong></span> <span class='ocrx_word' id='word_1_327' title='bbox 3245 893 3354 947; x_wconf 91' lang='lat' dir='ltr'><strong>aut</strong></span> <span class='ocrx_word' id='word_1_328' title='bbox 3385 881 3772 965; x_wconf 65' lang='lat' dir='ltr'><strong>praerogati-⁸</strong></span> 
     </span>
     <span class='ocr_line' id='line_1_55' title="bbox 2201 976 3765 1058; baseline 0.002 -19"><span class='ocrx_word' id='word_1_329' title='bbox 2201 976 2655 1058; x_wconf 81' lang='lat' dir='ltr'><strong>vainsignitis,</strong></span> <span class='ocrx_word' id='word_1_330' title='bbox 2699 979 2919 1044; x_wconf 86' lang='lat' dir='ltr'><strong>electis</strong></span> <span class='ocrx_word' id='word_1_331' title='bbox 2964 990 3028 1046; x_wconf 93' lang='lat' dir='ltr'><strong>et</strong></span> <span class='ocrx_word' id='word_1_332' title='bbox 3067 980 3331 1044; x_wconf 74' lang='lat' dir='ltr'><strong>inferius</strong></span> <span class='ocrx_word' id='word_1_333' title='bbox 3374 978 3765 1043; x_wconf 84' lang='lat' dir='ltr'><strong>nominandis</strong></span> 
     </span>
     <span class='ocr_line' id='line_1_56' title="bbox 2200 1074 3765 1157; baseline -0.001 -20"><span class='ocrx_word' id='word_1_334' title='bbox 2200 1074 2387 1137; x_wconf 66' lang='lat' dir='ltr'><strong>Missa</strong></span> <span class='ocrx_word' id='word_1_335' title='bbox 2432 1075 2491 1136; x_wconf 93' lang='lat' dir='ltr'><strong>in</strong></span> <span class='ocrx_word' id='word_1_336' title='bbox 2535 1076 3041 1152; x_wconf 67' lang='lat' dir='ltr'><strong>pontificatibus,</strong></span> <span class='ocrx_word' id='word_1_337' title='bbox 3082 1078 3444 1142; x_wconf 83' lang='lat' dir='ltr'><strong>concinente</strong></span> <span class='ocrx_word' id='word_1_338' title='bbox 3489 1094 3558 1141; x_wconf 84' lang='lat' dir='ltr'><strong>sc</strong></span> <span class='ocrx_word' id='word_1_339' title='bbox 3601 1074 3765 1157; x_wconf 88' lang='lat' dir='ltr'><strong>psal·</strong></span> 
     </span>
     <span class='ocr_line' id='line_1_57' title="bbox 2200 1166 3760 1254; baseline 0 -22"><span class='ocrx_word' id='word_1_340' title='bbox 2200 1171 2377 1234; x_wconf 88' lang='lat' dir='ltr'><strong>lente</strong></span> <span class='ocrx_word' id='word_1_341' title='bbox 2420 1171 2634 1238; x_wconf 87' lang='lat' dir='ltr'><strong>schola</strong></span> <span class='ocrx_word' id='word_1_342' title='bbox 2676 1180 3046 1248; x_wconf 73' lang='lat' dir='ltr'><strong>cantorum,</strong></span> <span class='ocrx_word' id='word_1_343' title='bbox 3089 1166 3476 1254; x_wconf 85' lang='lat' dir='ltr'><strong>aliorumque</strong></span> <span class='ocrx_word' id='word_1_344' title='bbox 3518 1171 3760 1237; x_wconf 75' lang='lat' dir='ltr'><strong>Pontifi-</strong></span> 
     </span>
     <span class='ocr_line' id='line_1_58' title="bbox 2201 1267 3765 1352; baseline -0.001 -20"><span class='ocrx_word' id='word_1_345' title='bbox 2201 1267 2336 1333; x_wconf 85' lang='lat' dir='ltr'><strong>ciae</strong></span> <span class='ocrx_word' id='word_1_346' title='bbox 2368 1277 2615 1333; x_wconf 89' lang='lat' dir='ltr'><strong>nostrae</strong></span> <span class='ocrx_word' id='word_1_347' title='bbox 2658 1268 2990 1352; x_wconf 81' lang='lat' dir='ltr'><strong>cappellae</strong></span> <span class='ocrx_word' id='word_1_348' title='bbox 3028 1270 3335 1336; x_wconf 74' lang='lat' dir='ltr'><strong>Ministris</strong></span> <span class='ocrx_word' id='word_1_349' title='bbox 3376 1269 3765 1333; x_wconf 78' lang='lat' dir='ltr'><strong>inservienti-</strong></span> 
     </span>
     <span class='ocr_line' id='line_1_59' title="bbox 2203 1365 3763 1446; baseline 0.001 -18"><span class='ocrx_word' id='word_1_350' title='bbox 2203 1366 2322 1430; x_wconf 86' lang='lat' dir='ltr'><strong>bus</strong></span> <span class='ocrx_word' id='word_1_351' title='bbox 2342 1412 2363 1441; x_wconf 88' lang='lat'><strong>,</strong></span> <span class='ocrx_word' id='word_1_352' title='bbox 2393 1365 2612 1431; x_wconf 90' lang='lat' dir='ltr'><strong>ordine</strong></span> <span class='ocrx_word' id='word_1_353' title='bbox 2641 1386 2712 1429; x_wconf 86' lang='lat' dir='ltr'><strong>ac</strong></span> <span class='ocrx_word' id='word_1_354' title='bbox 2759 1368 2946 1432; x_wconf 91' lang='lat' dir='ltr'><strong>modo</strong></span> <span class='ocrx_word' id='word_1_355' title='bbox 2977 1366 3407 1432; x_wconf 73' lang='lat' dir='ltr'><strong>intm&#39;dicendo</strong></span> <span class='ocrx_word' id='word_1_356' title='bbox 3438 1366 3558 1429; x_wconf 79' lang='lat' dir='ltr'><strong>rite</strong></span> <span class='ocrx_word' id='word_1_357' title='bbox 3590 1387 3763 1446; x_wconf 88' lang='lat' dir='ltr'><strong>pera·</strong></span> 
     </span>
     <span class='ocr_line' id='line_1_60' title="bbox 2203 1462 3768 1546; baseline 0.001 -24"><span class='ocrx_word' id='word_1_358' title='bbox 2203 1470 2385 1546; x_wconf 85' lang='lat' dir='ltr'><strong>gatur</strong></span> <span class='ocrx_word' id='word_1_359' title='bbox 2407 1505 2426 1535; x_wconf 93' lang='lat'>‚</span> <span class='ocrx_word' id='word_1_360' title='bbox 2459 1462 2893 1546; x_wconf 84' lang='lat' dir='ltr'><strong>recolaturque</strong></span> <span class='ocrx_word' id='word_1_361' title='bbox 2922 1464 3225 1527; x_wconf 88' lang='lat' dir='ltr'><strong>memoria</strong></span> <span class='ocrx_word' id='word_1_362' title='bbox 3259 1462 3768 1526; x_wconf 75' lang='lat' dir='ltr'><strong>illustris&#39;trium·</strong></span> 
     </span>
     <span class='ocr_line' id='line_1_61' title="bbox 2203 1559 3761 1647; baseline 0.002 -28"><span class='ocrx_word' id='word_1_363' title='bbox 2203 1559 2306 1641; x_wconf 84' lang='lat' dir='ltr'><strong>phi</strong></span> <span class='ocrx_word' id='word_1_364' title='bbox 2326 1579 2539 1623; x_wconf 84' lang='lat' dir='ltr'><strong>eorum</strong></span> <span class='ocrx_word' id='word_1_365' title='bbox 2562 1562 2872 1647; x_wconf 75' lang='lat' dir='ltr'><strong>martyrii,</strong></span> <span class='ocrx_word' id='word_1_366' title='bbox 2892 1562 3057 1644; x_wconf 92' lang='lat' dir='ltr'><strong>quod</strong></span> <span class='ocrx_word' id='word_1_367' title='bbox 3077 1570 3212 1625; x_wconf 88' lang='lat' dir='ltr'><strong>toto</strong></span> <span class='ocrx_word' id='word_1_368' title='bbox 3230 1570 3562 1625; x_wconf 83' lang='lat' dir='ltr'><strong>Terrarum</strong></span> <span class='ocrx_word' id='word_1_369' title='bbox 3587 1561 3761 1633; x_wconf 89' lang='lat' dir='ltr'><strong>Orbi,</strong></span> 
     </span>
     <span class='ocr_line' id='line_1_62' title="bbox 2203 1657 3765 1739; baseline 0.001 -19"><span class='ocrx_word' id='word_1_370' title='bbox 2203 1657 2318 1720; x_wconf 85' lang='lat' dir='ltr'><strong>sed</strong></span> <span class='ocrx_word' id='word_1_371' title='bbox 2362 1657 2693 1739; x_wconf 81' lang='lat' dir='ltr'><strong>praecipue</strong></span> <span class='ocrx_word' id='word_1_372' title='bbox 2736 1668 3049 1725; x_wconf 81' lang='lat' dir='ltr'><strong>Romanae</strong></span> <span class='ocrx_word' id='word_1_373' title='bbox 3092 1659 3239 1724; x_wconf 86' lang='lat' dir='ltr'><strong>Urbi</strong></span> <span class='ocrx_word' id='word_1_374' title='bbox 3270 1658 3461 1724; x_wconf 88' lang='lat' dir='ltr'><strong>decus</strong></span> <span class='ocrx_word' id='word_1_375' title='bbox 3501 1659 3765 1725; x_wconf 88' lang='lat' dir='ltr'><strong>contulit</strong></span> 
     </span>
     <span class='ocr_line' id='line_1_63' title="bbox 2204 1750 3634 1843; baseline 0 -26"><span class='ocrx_word' id='word_1_376' title='bbox 2204 1761 2268 1817; x_wconf 91' lang='lat' dir='ltr'><strong>et</strong></span> <span class='ocrx_word' id='word_1_377' title='bbox 2301 1750 2687 1836; x_wconf 83' lang='lat' dir='ltr'><strong>dignitatem.</strong></span> <span class='ocrx_word' id='word_1_378' title='bbox 2807 1786 2812 1797; x_wconf 90' lang='lat'><strong>·</strong></span> <span class='ocrx_word' id='word_1_379' title='bbox 3630 1838 3634 1843; x_wconf 83' lang='lat'><strong>.</strong></span> 
     </span>
    </p>

    <p class='ocr_par' dir='ltr' id='par_1_7' title="bbox 2202 1852 3774 3760">
     <span class='ocr_line' id='line_1_64' title="bbox 2332 1852 3762 1934; baseline -0.001 -19"><span class='ocrx_word' id='word_1_380' title='bbox 2332 1853 2610 1916; x_wconf 88' lang='lat' dir='ltr'><strong>Secunda</strong></span> <span class='ocrx_word' id='word_1_381' title='bbox 2635 1852 2825 1934; x_wconf 74' lang='lat' dir='ltr'><strong>igitur</strong></span> <span class='ocrx_word' id='word_1_382' title='bbox 2843 1852 3000 1915; x_wconf 87' lang='lat' dir='ltr'><strong>intra</strong></span> <span class='ocrx_word' id='word_1_383' title='bbox 3021 1859 3300 1918; x_wconf 81' lang='lat' dir='ltr'><strong>octavam</strong></span> <span class='ocrx_word' id='word_1_384' title='bbox 3325 1853 3424 1917; x_wconf 90' lang='lat' dir='ltr'><strong>die</strong></span> <span class='ocrx_word' id='word_1_385' title='bbox 3441 1852 3762 1918; x_wconf 74' lang='lat' dir='ltr'><strong>Missarum</strong></span> 
     </span>
     <span class='ocr_line' id='line_1_65' title="bbox 2204 1947 3763 2032; baseline 0.002 -20"><span class='ocrx_word' id='word_1_386' title='bbox 2204 1947 2506 2013; x_wconf 83' lang='lat' dir='ltr'><strong>solemnia</strong></span> <span class='ocrx_word' id='word_1_387' title='bbox 2540 1951 2601 2010; x_wconf 91' lang='lat' dir='ltr'><strong>in</strong></span> <span class='ocrx_word' id='word_1_388' title='bbox 2632 1950 3111 2014; x_wconf 72' lang='lat' dir='ltr'><strong>pontificatibus·</strong></span> <span class='ocrx_word' id='word_1_389' title='bbox 3129 1950 3562 2023; x_wconf 87' lang='lat' dir='ltr'><strong>celebrentur,</strong></span> <span class='ocrx_word' id='word_1_390' title='bbox 3591 1970 3763 2032; x_wconf 78' lang='lat' dir='ltr'><strong>prae-</strong></span> 
     </span>
     <span class='ocr_line' id='line_1_66' title="bbox 2203 2042 3765 2132; baseline 0.001 -22"><span class='ocrx_word' id='word_1_391' title='bbox 2203 2042 2490 2110; x_wconf 67' lang='lat' dir='ltr'><strong>sentibus</strong></span> <span class='ocrx_word' id='word_1_392' title='bbox 2535 2054 2684 2109; x_wconf 83' lang='lat' dir='ltr'><strong>ven.</strong></span> <span class='ocrx_word' id='word_1_393' title='bbox 2717 2047 3035 2110; x_wconf 77' lang='lat' dir='ltr'><strong>Fratribus</strong></span> <span class='ocrx_word' id='word_1_394' title='bbox 3081 2048 3398 2132; x_wconf 84' lang='lat' dir='ltr'><strong>Episcopis</strong></span> <span class='ocrx_word' id='word_1_395' title='bbox 3441 2049 3765 2113; x_wconf 81' lang='lat' dir='ltr'><strong>Pontificio</strong></span> 
     </span>
     <span class='ocr_line' id='line_1_67' title="bbox 2206 2144 3764 2228; baseline -0.001 -19"><span class='ocrx_word' id='word_1_396' title='bbox 2206 2144 2963 2216; x_wconf 67' lang='lat' dir='ltr'><strong>ThronoAssistentibus,</strong></span> <span class='ocrx_word' id='word_1_397' title='bbox 2996 2145 3057 2206; x_wconf 89' lang='lat' dir='ltr'><strong>in</strong></span> <span class='ocrx_word' id='word_1_398' title='bbox 3090 2146 3352 2210; x_wconf 86' lang='lat' dir='ltr'><strong>Basilica</strong></span> <span class='ocrx_word' id='word_1_399' title='bbox 3381 2151 3452 2209; x_wconf 87' lang='grc' dir='ltr'><strong>Β.</strong></span> <span class='ocrx_word' id='word_1_400' title='bbox 3484 2146 3764 2228; x_wconf 76' lang='lat' dir='ltr'><strong>Apostoli</strong></span> 
     </span>
     <span class='ocr_line' id='line_1_68' title="bbox 2207 2232 3763 2325; baseline 0.001 -20"><span class='ocrx_word' id='word_1_401' title='bbox 2207 2241 2377 2305; x_wconf 79' lang='lat' dir='ltr'><strong>Pauli</strong></span> <span class='ocrx_word' id='word_1_402' title='bbox 2411 2232 2523 2305; x_wconf 86' lang='lat' dir='ltr'><strong>Via</strong></span> <span class='ocrx_word' id='word_1_403' title='bbox 2555 2242 2852 2315; x_wconf 86' lang='lat' dir='ltr'><strong>Ostiensi,</strong></span> <span class='ocrx_word' id='word_1_404' title='bbox 2883 2243 2943 2303; x_wconf 91' lang='lat' dir='ltr'><strong>in</strong></span> <span class='ocrx_word' id='word_1_405' title='bbox 2966 2264 3086 2325; x_wconf 88' lang='lat' dir='ltr'><strong>qua</strong></span> <span class='ocrx_word' id='word_1_406' title='bbox 3122 2243 3390 2307; x_wconf 85' lang='lat' dir='ltr'><strong>celebris</strong></span> <span class='ocrx_word' id='word_1_407' title='bbox 3419 2252 3519 2306; x_wconf 85' lang='lat' dir='ltr'><strong>est</strong></span> <span class='ocrx_word' id='word_1_408' title='bbox 3535 2232 3763 2307; x_wconf 69' lang='lat' dir='ltr'><strong>utrius&#39;-</strong></span> 
     </span>
     <span class='ocr_line' id='line_1_69' title="bbox 2202 2339 3768 2422; baseline 0.001 -21"><span class='ocrx_word' id='word_1_409' title='bbox 2202 2359 2327 2420; x_wconf 85' lang='lat' dir='ltr'><strong>que</strong></span> <span class='ocrx_word' id='word_1_410' title='bbox 2369 2339 2648 2419; x_wconf 78' lang='lat' dir='ltr'><strong>Apostoli</strong></span> <span class='ocrx_word' id='word_1_411' title='bbox 2694 2339 3033 2410; x_wconf 88' lang='lat' dir='ltr'><strong>memoria,</strong></span> <span class='ocrx_word' id='word_1_412' title='bbox 3080 2360 3417 2422; x_wconf 86' lang='lat' dir='ltr'><strong>sacraeque</strong></span> <span class='ocrx_word' id='word_1_413' title='bbox 3451 2340 3768 2422; x_wconf 73' lang='lat' dir='ltr'><strong>Reliquiae</strong></span> 
     </span>
     <span class='ocr_line' id='line_1_70' title="bbox 2205 2436 3763 2506; baseline -0.001 -7"><span class='ocrx_word' id='word_1_414' title='bbox 2205 2447 2549 2506; x_wconf 82' lang='lat' dir='ltr'><strong>servantur,</strong></span> <span class='ocrx_word' id='word_1_415' title='bbox 2581 2445 2644 2499; x_wconf 92' lang='lat' dir='ltr'><strong>et</strong></span> <span class='ocrx_word' id='word_1_416' title='bbox 2671 2437 2871 2501; x_wconf 85' lang='lat' dir='ltr'><strong>veteri</strong></span> <span class='ocrx_word' id='word_1_417' title='bbox 2901 2437 3186 2500; x_wconf 88' lang='lat' dir='ltr'><strong>instituto</strong></span> <span class='ocrx_word' id='word_1_418' title='bbox 3218 2436 3519 2501; x_wconf 86' lang='lat' dir='ltr'><strong>solemnis</strong></span> <span class='ocrx_word' id='word_1_419' title='bbox 3542 2438 3763 2500; x_wconf 90' lang='lat' dir='ltr'><strong>eadem</strong></span> 
     </span>
     <span class='ocr_line' id='line_1_71' title="bbox 2205 2533 3765 2617; baseline 0.001 -22"><span class='ocrx_word' id='word_1_420' title='bbox 2205 2533 2310 2596; x_wconf 90' lang='lat' dir='ltr'><strong>die</strong></span> <span class='ocrx_word' id='word_1_421' title='bbox 2336 2539 2403 2597; x_wconf 84' lang='lat' dir='ltr'><strong>B.</strong></span> <span class='ocrx_word' id='word_1_422' title='bbox 2449 2533 2729 2617; x_wconf 81' lang='lat' dir='ltr'><strong>Apostoli</strong></span> <span class='ocrx_word' id='word_1_423' title='bbox 2772 2533 2946 2599; x_wconf 86' lang='lat' dir='ltr'><strong>Pauli</strong></span> <span class='ocrx_word' id='word_1_424' title='bbox 2989 2535 3503 2599; x_wconf 89' lang='lat' dir='ltr'><strong>commemoratio</strong></span> <span class='ocrx_word' id='word_1_425' title='bbox 3544 2535 3765 2599; x_wconf 87' lang='lat' dir='ltr'><strong>recoli·</strong></span> 
     </span>
     <span class='ocr_line' id='line_1_72' title="bbox 2204 2631 3770 2713; baseline 0.003 -20"><span class='ocrx_word' id='word_1_426' title='bbox 2204 2636 2310 2693; x_wconf 86' lang='lat' dir='ltr'><strong>tur</strong></span> <span class='ocrx_word' id='word_1_427' title='bbox 2337 2675 2356 2703; x_wconf 92' lang='lat'><strong>,</strong></span> <span class='ocrx_word' id='word_1_428' title='bbox 2389 2631 2492 2713; x_wconf 91' lang='lat' dir='ltr'><strong>qui</strong></span> <span class='ocrx_word' id='word_1_429' title='bbox 2514 2675 2535 2703; x_wconf 89' lang='lat'><strong>,</strong></span> <span class='ocrx_word' id='word_1_430' title='bbox 2569 2632 2621 2695; x_wconf 87' lang='lat' dir='ltr'><strong>si</strong></span> <span class='ocrx_word' id='word_1_431' title='bbox 2650 2632 2850 2697; x_wconf 90' lang='lat' dir='ltr'><strong>adhuc</strong></span> <span class='ocrx_word' id='word_1_432' title='bbox 2876 2632 3091 2697; x_wconf 82' lang='lat' dir='ltr'><strong>vivens</strong></span> <span class='ocrx_word' id='word_1_433' title='bbox 3119 2633 3178 2693; x_wconf 90' lang='lat' dir='ltr'><strong>in</strong></span> <span class='ocrx_word' id='word_1_434' title='bbox 3208 2633 3439 2703; x_wconf 83' lang='lat' dir='ltr'><strong>Terris,</strong></span> <span class='ocrx_word' id='word_1_435' title='bbox 3471 2632 3630 2697; x_wconf 87' lang='lat' dir='ltr'><strong>adeo</strong></span> <span class='ocrx_word' id='word_1_436' title='bbox 3655 2641 3770 2697; x_wconf 83' lang='lat' dir='ltr'><strong>Ro-</strong></span> 
     </span>
     <span class='ocr_line' id='line_1_73' title="bbox 2207 2728 3770 2812; baseline 0.001 -21"><span class='ocrx_word' id='word_1_437' title='bbox 2207 2747 2427 2794; x_wconf 87' lang='lat' dir='ltr'><strong>manos</strong></span> <span class='ocrx_word' id='word_1_438' title='bbox 2467 2728 2813 2812; x_wconf 82' lang='lat' dir='ltr'><strong>diligebat,</strong></span> <span class='ocrx_word' id='word_1_439' title='bbox 2861 2734 2928 2791; x_wconf 90' lang='lat' dir='ltr'><strong>ut</strong></span> <span class='ocrx_word' id='word_1_440' title='bbox 2962 2730 3094 2793; x_wconf 87' lang='lat' dir='ltr'><strong>sine</strong></span> <span class='ocrx_word' id='word_1_441' title='bbox 3137 2729 3596 2793; x_wconf 88' lang='lat' dir='ltr'><strong>intermissione</strong></span> <span class='ocrx_word' id='word_1_442' title='bbox 3639 2750 3770 2793; x_wconf 90' lang='lat' dir='ltr'><strong>me·</strong></span> 
     </span>
     <span class='ocr_line' id='line_1_74' title="bbox 2206 2824 3767 2903; baseline 0.001 -16"><span class='ocrx_word' id='word_1_443' title='bbox 2206 2826 2468 2891; x_wconf 83' lang='lat' dir='ltr'><strong>moriam</strong></span> <span class='ocrx_word' id='word_1_444' title='bbox 2520 2846 2739 2889; x_wconf 89' lang='lat' dir='ltr'><strong>eorum</strong></span> <span class='ocrx_word' id='word_1_445' title='bbox 2784 2825 2847 2887; x_wconf 90' lang='lat' dir='ltr'><strong>in</strong></span> <span class='ocrx_word' id='word_1_446' title='bbox 2891 2827 3023 2891; x_wconf 87' lang='lat' dir='ltr'><strong>suis</strong></span> <span class='ocrx_word' id='word_1_447' title='bbox 3069 2826 3455 2891; x_wconf 88' lang='lat' dir='ltr'><strong>orationibus</strong></span> <span class='ocrx_word' id='word_1_448' title='bbox 3498 2824 3767 2903; x_wconf 76' lang='lat' dir='ltr'><strong>faceret,</strong></span> 
     </span>
     <span class='ocr_line' id='line_1_75' title="bbox 2203 2921 3768 3004; baseline 0.003 -18"><span class='ocrx_word' id='word_1_449' title='bbox 2203 2921 2738 3004; x_wconf 83' lang='lat' dir='ltr'><strong>vehementerque</strong></span> <span class='ocrx_word' id='word_1_450' title='bbox 2768 2932 3031 3004; x_wconf 88' lang='lat' dir='ltr'><strong>cuperet</strong></span> <span class='ocrx_word' id='word_1_451' title='bbox 3058 2942 3168 2986; x_wconf 89' lang='lat' dir='ltr'><strong>eos</strong></span> <span class='ocrx_word' id='word_1_452' title='bbox 3196 2923 3435 2994; x_wconf 85' lang='lat' dir='ltr'><strong>videre,</strong></span> <span class='ocrx_word' id='word_1_453' title='bbox 3465 2928 3534 2987; x_wconf 76' lang='lat' dir='ltr'><strong>et</strong></span> <span class='ocrx_word' id='word_1_454' title='bbox 3557 2923 3635 2987; x_wconf 90' lang='lat' dir='ltr'><strong>ad</strong></span> <span class='ocrx_word' id='word_1_455' title='bbox 3656 2944 3768 2990; x_wconf 86' lang='lat' dir='ltr'><strong>eos</strong></span> 
     </span>
     <span class='ocr_line' id='line_1_76' title="bbox 2207 3018 3772 3103; baseline 0 -20"><span class='ocrx_word' id='word_1_456' title='bbox 2207 3018 2667 3083; x_wconf 79' lang='lat' dir='ltr'><strong>confirmandos</strong></span> <span class='ocrx_word' id='word_1_457' title='bbox 2707 3018 2942 3101; x_wconf 88' lang='lat' dir='ltr'><strong>aliquid</strong></span> <span class='ocrx_word' id='word_1_458' title='bbox 2987 3018 3329 3102; x_wconf 87' lang='lat' dir='ltr'><strong>spiritualis</strong></span> <span class='ocrx_word' id='word_1_459' title='bbox 3370 3020 3608 3103; x_wconf 86' lang='lat' dir='ltr'><strong>gratiae</strong></span> <span class='ocrx_word' id='word_1_460' title='bbox 3654 3022 3772 3083; x_wconf 88' lang='lat' dir='ltr'><strong>im-</strong></span> 
     </span>
     <span class='ocr_line' id='line_1_77' title="bbox 2204 3115 3768 3200; baseline 0.004 -21"><span class='ocrx_word' id='word_1_461' title='bbox 2204 3115 2474 3197; x_wconf 82' lang='lat' dir='ltr'><strong>pertiri;</strong></span> <span class='ocrx_word' id='word_1_462' title='bbox 2518 3121 2750 3197; x_wconf 86' lang='lat' dir='ltr'><strong>quanto</strong></span> <span class='ocrx_word' id='word_1_463' title='bbox 2777 3116 2974 3197; x_wconf 83' lang='lat' dir='ltr'><strong>magis</strong></span> <span class='ocrx_word' id='word_1_464' title='bbox 3005 3117 3383 3198; x_wconf 76' lang='lat' dir='ltr'><strong>sperandum</strong></span> <span class='ocrx_word' id='word_1_465' title='bbox 3415 3125 3514 3181; x_wconf 86' lang='lat' dir='ltr'><strong>est</strong></span> <span class='ocrx_word' id='word_1_466' title='bbox 3534 3162 3556 3192; x_wconf 93' lang='lat'><strong>,</strong></span> <span class='ocrx_word' id='word_1_467' title='bbox 3600 3118 3768 3200; x_wconf 86' lang='lat' dir='ltr'><strong>quod</strong></span> 
     </span>
     <span class='ocr_line' id='line_1_78' title="bbox 2209 3210 3765 3294; baseline 0.003 -21"><span class='ocrx_word' id='word_1_468' title='bbox 2209 3213 2402 3276; x_wconf 87' lang='lat' dir='ltr'><strong>modo</strong></span> <span class='ocrx_word' id='word_1_469' title='bbox 2419 3218 2649 3277; x_wconf 85' lang='lat' dir='ltr'><strong>Beatus</strong></span> <span class='ocrx_word' id='word_1_470' title='bbox 2676 3213 2741 3274; x_wconf 92' lang='lat' dir='ltr'><strong>in</strong></span> <span class='ocrx_word' id='word_1_471' title='bbox 2762 3210 2961 3277; x_wconf 86' lang='lat' dir='ltr'><strong>Caelis</strong></span> <span class='ocrx_word' id='word_1_472' title='bbox 2979 3232 3091 3294; x_wconf 90' lang='lat' dir='ltr'><strong>pro</strong></span> <span class='ocrx_word' id='word_1_473' title='bbox 3115 3212 3398 3276; x_wconf 85' lang='lat' dir='ltr'><strong>Alumnis</strong></span> <span class='ocrx_word' id='word_1_474' title='bbox 3420 3213 3548 3278; x_wconf 87' lang='lat' dir='ltr'><strong>suis</strong></span> <span class='ocrx_word' id='word_1_475' title='bbox 3571 3221 3765 3279; x_wconf 80' lang='lat' dir='ltr'><strong>Deum</strong></span> 
     </span>
     <span class='ocr_line' id='line_1_79' title="bbox 2207 3310 3771 3391; baseline 0.001 -17"><span class='ocrx_word' id='word_1_476' title='bbox 2207 3329 2388 3374; x_wconf 89' lang='lat' dir='ltr'><strong>orare</strong></span> <span class='ocrx_word' id='word_1_477' title='bbox 2431 3329 2554 3373; x_wconf 84' lang='lat' dir='ltr'><strong>non</strong></span> <span class='ocrx_word' id='word_1_478' title='bbox 2596 3316 2840 3378; x_wconf 82' lang='lat' dir='ltr'><strong>cesset.</strong></span> <span class='ocrx_word' id='word_1_479' title='bbox 2886 3330 3183 3391; x_wconf 86' lang='lat' dir='ltr'><strong>suamque</strong></span> <span class='ocrx_word' id='word_1_480' title='bbox 3214 3330 3398 3391; x_wconf 90' lang='lat' dir='ltr'><strong>opem</strong></span> <span class='ocrx_word' id='word_1_481' title='bbox 3446 3310 3771 3378; x_wconf 86' lang='lat' dir='ltr'><strong>humiliter</strong></span> 
     </span>
     <span class='ocr_line' id='line_1_80' title="bbox 2212 3405 3774 3489; baseline 0.003 -20"><span class='ocrx_word' id='word_1_482' title='bbox 2212 3405 2679 3489; x_wconf 89' lang='lat' dir='ltr'><strong>postulantibus</strong></span> <span class='ocrx_word' id='word_1_483' title='bbox 2701 3451 2722 3479; x_wconf 91' lang='lat'><strong>,</strong></span> <span class='ocrx_word' id='word_1_484' title='bbox 2755 3406 2979 3471; x_wconf 78' lang='lat' dir='ltr'><strong>afferre</strong></span> <span class='ocrx_word' id='word_1_485' title='bbox 3007 3409 3130 3470; x_wconf 75' lang='lat' dir='ltr'><strong>non</strong></span> <span class='ocrx_word' id='word_1_486' title='bbox 3160 3414 3408 3471; x_wconf 85' lang='lat' dir='ltr'><strong>rccuset</strong></span> <span class='ocrx_word' id='word_1_487' title='bbox 3430 3450 3451 3479; x_wconf 88' lang='lat'><strong>,</strong></span> <span class='ocrx_word' id='word_1_488' title='bbox 3481 3417 3553 3470; x_wconf 87' lang='lat' dir='ltr'><strong>ut</strong></span> <span class='ocrx_word' id='word_1_489' title='bbox 3576 3407 3638 3469; x_wconf 91' lang='lat' dir='ltr'><strong>in</strong></span> <span class='ocrx_word' id='word_1_490' title='bbox 3665 3407 3774 3474; x_wconf 83' lang='lat' dir='ltr'><strong>illa</strong></span> 
     </span>
     <span class='ocr_line' id='line_1_81' title="bbox 2207 3501 3763 3586; baseline 0.002 -20"><span class='ocrx_word' id='word_1_491' title='bbox 2207 3501 2468 3568; x_wconf 87' lang='lat' dir='ltr'><strong>caelesti</strong></span> <span class='ocrx_word' id='word_1_492' title='bbox 2514 3502 2963 3569; x_wconf 81' lang='lat' dir='ltr'><strong>confirmentur</strong></span> <span class='ocrx_word' id='word_1_493' title='bbox 3001 3504 3329 3575; x_wconf 88' lang='lat' dir='ltr'><strong>doctrina,</strong></span> <span class='ocrx_word' id='word_1_494' title='bbox 3376 3504 3439 3566; x_wconf 92' lang='lat' dir='ltr'><strong>in</strong></span> <span class='ocrx_word' id='word_1_495' title='bbox 3481 3525 3606 3586; x_wconf 82' lang='lat' dir='ltr'><strong>qua</strong></span> <span class='ocrx_word' id='word_1_496' title='bbox 3650 3525 3763 3569; x_wconf 87' lang='lat' dir='ltr'><strong>eos</strong></span> 
     </span>
     <span class='ocr_line' id='line_1_82' title="bbox 2207 3598 3769 3684; baseline 0.003 -21"><span class='ocrx_word' id='word_1_497' title='bbox 2207 3619 2317 3664; x_wconf 85' lang='lat' dir='ltr'><strong>ore</strong></span> <span class='ocrx_word' id='word_1_498' title='bbox 2344 3621 2457 3666; x_wconf 85' lang='lat' dir='ltr'><strong>suo</strong></span> <span class='ocrx_word' id='word_1_499' title='bbox 2480 3644 2502 3675; x_wconf 92' lang='lat'>‚</span> <span class='ocrx_word' id='word_1_500' title='bbox 2531 3620 2649 3684; x_wconf 90' lang='lat' dir='ltr'><strong>per</strong></span> <span class='ocrx_word' id='word_1_501' title='bbox 2675 3600 2844 3681; x_wconf 88' lang='lat' dir='ltr'><strong>quod</strong></span> <span class='ocrx_word' id='word_1_502' title='bbox 2874 3599 3152 3664; x_wconf 86' lang='lat' dir='ltr'><strong>Christus</strong></span> <span class='ocrx_word' id='word_1_503' title='bbox 3180 3598 3559 3683; x_wconf 85' lang='lat' dir='ltr'><strong>loquebatur</strong></span> <span class='ocrx_word' id='word_1_504' title='bbox 3577 3644 3599 3676; x_wconf 89' lang='lat'><strong>,</strong></span> <span class='ocrx_word' id='word_1_505' title='bbox 3628 3621 3769 3667; x_wconf 83' lang='lat' dir='ltr'><strong>eru·</strong></span> 
     </span>
     <span class='ocr_line' id='line_1_83' title="bbox 2208 3696 3212 3760; baseline -0.006 0"><span class='ocrx_word' id='word_1_506' title='bbox 2208 3696 2386 3760; x_wconf 84' lang='lat' dir='ltr'><strong>divit.</strong></span> <span class='ocrx_word' id='word_1_507' title='bbox 2745 3725 2750 3730; x_wconf 92' lang='lat'><em>·</em></span> <span class='ocrx_word' id='word_1_508' title='bbox 3199 3747 3212 3754; x_wconf 82' lang='lat'><em>-</em></span> 
     </span>
    </p>

    <p class='ocr_par' dir='ltr' id='par_1_8' title="bbox 2204 3792 3808 5236">
     <span class='ocr_line' id='line_1_84' title="bbox 2332 3792 3772 3860; baseline 0 -2"><span class='ocrx_word' id='word_1_509' title='bbox 2332 3794 2543 3858; x_wconf 83' lang='lat' dir='ltr'><strong>Tertia</strong></span> <span class='ocrx_word' id='word_1_510' title='bbox 2575 3794 2675 3857; x_wconf 88' lang='lat' dir='ltr'><strong>die</strong></span> <span class='ocrx_word' id='word_1_511' title='bbox 2707 3793 2768 3855; x_wconf 92' lang='lat' dir='ltr'><strong>in</strong></span> <span class='ocrx_word' id='word_1_512' title='bbox 2797 3792 3082 3859; x_wconf 87' lang='lat' dir='ltr'><strong>Ecclesia</strong></span> <span class='ocrx_word' id='word_1_513' title='bbox 3107 3801 3171 3859; x_wconf 78' lang='lat' dir='ltr'><strong>S·</strong></span> <span class='ocrx_word' id='word_1_514' title='bbox 3198 3794 3619 3859; x_wconf 84' lang='lat' dir='ltr'><strong>Pudentianae</strong></span> <span class='ocrx_word' id='word_1_515' title='bbox 3660 3794 3772 3860; x_wconf 82' lang='lat' dir='ltr'><strong>flet</strong></span> 
     </span>
     <span class='ocr_line' id='line_1_85' title="bbox 2211 3888 3808 3972; baseline 0.002 -19"><span class='ocrx_word' id='word_1_516' title='bbox 2211 3891 2495 3956; x_wconf 83' lang='lat' dir='ltr'><strong>solemne</strong></span> <span class='ocrx_word' id='word_1_517' title='bbox 2540 3892 2601 3953; x_wconf 91' lang='lat' dir='ltr'><strong>in</strong></span> <span class='ocrx_word' id='word_1_518' title='bbox 2643 3888 3113 3955; x_wconf 79' lang='lat' dir='ltr'><strong>Pontificalibus</strong></span> <span class='ocrx_word' id='word_1_519' title='bbox 3155 3897 3409 3955; x_wconf 83' lang='lat' dir='ltr'><strong>Sacrum</strong></span> <span class='ocrx_word' id='word_1_520' title='bbox 3438 3936 3458 3965; x_wconf 91' lang='lat'><strong><em>‚</em></strong></span> <span class='ocrx_word' id='word_1_521' title='bbox 3503 3892 3808 3972; x_wconf 41' lang='lat' dir='ltr'><strong>intervos</strong></span> 
     </span>
     <span class='ocr_line' id='line_1_86' title="bbox 2208 3983 3772 4070; baseline 0.002 -19"><span class='ocrx_word' id='word_1_522' title='bbox 2208 3989 2525 4052; x_wconf 83' lang='lat' dir='ltr'><strong>aientibus</strong></span> <span class='ocrx_word' id='word_1_523' title='bbox 2554 3983 2804 4052; x_wconf 88' lang='lat' dir='ltr'><strong>dilectis</strong></span> <span class='ocrx_word' id='word_1_524' title='bbox 2845 3986 2994 4052; x_wconf 85' lang='lat' dir='ltr'><strong>filiis</strong></span> <span class='ocrx_word' id='word_1_525' title='bbox 3023 3989 3470 4053; x_wconf 81' lang='lat' dir='ltr'><strong>Pmtouotariis</strong></span> <span class='ocrx_word' id='word_1_526' title='bbox 3512 3995 3772 4070; x_wconf 76' lang='lat' dir='ltr'><strong>Aposto-</strong></span> 
     </span>
     <span class='ocr_line' id='line_1_87' title="bbox 2209 4085 3770 4167; baseline 0.001 -20"><span class='ocrx_word' id='word_1_527' title='bbox 2209 4085 2370 4149; x_wconf 86' lang='lat' dir='ltr'><strong>licae</strong></span> <span class='ocrx_word' id='word_1_528' title='bbox 2417 4086 2598 4150; x_wconf 89' lang='lat' dir='ltr'><strong>Sedis</strong></span> <span class='ocrx_word' id='word_1_529' title='bbox 2639 4106 2722 4150; x_wconf 86' lang='lat' dir='ltr'><strong>ex</strong></span> <span class='ocrx_word' id='word_1_530' title='bbox 2749 4106 3013 4149; x_wconf 89' lang='lat' dir='ltr'><strong>numero</strong></span> <span class='ocrx_word' id='word_1_531' title='bbox 3054 4086 3770 4167; x_wconf 72' lang='lat' dir='ltr'><strong>Participantium‘.·Nam</strong></span> 
     </span>
     <span class='ocr_line' id='line_1_88' title="bbox 2205 4179 3773 4264; baseline 0.002 -20"><span class='ocrx_word' id='word_1_532' title='bbox 2205 4181 2533 4264; x_wconf 90' lang='lat' dir='ltr'><strong>perhibent</strong></span> <span class='ocrx_word' id='word_1_533' title='bbox 2574 4180 2694 4244; x_wconf 90' lang='lat' dir='ltr'><strong>hoc</strong></span> <span class='ocrx_word' id='word_1_534' title='bbox 2736 4182 2879 4246; x_wconf 90' lang='lat' dir='ltr'><strong>loco</strong></span> <span class='ocrx_word' id='word_1_535' title='bbox 2926 4179 3122 4245; x_wconf 74' lang='lat' dir='ltr'><strong>fuisse</strong></span> <span class='ocrx_word' id='word_1_536' title='bbox 3167 4181 3419 4246; x_wconf 85' lang='lat' dir='ltr'><strong>domum</strong></span> <span class='ocrx_word' id='word_1_537' title='bbox 3476 4184 3773 4249; x_wconf 83' lang='lat' dir='ltr'><strong>Pudentis</strong></span> 
     </span>
     <span class='ocr_line' id='line_1_89' title="bbox 2207 4278 3768 4363; baseline 0 -19"><span class='ocrx_word' id='word_1_538' title='bbox 2207 4278 2523 4344; x_wconf 79' lang='lat' dir='ltr'><strong>senatoris</strong></span> <span class='ocrx_word' id='word_1_539' title='bbox 2544 4321 2565 4352; x_wconf 88' lang='lat'>‚</span> <span class='ocrx_word' id='word_1_540' title='bbox 2594 4279 2756 4360; x_wconf 88' lang='lat' dir='ltr'><strong>apud</strong></span> <span class='ocrx_word' id='word_1_541' title='bbox 2784 4293 3000 4361; x_wconf 82' lang='lat' dir='ltr'><strong>quem,</strong></span> <span class='ocrx_word' id='word_1_542' title='bbox 3030 4300 3171 4343; x_wconf 89' lang='lat' dir='ltr'><strong>cum</strong></span> <span class='ocrx_word' id='word_1_543' title='bbox 3205 4279 3768 4363; x_wconf 77' lang='lat' dir='ltr'><strong>primum‘Romam</strong></span> 
     </span>
     <span class='ocr_line' id='line_1_90' title="bbox 2205 4373 3771 4459; baseline 0.001 -19"><span class='ocrx_word' id='word_1_544' title='bbox 2205 4374 2505 4447; x_wconf 85' lang='lat' dir='ltr'><strong>advenit,</strong></span> <span class='ocrx_word' id='word_1_545' title='bbox 2553 4373 2905 4458; x_wconf 83' lang='lat' dir='ltr'><strong>hospitatus</strong></span> <span class='ocrx_word' id='word_1_546' title='bbox 2958 4383 3056 4439; x_wconf 90' lang='lat' dir='ltr'><strong>est</strong></span> <span class='ocrx_word' id='word_1_547' title='bbox 3107 4374 3396 4459; x_wconf 78' lang='lat' dir='ltr'><strong>Princeps</strong></span> <span class='ocrx_word' id='word_1_548' title='bbox 3442 4375 3771 4458; x_wconf 72' lang='lat' dir='ltr'><strong>A‘postolo·</strong></span> 
     </span>
     <span class='ocr_line' id='line_1_91' title="bbox 2206 4471 3769 4554; baseline -0.001 -17"><span class='ocrx_word' id='word_1_549' title='bbox 2206 4493 2340 4537; x_wconf 86' lang='lat' dir='ltr'><strong>rum</strong></span> <span class='ocrx_word' id='word_1_550' title='bbox 2400 4479 2621 4537; x_wconf 87' lang='lat' dir='ltr'><strong>Petrus</strong></span> <span class='ocrx_word' id='word_1_551' title='bbox 2642 4515 2664 4547; x_wconf 91' lang='lat'><strong>,</strong></span> <span class='ocrx_word' id='word_1_552' title='bbox 2708 4474 2815 4554; x_wconf 87' lang='lat' dir='ltr'><strong>qui</strong></span> <span class='ocrx_word' id='word_1_553' title='bbox 2867 4472 2930 4533; x_wconf 90' lang='lat' dir='ltr'><strong>in</strong></span> <span class='ocrx_word' id='word_1_554' title='bbox 2980 4471 3201 4535; x_wconf 88' lang='lat' dir='ltr'><strong>eadem</strong></span> <span class='ocrx_word' id='word_1_555' title='bbox 3253 4473 3445 4537; x_wconf 87' lang='lat' dir='ltr'><strong>domo</strong></span> <span class='ocrx_word' id='word_1_556' title='bbox 3497 4475 3769 4539; x_wconf 88' lang='lat' dir='ltr'><strong>Verbum</strong></span> 
     </span>
     <span class='ocr_line' id='line_1_92' title="bbox 2205 4569 3775 4657; baseline -0.001 -23"><span class='ocrx_word' id='word_1_557' title='bbox 2205 4571 2317 4635; x_wconf 87' lang='lat' dir='ltr'><strong>Dei</strong></span> <span class='ocrx_word' id='word_1_558' title='bbox 2363 4570 2672 4635; x_wconf 88' lang='lat' dir='ltr'><strong>Gentibus</strong></span> <span class='ocrx_word' id='word_1_559' title='bbox 2700 4569 3138 4640; x_wconf 87' lang='lat' dir='ltr'><strong>annunciavit,</strong></span> <span class='ocrx_word' id='word_1_560' title='bbox 3183 4589 3391 4632; x_wconf 84' lang='lat' dir='ltr'><strong>sacras</strong></span> <span class='ocrx_word' id='word_1_561' title='bbox 3422 4570 3637 4633; x_wconf 85' lang='lat' dir='ltr'><strong>habuit</strong></span> <span class='ocrx_word' id='word_1_562' title='bbox 3667 4577 3775 4657; x_wconf 72' lang='lat' dir='ltr'><strong>Sy-</strong></span> 
     </span>
     <span class='ocr_line' id='line_1_93' title="bbox 2207 4664 3768 4747; baseline 0.001 -17"><span class='ocrx_word' id='word_1_563' title='bbox 2207 4687 2403 4732; x_wconf 83' lang='lat' dir='ltr'><strong>naxes</strong></span> <span class='ocrx_word' id='word_1_564' title='bbox 2424 4711 2445 4739; x_wconf 88' lang='lat'><strong>,</strong></span> <span class='ocrx_word' id='word_1_565' title='bbox 2488 4673 2743 4731; x_wconf 87' lang='lat' dir='ltr'><strong>Sacrum</strong></span> <span class='ocrx_word' id='word_1_566' title='bbox 2777 4666 3015 4747; x_wconf 87' lang='lat' dir='ltr'><strong>pluries</strong></span> <span class='ocrx_word' id='word_1_567' title='bbox 3046 4664 3194 4731; x_wconf 78' lang='lat' dir='ltr'><strong>fecit</strong></span> <span class='ocrx_word' id='word_1_568' title='bbox 3217 4709 3236 4738; x_wconf 88' lang='lat'><strong>,</strong></span> <span class='ocrx_word' id='word_1_569' title='bbox 3281 4674 3347 4730; x_wconf 90' lang='lat' dir='ltr'><strong>et</strong></span> <span class='ocrx_word' id='word_1_570' title='bbox 3377 4673 3768 4733; x_wconf 84' lang='lat' dir='ltr'><strong>Sacramenta</strong></span> 
     </span>
     <span class='ocr_line' id='line_1_94' title="bbox 2207 4759 3772 4846; baseline 0.001 -17"><span class='ocrx_word' id='word_1_571' title='bbox 2207 4764 2438 4829; x_wconf 87' lang='lat' dir='ltr'><strong>Christi</strong></span> <span class='ocrx_word' id='word_1_572' title='bbox 2460 4759 2942 4838; x_wconf 76' lang='lat' dir='ltr'><strong>administravi13</strong></span> <span class='ocrx_word' id='word_1_573' title='bbox 2974 4764 3131 4828; x_wconf 88' lang='lat' dir='ltr'><strong>adeo</strong></span> <span class='ocrx_word' id='word_1_574' title='bbox 3159 4772 3227 4827; x_wconf 91' lang='lat' dir='ltr'><strong>ut</strong></span> <span class='ocrx_word' id='word_1_575' title='bbox 3255 4763 3319 4825; x_wconf 90' lang='lat' dir='ltr'><strong>in</strong></span> <span class='ocrx_word' id='word_1_576' title='bbox 3351 4784 3422 4827; x_wconf 91' lang='lat' dir='ltr'><strong>ea</strong></span> <span class='ocrx_word' id='word_1_577' title='bbox 3448 4764 3612 4846; x_wconf 83' lang='lat' dir='ltr'><strong>jacta</strong></span> <span class='ocrx_word' id='word_1_578' title='bbox 3642 4767 3772 4830; x_wconf 84' lang='lat' dir='ltr'><strong>sint</strong></span> 
     </span>
     <span class='ocr_line' id='line_1_95' title="bbox 2212 4858 3773 4944; baseline 0.001 -20"><span class='ocrx_word' id='word_1_579' title='bbox 2212 4861 2673 4944; x_wconf 85' lang='lat' dir='ltr'><strong>quodammodo</strong></span> <span class='ocrx_word' id='word_1_580' title='bbox 2704 4860 2906 4943; x_wconf 88' lang='lat' dir='ltr'><strong>prima</strong></span> <span class='ocrx_word' id='word_1_581' title='bbox 2938 4868 3252 4924; x_wconf 81' lang='lat' dir='ltr'><strong>Romanae</strong></span> <span class='ocrx_word' id='word_1_582' title='bbox 3283 4858 3604 4925; x_wconf 85' lang='lat' dir='ltr'><strong>Ecclesiae</strong></span> <span class='ocrx_word' id='word_1_583' title='bbox 3633 4860 3773 4925; x_wconf 81' lang='lat' dir='ltr'><strong>fun·</strong></span> 
     </span>
     <span class='ocr_line' id='line_1_96' title="bbox 2206 4956 3774 5040; baseline 0.003 -20"><span class='ocrx_word' id='word_1_584' title='bbox 2206 4959 2492 5023; x_wconf 89' lang='lat' dir='ltr'><strong>dameuta</strong></span> <span class='ocrx_word' id='word_1_585' title='bbox 2543 4958 2820 5021; x_wconf 91' lang='lat' dir='ltr'><strong>omnium</strong></span> <span class='ocrx_word' id='word_1_586' title='bbox 2863 4956 3125 5021; x_wconf 91' lang='lat' dir='ltr'><strong>aliarum</strong></span> <span class='ocrx_word' id='word_1_587' title='bbox 3176 4956 3601 5040; x_wconf 72' lang='lat' dir='ltr'><strong>Ecclesiarum</strong></span> <span class='ocrx_word' id='word_1_588' title='bbox 3648 4964 3774 5025; x_wconf 72' lang='lat' dir='ltr'><strong>Ma·</strong></span> 
     </span>
     <span class='ocr_line' id='line_1_97' title="bbox 2207 5052 3772 5136; baseline 0.001 -18"><span class='ocrx_word' id='word_1_589' title='bbox 2207 5056 2319 5119; x_wconf 88' lang='lat' dir='ltr'><strong>tris</strong></span> <span class='ocrx_word' id='word_1_590' title='bbox 2348 5065 2413 5119; x_wconf 91' lang='lat' dir='ltr'><strong>et</strong></span> <span class='ocrx_word' id='word_1_591' title='bbox 2439 5055 2769 5136; x_wconf 73' lang='lat' dir='ltr'><strong>Magistrae</strong></span> <span class='ocrx_word' id='word_1_592' title='bbox 2794 5097 2815 5125; x_wconf 93' lang='lat'><strong>,</strong></span> <span class='ocrx_word' id='word_1_593' title='bbox 2861 5059 3043 5136; x_wconf 80' lang='lat' dir='ltr'><strong>qua&#39;m</strong></span> <span class='ocrx_word' id='word_1_594' title='bbox 3078 5054 3384 5136; x_wconf 83' lang='lat' dir='ltr'><strong>superbae</strong></span> <span class='ocrx_word' id='word_1_595' title='bbox 3425 5052 3772 5120; x_wconf 81' lang='lat' dir='ltr'><strong>inferorum</strong></span> 
     </span>
     <span class='ocr_line' id='line_1_98' title="bbox 2204 5150 2879 5236; baseline -0.007 -20"><span class='ocrx_word' id='word_1_596' title='bbox 2204 5158 2422 5236; x_wconf 86' lang='lat' dir='ltr'><strong>portae</strong></span> <span class='ocrx_word' id='word_1_597' title='bbox 2455 5170 2575 5213; x_wconf 90' lang='lat' dir='ltr'><strong>non</strong></span> <span class='ocrx_word' id='word_1_598' title='bbox 2607 5150 2879 5213; x_wconf 83' lang='lat' dir='ltr'><strong>vincunt.</strong></span> 
     </span>
    </p>

    <p class='ocr_par' dir='ltr' id='par_1_9' title="bbox 2205 5245 3773 5509">
     <span class='ocr_line' id='line_1_99' title="bbox 2333 5245 3772 5322; baseline 0.004 -13"><span class='ocrx_word' id='word_1_599' title='bbox 2333 5254 2561 5322; x_wconf 85' lang='lat' dir='ltr'><strong>Quarta</strong></span> <span class='ocrx_word' id='word_1_600' title='bbox 2606 5247 2709 5312; x_wconf 90' lang='lat' dir='ltr'><strong>die</strong></span> <span class='ocrx_word' id='word_1_601' title='bbox 2753 5249 2815 5308; x_wconf 93' lang='lat' dir='ltr'><strong>in</strong></span> <span class='ocrx_word' id='word_1_602' title='bbox 2859 5245 3135 5312; x_wconf 84' lang='lat' dir='ltr'><strong>Ecclesia</strong></span> <span class='ocrx_word' id='word_1_603' title='bbox 3181 5252 3240 5309; x_wconf 88' lang='lat' dir='ltr'><strong>S.</strong></span> <span class='ocrx_word' id='word_1_604' title='bbox 3269 5247 3507 5313; x_wconf 79' lang='lat' dir='ltr'><strong>Mariae</strong></span> <span class='ocrx_word' id='word_1_605' title='bbox 3548 5248 3615 5310; x_wconf 88' lang='lat' dir='ltr'><strong>iu</strong></span> <span class='ocrx_word' id='word_1_606' title='bbox 3655 5250 3772 5316; x_wconf 85' lang='lat' dir='ltr'><strong>Via</strong></span> 
     </span>
     <span class='ocr_line' id='line_1_100' title="bbox 2211 5341 3773 5425; baseline 0.001 -17"><span class='ocrx_word' id='word_1_607' title='bbox 2211 5353 2356 5409; x_wconf 82' lang='lat' dir='ltr'><strong>Lata</strong></span> <span class='ocrx_word' id='word_1_608' title='bbox 2385 5345 2713 5409; x_wconf 73' lang='lat' dir='ltr'><strong>Missurum</strong></span> <span class='ocrx_word' id='word_1_609' title='bbox 2748 5342 3180 5425; x_wconf 86' lang='lat' dir='ltr'><strong>persolvantur</strong></span> <span class='ocrx_word' id='word_1_610' title='bbox 3208 5341 3509 5407; x_wconf 87' lang='lat' dir='ltr'><strong>solemnia</strong></span> <span class='ocrx_word' id='word_1_611' title='bbox 3534 5369 3554 5418; x_wconf 68' lang='grc' dir='ltr'><strong>ς</strong></span> <span class='ocrx_word' id='word_1_612' title='bbox 3581 5344 3773 5409; x_wconf 87' lang='lat' dir='ltr'><strong>inter-</strong></span> 
     </span>
     <span class='ocr_line' id='line_1_101' title="bbox 2205 5437 3772 5509; baseline 0.001 -2"><span class='ocrx_word' id='word_1_613' title='bbox 2205 5441 2606 5507; x_wconf 83' lang='lat' dir='ltr'><strong>venientibus</strong></span> <span class='ocrx_word' id='word_1_614' title='bbox 2626 5439 2874 5505; x_wconf 83' lang='lat' dir='ltr'><strong>dilectis</strong></span> <span class='ocrx_word' id='word_1_615' title='bbox 2890 5437 3040 5504; x_wconf 87' lang='lat' dir='ltr'><strong>filiis</strong></span> <span class='ocrx_word' id='word_1_616' title='bbox 3057 5445 3392 5505; x_wconf 85' lang='lat' dir='ltr'><strong>Causarum</strong></span> <span class='ocrx_word' id='word_1_617' title='bbox 3422 5440 3639 5505; x_wconf 80' lang='lat' dir='ltr'><strong>Palatii</strong></span> <span class='ocrx_word' id='word_1_618' title='bbox 3663 5464 3772 5509; x_wconf 89' lang='lat' dir='ltr'><strong>uo·</strong></span> 
     </span>
    </p>
   </div>
  </div>
 </body>
</html>
