4442 6300
932 461 1038 514 1⁶⁴

792 605 1122 669 JOSEPH
1150 603 1411 668 nanu
1442 608 1743 671 Fon-romae
1784 607 2276 688 Araesropueopm

1145 708 1558 768 Dama-eccm
1582 705 1875 770 Assiatons
1896 752 1912 767 .

871 895 1051 978 Apud
1080 903 1280 962 Deum
1307 907 1495 967 notae
1539 910 1683 965 sunt
1725 908 1790 968 et
1830 901 1994 985 apud
2024 899 2312 966 homines

747 992 1012 1058 eximiae
1036 1000 1105 1058 B.
1129 996 1372 1060 Camilli
1397 1000 1686 1064 virtutesz
1705 1006 1859 1065 Prae
1874 999 2140 1065 caeteris
2161 1018 2312 1062 vero

744 1088 934 1174 longe
981 1093 1243 1177 effulget
1290 1095 1499 1161 divina
1545 1096 1811 1163 ebaritas
1838 1141 1859 1173 ,
1909 1116 2032 1180 qua
2080 1116 2197 1179 per
2241 1117 2312 1160 se

751 1207 1024 1271 suosque
1056 1189 1359 1258 Alumnos
1385 1193 1659 1259 infirmis
1702 1195 1768 1257 in
1810 1214 2105 1275 supremo
2146 1193 2310 1257 vitae

748 1302 949 1368 agone
1011 1290 1445 1364 versantibus,
1505 1298 1704 1357 morte
1761 1282 1897 1374 ipsa
1951 1300 2311 1372 contempta

742 1384 1114 1465 prospexit.
1168 1387 1483 1454 Caelestes
1528 1390 1743 1472 itaque
1788 1390 2060 1454 bonores
2094 1389 2306 1453 eidem

741 1480 969 1545 merito
996 1485 1465 1552 constituendos
1494 1488 1822 1554 existimoz
1866 1492 1934 1552 Si
1975 1492 2113 1566 quis
2154 1492 2310 1573 euim

741 1585 899 1643 mibi
939 1585 1374 1649 ministraverit
1394 1628 1415 1658 ,
1458 1585 1761 1651 Dominus
1787 1585 1876 1651 ait
1897 1627 1920 1661 ,
1949 1590 2323 1666 honorifica·

739 1682 828 1741 bit
855 1697 994 1741 eum
1023 1683 1214 1744 Pater
1238 1701 1407 1746 mous
1433 1682 1571 1766 (a).
1929 1668 1938 1681 ⁸

772 1875 1164 1939 nmmum
1189 1883 1259 1942 do
1295 1881 1524 1943 Palma
1545 1880 2054 1958 archiepiscopus
2088 1881 2278 1943 Thea·

1263 1982 1427 2040 tiam
1454 1978 1778 2042 Assistem.

870 2167 1088 2234 Maluit
1131 2175 1289 2235 Deua
1331 2171 1476 2257 (b),
1520 2180 1771 2240 PATER
1802 2177 2309 2246 BssAnssmE2

742 2273 815 2331 do
847 2275 1025 2332 mulia
1053 2273 1235 2333 bonos
1261 2276 1487 2351 facore,
1522 2291 1703 2351 quum
1728 2277 1928 2334 nullos
1958 2292 2078 2334 osse
2109 2276 2310 2334 malos

732 2374 1128 2442 paravimus
1161 2367 1332 2432 Sicut
1360 2369 1528 2434 enim
1564 2370 1713 2434 inde
1739 2368 2046 2434 humanae
2074 2367 2309 2452 fragili-

739 2463 886 2528 tatis
918 2465 1351 2529 manifestatur
1377 2466 1653 2533 conditio
1672 2509 1694 2540 ,
1726 2468 1810 2531 ita
1842 2464 2308 2532 misericordiae

732 2559 980 2624 divinae
1043 2561 1303 2646 largitas
1357 2564 1735 2630 innotescit.
1779 2563 2310 2648 Imperscrutabili

736 2664 997 2722 aeterno
1021 2658 1261 2742 judicio
1302 2662 1457 2733 Dei,
1502 2663 1568 2725 id
1609 2670 1818 2727 actum
1869 2682 2012 2726 esse
2059 2661 2306 2728 dubitat

732 2772 963 2828 nemo,
995 2756 1059 2819 in
1094 2761 1163 2819 B.
1197 2758 1460 2824 Camillo
1490 2761 1570 2823 de
1600 2758 1829 2833 Lellis,
1866 2758 2088 2846 inclyti
2132 2760 2309 2825 Ordi-

733 2851 832 2914 nis
861 2852 1335 2918 ministrantium
1367 2854 1643 2921 Infirmis
1671 2856 1979 2921 Fundator
2006 2863 2070 2920 et
2097 2864 2308 2923 Pater.

738 2949 985 3014 Primae
1040 2953 1265 3016 aetatis
1316 2954 1575 3018 semitas
1623 2954 1873 3020 incauto
1902 2955 2065 3036 pede
2092 2973 2312 3020 cucur·

738 3046 845 3119 rit,
875 3054 941 3111 et
970 3048 1136 3112 inter
1160 3048 1475 3132 juveniles
1516 3051 1804 3117 laxitates
1830 3052 1934 3115 diu
1966 3050 2192 3125 baesit,
2221 3052 2312 3115 in-

741 3152 1103 3228 temperans
1132 3146 1409 3214 Aleator:
1441 3155 1521 3213 At
1547 3149 1705 3216 aleis
1734 3151 2051 3215 ludentem
2083 3151 2311 3217 devicit

743 3233 996 3307 tandem
1023 3247 1310 3326 sagacius
1342 3253 1553 3312 ludens
1573 3256 1643 3312 θη
1666 3249 1820 3312 Orbe
1843 3256 2045 3327 qratia
2072 3255 2307 3321 divinae

745 3349 805 3402 ct
843 3342 1048 3402 Virum
1069 3362 1246 3406 muno
1274 3362 1392 3422 por
1418 3349 1578 3408 vitiu
1604 3351 1963 3422 rapientem,
1993 3352 2075 3407 aa
2100 3364 2310 3422 vespa-

743 3454 846 3499 m
865 3441 938 3499 do
960 3443 1242 3502 thesauro
1272 3447 1562 3503 omarum
1595 3446 1789 3521 effecit
1815 3446 2013 3518 spotia
2042 3447 2312 3506 dividen-

749 3545 868 3596 tem
892 3582 908 3597 .
941 3535 1097 3601 Hinc
1131 3536 1286 3602 mira
1315 3535 1524 3611 fuere,
1553 3559 1718 3620 quae
1746 3539 1926 3613 dixit,
1955 3539 2152 3623 gessit
2180 3540 2310 3606 sire

746 3629 813 3691 in
843 3631 1120 3696 Ecclesia
1140 3675 1163 3704 ,
1195 3633 1326 3699 sive
1359 3634 1422 3696 in
1450 3634 1758 3699 Proximis
1786 3635 1937 3699 suis.
1961 3636 2308 3701 Ecclesiam

746 3727 981 3809 quippe
1012 3747 1170 3793 nova
1199 3729 1425 3794 sobole
1455 3729 1649 3803 auxit,
1682 3732 1955 3796 ornavit.
1986 3733 2314 3799 Proximos

743 3843 897 3888 vero
922 3822 1297 3904 infatigabili
1325 3825 1648 3892 charitatis
1675 3825 1890 3893 officio
1917 3827 2179 3906 refecit,
2211 3851 2314 3896 ro-

748 3920 1037 3994 boravit,
1095 3923 1377 4006 adjuvit.
1436 3924 1752 3990 Profunda
1809 3925 2163 3992 bumilitate
2209 3928 2351 4000 sui,

746 4017 1146 4099 contemptor
1169 4064 1184 4081 .
1216 4022 1577 4104 asperrima
1608 4023 1993 4106 poenitentia
2025 4027 2120 4090 sui
2151 4027 2315 4092 inse-

745 4120 962 4181 cutor:
995 4116 1314 4182 altissima
1344 4120 1869 4204 contemplatione
1899 4143 2307 4205 supernarum

749 4212 1055 4278 mentium
1097 4214 1312 4277 extitit
1354 4215 1741 4281 aemulator=
1772 4216 2006 4302 Dignus
2047 4218 2147 4282 cui
2191 4224 2314 4283 An·

751 4309 878 4394 geli
905 4320 1124 4377 sancto
1151 4313 1437 4395 Philippo
1464 4315 1658 4378 Nerio
1698 4322 2017 4396 spectante
2058 4318 2315 4381 assiste-

754 4417 919 4481 rent,
947 4408 1564 4494 famularenturque3'
1587 4412 1853 4497 ejusque
1884 4412 2311 4479 felicissimam

753 4505 1024 4569 animam
1054 4526 1319 4590 corpore
1345 4508 1594 4574 tandem
1625 4515 1878 4573 exutam
1904 4553 1925 4581 ,
1970 4509 2036 4572 in
2080 4512 2313 4594 sempi-

748 4610 994 4684 ternam
1022 4605 1323 4669 efferrent
1348 4606 1584 4689 gloriae
1613 4607 1964 4673 claritatem
1987 4653 2004 4670 .

878 4699 1223 4766 Pretiosam
1255 4712 1524 4768 mortem
1556 4705 1761 4769 Sancti
1795 4703 1891 4769 sui
1946 4703 2308 4769 mirabilem

750 4797 941 4863 etiam
971 4798 1244 4863 reddidit
1268 4806 1436 4863 Deus
1463 4800 1660 4884 signis
1706 4812 1896 4884 atque
1958 4801 2267 4886 prodigiis
2288 4847 2311 4879 ,

645 4941 652 4948 .
749 4894 933 4976 queis
963 4902 1247 4976 permota
1275 4901 1691 4962 SANCTITAS
1719 4904 2019 4963 VESTRA
2053 4919 2132 4964 eo
2180 4907 2313 4964 tan-

749 4990 895 5053 dem
923 4992 1220 5065 devenit,
1250 4995 1831 5075 ut·pronunciaret=
1875 5000 2026 5059 Tuto
2057 5006 2317 5075 procedi

747 5108 926 5166 posse
954 5095 1035 5152 ad
1056 5095 1382 5156 rotomnam
1413 5096 1487 5154 B.
1525 5098 1653 5157 Viri
1696 5098 2265 5184 canonizationem.

871 5191 1167 5269 Superest
1194 5207 1396 5263 nunc,
1439 5195 1694 5255 PATER
1751 5196 2253 5257 SANCTtSStME
2279 5235 2299 5265 ,

850 5381 932 5452 (a)
953 5385 1051 5437 ιο.
1084 5385 1169 5438 12.
1195 5386 1286 5441 ac.
1314 5385 1407 5461 (b)
1435 5392 1487 5446 s.
1517 5392 1753 5458 August.

1898 416 2103 516 acra
2170 461 2827 520 canonizarioms
2919 489 2927 503 ·

2430 618 2502 673 ut
2529 608 2590 672 id
2620 610 2821 693 ipsum
2847 653 2868 684 ,
2902 606 3071 693 quod
3098 605 3237 674 fleri
3267 628 3458 692 posse
3489 625 3613 677 non
3644 617 3744 677 est
3802 609 3986 676 dubi·

2424 712 2620 769 tatum
2644 748 2666 779 ,
2692 703 3063 771 firmissimo
3092 704 3361 770 oraculo
3393 706 3709 789 compleas
3740 714 3806 770 et
3842 727 3988 771 exe·

2422 802 2682 884 quaris,
2713 805 3096 885 beatumque
3126 801 3458 867 Camillum
3491 803 3570 866 de
3596 803 3789 868 Lellis
3822 804 3990 868 inter

2424 907 2671 963 sanctos
2701 898 3108 963 confessores
3137 898 3486 982 praecipias
3509 921 3650 965 esse
3700 919 3989 965 veneran-

2425 997 2595 1060 dum.
2627 1002 2760 1061 Hoc
2777 1007 2827 1061 'a
2858 1004 2946 1061 Te
2977 1004 3267 1079 expectat
3295 996 3639 1062 catholicus
3668 997 3894 1074 orbiu
3920 998 3986 1061 id

2420 1091 2624 1158 fidens
2652 1092 2948 1177 implorat
2978 1095 3463 1161 ministrantium
3494 1093 3766 1159 Infirmis
3798 1096 3986 1159 bene-

2423 1190 2681 1254 meritus
2709 1192 2898 1254 Ordo.
2928 1191 3209 1272 Idipsum
3236 1191 3509 1273 denique
3540 1191 3782 1257 enixius
3812 1191 3987 1258 effla·

2419 1285 2577 1369 gitat
2600 1333 2621 1363 ,
2649 1288 2755 1370 qui
2784 1308 2990 1355 coram
3023 1288 3419 1353 Beatitudine
3449 1296 3579 1352 Tua
3626 1289 3980 1355 humillime

2423 1384 2744 1467 eloquitur
2763 1427 2784 1458 ,
2819 1385 3335 1467 Archiepiscopus
3362 1385 3701 1451 'theatinus
3723 1429 3746 1460 ,
3776 1388 3841 1451 in
3880 1407 3986 1452 cu·

2416 1481 2522 1567 jus
2551 1482 2830 1546 dioecesi
2886 1483 3202 1565 Oppidum
3262 1482 3578 1548 Buclanici
3633 1483 3982 1561 clauditur,

2421 1580 2585 1663 quod
2619 1579 3024 1645 sanctissimo
3053 1579 3244 1644 Heroi
3275 1580 3490 1647 natale
3523 1583 3839 1664 praestitit
3885 1604 3985 1648 so·

2419 1678 2572 1741 lum.
2605 1676 2832 1760 Ibique
2860 1677 3057 1741 veluti
3087 1698 3123 1740 e
3155 1688 3495 1760 conspectu
3555 1679 3985 1761 deprebende-

2420 1796 2488 1840 re
2515 1775 2703 1865 licuit
2723 1818 2747 1850 ,
2775 1776 3142 1860 religiosum
3170 1775 3406 1840 cultum
3432 1776 3833 1858 Populornm,
3850 1799 3984 1844 cre-

2420 1875 2814 1939 brescentem
2848 1872 2913 1936 in
2928 1872 3067 1938 dies
3097 1869 3329 1937 famam
3363 1874 3738 1946 sanctitatis,
3772 1882 3836 1939 et
3858 1875 3981 1940 fre·

2420 1973 2738 2054 quentium
2768 1968 3033 2056 gloriam
3064 1968 3527 2035 miraculorum.
3556 1971 3733 2039 Adeo
3761 1982 3833 2038 ut
3852 1981 3984 2039 tan·

2420 2088 2606 2152 quam
2633 2069 2715 2133 de
2745 2088 2813 2132 re
2843 2067 3095 2155 propria
3122 2067 3456 2132 sollicitior
3479 2070 3753 2135 evaserit
3789 2072 3980 2136 animi

2419 2167 2647 2239 ardor,
2678 2166 2757 2230 ad
2788 2160 3123 2248 expetitam
3155 2165 3455 2231 solemnis
3482 2168 3982 2235 canonizationis

2418 2263 2678 2349 gratiam
2708 2282 2745 2327 a
2775 2267 3255 2329 SANCTITATE
3284 2268 3435 2330 TUA
3464 2263 3737 2333 feliciter
3765 2286 3979 2352 repor-

2418 2362 2691 2428 tandam.

2420 2554 2803 2621 STANISLA
2820 2559 2914 2621 ΠΒ
2947 2558 3248 2619 Palicum·
3285 2514 3789 2636 Archioptsoopee
3820 2563 3968 2624 Ros-

2927 2671 3140 2717 sanoa.
3168 2656 3489 2719 Assistms.

2539 2852 2699 2911 Dum
2727 2866 3020 2931 suprema
3048 2844 3161 2911 illa
3190 2852 3254 2909 et
3283 2846 3687 2926 admirabili,
3718 2870 3838 2931 qua
3869 2870 3974 2915 su-

2417 2966 2531 3029 per
2555 2965 2778 3009 omnes
2807 2946 3176 3010 auctoritate
3208 2953 3271 3009 et
3319 2946 3681 3027 eloquentia
3742 2949 3982 3013 eminet

2419 3033 2837 3105 sANcrirAs
2865 3047 3167 3107 vasum
3187 3085 3208 3114 ‚
3248 3042 3500 3107 divinae
3557 3044 3730 3107 vocis
3785 3046 3977 3108 inter-

2417 3158 2606 3220 pres:
2640 3146 2704 3201 et
2735 3158 2813 3203 ex
2845 3138 3240 3212 sublimiori,
3270 3161 3396 3222 quo
3444 3140 3756 3220 praesidet
3815 3147 3981 3222 Apo-

2420 3235 2647 3300 stolico
2676 3234 2884 3308 Solio,
2918 3234 3089 3298 beati
3120 3235 3370 3298 Camilli
3397 3236 3477 3299 de
3529 3234 3726 3301 Lellis
3776 3239 3980 3303 verba

2419 3329 2738 3409 faciebat3
2770 3332 3045 3413 dumque
3077 3332 3235 3397 tanti
3265 3332 3398 3394 viri
3444 3332 3737 3399 heroicas
3789 3336 3986 3399 virtu·

2420 3436 2517 3494 tes
2544 3430 2889 3495 innumeris
2919 3449 2952 3492 a
2970 3433 3102 3493 Deo
3126 3427 3469 3494 illustratas
3500 3429 3843 3507 miraculis,
3871 3433 3981 3498 de·

2420 3527 2572 3592 bitis
2598 3527 2893 3592 laudibus
2916 3527 3385 3610 prosequendas
3414 3527 3774 3610 debitisque
3812 3530 3983 3595 cele·

2419 3624 2684 3689 brandas
2712 3624 3097 3699 bonoribus,
3126 3623 3282 3687 mira
3306 3668 3326 3699 ,
3356 3644 3476 3706 qua
3504 3623 3704 3705 pollet
3737 3625 3979 3711 ingenii

2420 3720 2842 3795 sublimitate,
2872 3719 3116 3785 dicendi
3152 3718 3571 3785 foecunditate
3593 3762 3613 3792 ,
3643 3729 3711 3785 et
3764 3721 3984 3789 rarita-

2419 3828 2481 3886 te
2507 3819 2877 3906 prudentiae
2906 3817 3089 3882 nobis
3119 3816 3441 3902 ingerebat
3470 3818 3764 3882 sectanda
3796 3820 3985 3885 vesti·

2420 3917 2519 4000 gia
2542 3960 2564 3990 ,
2593 3935 2834 3997 nosque
2863 3914 3180 3988 docebat,
3211 3922 3358 3975 tunc
3387 3913 3634 3977 demum
3675 3934 3789 3997 pro
3848 3937 3980 3982 me·

2422 4014 2541 4078 rito
2572 4013 2859 4096 congruis
2888 4009 3000 4076 ille
3045 4010 3360 4076 afficietur
3414 4009 3796 4087 bonoribus,
3838 4036 3982 4079 cum

2420 4110 2676 4193 publico
2703 4107 3098 4192 Apostolicae
3130 4107 3310 4172 Sedis
3353 4106 3588 4190 judicio
3646 4109 3985 4193 divinaque

2419 4208 2794 4274 auctoritate
2817 4214 3176 4271 Sanctorum
3209 4212 3498 4269 Lauream
3532 4203 3810 4270 feliciter
3836 4228 3986 4273 con-

2421 4314 2756 4388 sequetur:
2788 4310 2856 4366 In
2886 4303 3094 4386 ipsum
3114 4308 3403 4374 Beatum,
3433 4300 3494 4362 in
3519 4300 3721 4383 ipsam
3753 4304 3983 4369 Camil-

2421 4404 2468 4465 li
2511 4399 3019 4488 praeclarissimis
3078 4399 3375 4464 virtntum
3440 4399 3723 4461 omnium
3787 4401 3988 4485 gestis

2423 4512 2703 4569 ornatam
2726 4545 2745 4573 ,
2772 4496 3240 4581 innumerisque
3302 4496 3568 4563 caelitus
3627 4499 3987 4564 roboratam

2423 4597 2740 4664 miraculis
2766 4596 3085 4682 eximiam·
3126 4595 3518 4659 sanctitatem
3543 4638 3564 4668 ,
3628 4596 3859 4661 mentis
3913 4605 3983 4662 et

2422 4693 2747 4763 oculorum
2778 4694 2977 4759 aciem
3007 4693 3247 4777 conjeci
3273 4718 3294 4768 ς
3326 4713 3595 4774 cumque
3634 4691 3763 4777 jam
3816 4694 3985 4779 cogi-

2418 4804 2556 4860 tare
2585 4796 2938 4876 coepissem
2961 4834 2981 4863 ,
3013 4810 3175 4872 quae
3202 4799 3269 4852 et
3297 4795 3528 4871 quanta
3569 4789 3635 4850 in
3693 4809 3820 4853 uno
3876 4789 3986 4854 ad·

2423 4893 2723 4957 mirentur
2749 4888 3194 4955 charismatum
3225 4886 3388 4955 dona
3411 4929 3430 4958 ,
3457 4906 3622 4969 quae
3653 4894 3720 4950 et
3749 4894 3985 4969 quanto

2423 5010 2611 5055 sensu
2642 5009 2759 5054 suo
2785 4984 3219 5072 unusquisque
3249 4983 3512 5049 sortitus
3540 4983 3664 5049 erit
3710 4983 3987 5067 gaudere

2420 5085 2774 5169 triumpho,
2804 5084 3014 5149 statim
3066 5087 3463 5166 compertum
3512 5075 3738 5154 habui,
3794 5100 3987 5162 quam

2420 5185 2607 5272 digna
2633 5203 2737 5248 res
2762 5187 2970 5256 esset,
3002 5200 3191 5264 quam
3219 5176 3380 5245 felix
3411 5185 3624 5243 nostra
3653 5177 3937 5243 conditio
3957 5221 3981 5252 ,
