4442 6300
3384 433 3561 522 ³7³³

1658 636 2468 760 ORNATUS

879 884 888 889 ’
985 866 2147 1069 ν-ΑΤΙΟΑΝΙ
2274 908 3142 1061 TEMPLI

1797 1254 2325 1295 -ψ-

569 1481 1080 1615 Amplissimam
1136 1532 1233 1617 (a)
1280 1530 1406 1596 divi
1454 1528 1623 1594 Petri
1669 1525 2005 1593 Basilicam

442 1629 715 1694 omnium
746 1629 850 1714 (b)
876 1626 1303 1694 Eccleslarum
1335 1622 1910 1709 caput,‘speculum
1945 1632 2008 1689 et

442 1726 802 1817 exemplar,
848 1747 881 1789 a
912 1733 1135 1809 Magno
1174 1727 1576 1790 Constantino
1618 1726 1768 1791 olim
1798 1724 2010 1790 aedifi·

438 1833 638 1887 catam
673 1824 930 1889 Romani
975 1823 1305 1888 Pontifices
1337 1833 1504 1889 tanta
1547 1845 1696 1890 cura
1725 1832 2008 1906 sumptu-

441 1942 561 2004 que
595 1940 821 2004 augere
855 1940 1108 2005 semper
1144 1933 1210 1987 et
1239 1942 1466 1987 ornare
1498 1924 1908 1994 studuerunt,
1939 1926 2009 1985 ut

435 2017 589 2080 nibil
634 2038 708 2081 ea
742 2012 1241 2101 magnificentius
1264 2062 1285 2092 ,
1331 2019 1476 2082 nibil
1511 2020 1861 2103 elegantius
1903 2016 2008 2082 aiut

439 2112 703 2178 inveniri
735 2135 1005 2198 unquam
1041 2134 1229 2199 posse
1251 2159 1272 2189 ,
1302 2123 1407 2180 aut
1437 2116 1775 2199 excogitari
1802 2116 2009 2180 videa-

439 2220 560 2274 tur.
589 2213 741 2286 Quia
775 2222 986 2276 tamen
1021 2213 1224 2277 minus
1256 2202 1539 2278 animum
1572 2222 1821 2278 movent
1849 2232 2007 2296 quae

434 2328 587 2390 prae
631 2309 830 2375 oculis
875 2331 1129 2392 semper
1156 2319 1339 2385 sunt,
1381 2312 1641 2393 Templa
1685 2311 2029 2376 consuevi·-

444 2426 626 2479 mus,
670 2407 792 2470 etsi
822 2417 956 2471 arte
990 2416 1055 2471 et
1099 2408 1357 2471 materia
1390 2409 1681 2490 apprime
1725 2409 1960 2472 nobilia
1985 2451 2006 2481 ,

441 2524 580 2569 cnm
614 2511 810 2568 statae
841 2506 1149 2586 quaedam
1195 2514 1300 2568 aut
1330 2513 1504 2569 extra
1536 2506 1814 2569 ordinem
1846 2505 2014 2569 cele·

441 2603 705 2666 britates
736 2602 1109 2675 inciderint,
1141 2603 1379 2668 adscito
1408 2603 1581 2667 cultu
1613 2610 1677 2667 et
1701 2610 2013 2685 tempora-

439 2698 551 2763 riis
582 2700 964 2764 ornamentis
993 2700 1309 2772 excolere,
1342 2708 1411 2763 ut
1437 2702 1679 2765 novitas
1701 2719 2014 2765 commen-

443 2797 551 2860 det
577 2840 597 2867 ,
627 2798 792 2878 quod
824 2796 1197 2862 assiduitate
1228 2799 1692 2879 quodammodo
1720 2798 2012 2862 viluerat.

446 2894 623 2969 Quod
655 2895 910 2975 quidem
931 2937 952 2968 ,
999 2896 1051 2957 si
1083 2896 1421 2960 vaticanae
1448 2896 1751 2959 Basilicae
1784 2896 2018 2978 praeci-

446 3011 570 3072 pue
603 2990 852 3065 accidit3
885 3009 1024 3053 cum
1053 2997 1411 3056 Sanctorum
1443 2992 1642 3056 Fastis
1664 2993 2019 3056 adscriben-

449 3086 514 3150 di
544 3078 622 3150 in'
639 3107 714 3152 ea
747 3086 1001 3152 ruerunt
1022 3129 1041 3159 ,
1081 3089 1187 3170 qui
1224 3089 1523 3171 sanguine
1554 3110 1663 3172 pro
1693 3090 1918 3154 Christi
1947 3090 2019 3155 fi-

445 3184 524 3248 de
545 3183 824 3265 profuso,
846 3195 954 3249 aut
976 3185 1098 3247 vita
1119 3185 1183 3247 in
1206 3186 1371 3250 omni
1393 3188 1690 3251 virtutum
1712 3189 2014 3252 exercita-

449 3282 623 3346 tione
646 3282 926 3345 traducta
945 3281 1197 3346 illorum
1233 3284 1495 3367 gloriam
1516 3294 2014 3365 promeruerunt;

449 3383 618 3441 tan-ta
650 3385 821 3442 certe
844 3377 1056 3444 cultus
1079 3422 1100 3453 ,
1131 3388 1196 3442 et
1230 3390 1737 3445 ornamentorum
1771 3381 1849 3443 ad
1877 3399 2020 3445 eam

450 3474 731 3537 accessio
756 3472 917 3538 facta
947 3485 1045 3539 est
1076 3475 1195 3539 hoc
1226 3483 1536 3557 tempore;
1569 3496 1710 3540 cum
1744 3478 1824 3542 de
1845 3480 2021 3561 quin·

452 3571 573 3652 qne
601 3572 812 3635 Beatis
837 3572 1004 3635 iuter
1033 3579 1293 3636 sanctos
1323 3573 1386 3634 in
1422 3574 1640 3637 eadem
1672 3573 2023 3640 referendis

429 3657 660 3729 ‘actum
690 3665 810 3729 fuit
830 3710 851 3740 ,
883 3677 949 3731 ut
984 3687 1199 3733 secum
1231 3669 1363 3750 ipsa
1394 3670 1863 3751 quodammodo
1891 3692 2025 3737 cer-

453 3764 716 3838 taverit3
748 3765 952 3830 nativa
982 3785 1060 3828 an
1091 3766 1333 3831 adscita
1361 3766 1852 3849 pulchritudine,
1885 3789 2025 3854 spe·

453 3860 746 3926 otabilior
773 3862 1114 3927 videretur.

580 3966 671 4023 De
701 3959 885 4043 hujus
912 3960 1108 4044 igitur
1125 3968 1464 4042 apparatus
1491 3961 1904 4044 descriptione
1936 3964 2023 4028 di·

459 4056 723 4120 cendum
757 4056 945 4119 modo
977 4057 1254 4120 breviter
1273 4059 1416 4130 erit;
1444 4062 1634 4121 Nemo
1660 4067 1880 4138 quippo
1912 4072 2019 4132 est,

463 4158 568 4231 qni
593 4159 847 4225 nesciat,
874 4151 970 4236 (c)
991 4156 1347 4218 sanctorum
1370 4162 1601 4234 qtorias
1635 4163 1750 4219 tali
1777 4162 2021 4221 celebri-

463 4259 585 4311 tate
618 4255 994 4327 frequentari
1017 4254 1086 4312 in
1116 4258 1328 4324 torris,
1361 4264 1429 4315 ut
1457 4260 1685 4315 virtute
1714 4260 1861 4330 pan·
1879 4297 1898 4328 ,
1928 4262 2024 4319 de-

460 4356 700 4410 votione
744 4352 1052 4410 consimili
1091 4368 1163 4412 ac
1206 4355 1318 4427 fids
1363 4357 1754 4425 dimicantes,
1798 4358 2023 4415 hostem

463 4451 738 4518 vincere,
782 4457 842 4506 st
874 4453 946 4509 de
963 4458 1145 4520 pareo
1177 4452 1446 4510 victoria
1476 4468 1611 4512 cum
1640 4457 1790 4529 ipsis
1823 4461 2029 4514 trium·

463 4548 653 4621 pltare
677 4587 697 4613 ,
735 4547 968 4606 Christo
992 4557 1344 4620 praestante
1371 4555 1673 4624 possimus
1702 4556 1769 4610 in
1801 4556 2026 4613 Caelis.¹

545 4667 566 4684 ·
590 4641 861 4704 Mediam
914 4641 1159 4722 Templi
1207 4642 1428 4707 faciem
1481 4666 1665 4728 supra
1713 4648 2026 4713 Porticum

465 4736 686 4820 ingens
712 4737 952 4818 pictura
977 4738 1344 4812 decorabat,
1377 4744 1767 4825 septuaginta
1795 4746 2033 4827 palmo·

461 4853 598 4897 rum
630 4834 985 4907 altitudine,
1016 4835 1347 4901 latitudine
1370 4859 1519 4903 vero
1547 4842 1823 4923 quinque
1848 4865 2029 4926 supra

469 4933 761 5016 triginta,
793 4933 856 4995 in
888 4953 1005 5015 qua
1038 4936 1114 4998 ad
1146 4935 1349 4997 vivum
1384 4957 1716 5019 expressae
1744 4944 2032 5023 Quinque

469 5027 804 5094 Beatorum
850 5030 1155 5112 imagines
1202 5032 1285 5094 ita
1329 5035 1592 5116 genibus
1630 5036 1793 5100 inter
1832 5041 2034 5103 nubes

470 5127 675 5201 nexis,
691 5125 1269 5209 'splendidissimum
1294 5129 1357 5191 in
1377 5132 1683 5216 superiori
1701 5144 1879 5217 parte
1900 5137 2029 5198 Tri·

580 5327 666 5397 (a)
691 5328 762 5380 D.
792 5328 935 5395 Aug.
966 5325 1034 5378 de
1065 5289 1221 5388 Civili
1251 5328 1370 5381 Dez'
1386 5346 1506 5401 cap·-
1536 5330 1591 5383 7.

665 5415 910 5484 Fri-ring.
942 5414 1038 5468 lib.
1061 5417 1122 5468 ιἿ.
1162 5434 1286 5486 cap.
1317 5418 1408 5470 81.

803 5533 1014 5571 auxen.
1056 5533 1172 5573 xiv.
1213 5533 1361 5575 ron.
1404 5525 1530 5576 vu.

2116 1541 2349 1606 gonum
2398 1523 2569 1606 quod
2611 1521 2878 1589 Deificae
2920 1523 3235 1590 Trinitatis
3275 1531 3376 1590 est
3425 1526 3677 1611 symbo-

2118 1619 2253 1681 lum
2276 1664 2297 1692 ,
2325 1622 2826 1697 venerabantur3
2852 1629 2922 1686 ut
2952 1628 3017 1687 et
3051 1622 3131 1685 ab
3162 1645 3241 1688 eo
3271 1642 3493 1707 magna
3519 1624 3681 1689 lucis

2120 1717 2441 1783 immissae
2470 1720 2648 1801 copia
2675 1720 3143 1785 illustrarentur
3163 1764 3185 1795 ,
3217 1729 3279 1786 et
3306 1724 3387 1786 ab
3422 1728 3687 1805 Aposto-

2117 1815 2323 1879 lorum
2354 1818 2744 1900 Principibus
2777 1840 2994 1901 parum
3028 1819 3188 1882 infra
3216 1821 3552 1904 Trigonum
3585 1822 3681 1885 se*

2119 1915 2417 1980 dentibus
2447 1916 2696 1981 invitari
2726 1917 3085 1981 viderentur
3107 1960 3128 1990 ,
3158 1925 3225 1981 ut
3258 1920 3545 2000 superius
3587 1940 3683 1984 as-

2116 2014 2477 2077 cenderent.
2521 2021 2754 2096 Tapete
2786 2015 3148 2079 coccineum
3194 2024 3260 2078 et
3286 2018 3492 2080 aureis
3532 2016 3683 2082 laci·

2119 2111 2234 2174 niis
2263 2112 2339 2175 ad
2375 2132 2515 2175 oras
2546 2110 2873 2195 magnifice
2904 2121 3186 2178 assutum
3211 2113 3369 2178 infra
3400 2115 3688 2180 demitte-

2120 2211 2345 2281 batur,
2376 2210 2541 2291 quod
2565 2208 2925 2273 inferiorem
2958 2212 3293 2277 Procestrii
3320 2220 3556 2293 partem
3578 2233 3689 2277 ve-

2119 2305 2301 2377 laret,
2333 2325 2413 2368 ex
2444 2327 2568 2387 quo
2602 2308 2836 2369 Summi
2876 2306 3205 2371 Pontifices
3234 2308 3470 2389 Populo
3499 2309 3687 2373 bene-

2121 2402 2359 2469 dicunt.
2403 2404 2678 2466 Medium
2726 2404 2788 2465 in
2819 2425 2895 2468 eo
2938 2415 3074 2468 erat
3106 2405 3496 2471 Gentilitium
3541 2413 3687 2471 San-

2119 2500 2350 2564 ctitatis
2371 2506 2527 2564 Suae
2560 2507 2828 2564 stemma
2859 2501 3108 2565 duobus
3128 2503 3203 2564 ad
3226 2502 3423 2567 latera
3442 2513 3685 2568 susten·

2121 2604 2319 2671 tatum
2351 2595 2620 2679 Aligeris
2644 2623 2661 2658 ε
2699 2597 2973 2680 insignia
3006 2599 3408 2682 Regularium
3442 2602 3692 2664 Institu-

2128 2702 2335 2756 torum
2356 2737 2376 2766 ,
2410 2715 2489 2757 ex
2516 2695 2745 2775 quibus
2775 2696 2950 2759 Beati
2983 2697 3381 2777 prodierant,
3425 2698 3691 2763 inferius

2125 2793 2589 2875 aspiciebantur
2605 2793 2787 2857 variis
2812 2791 3119 2858 frondium
3135 2796 3481 2878 florumque
3495 2795 3695 2861 corol-

2128 2888 2210 2954 lis
2233 2888 2592 2953 interclusa.

2258 2987 2521 3070 Fastigio
2557 2984 2715 3050 Ostii
2744 2984 3083 3070 principis,
3130 3007 3210 3050 ex
3239 3009 3365 3070 quo
3405 2987 3470 3050 in
3502 2989 3696 3054 Porti-

2129 3102 2270 3146 cum
2316 3093 2413 3146 est
2445 3082 2684 3154 aditus,
2729 3083 2813 3145 ita
2861 3090 3078 3147 ornato
3108 3102 3299 3160 suus,
3341 3093 3406 3146 et
3444 3086 3702 3151 minori·

2131 3184 2246 3245 bus
2270 3182 2476 3266 Januis
2494 3199 2657 3263 quae
2687 3179 2984 3262 utrinque
3014 3182 3325 3266 adjacent,
3349 3184 3549 3248 cultus
3574 3204 3702 3249 non

2130 3282 2390 3352 deerat,
2441 3280 2953 3360 supereminebat
3002 3281 3167 3343 enim
3214 3281 3480 3365 singulis
3529 3284 3704 3348 aurei

2130 3378 2361 3444 coloris
2392 3378 2517 3441 tela
2560 3377 2963 3459 praegrandis
2991 3378 3288 3443 tortuosis
3320 3386 3383 3442 et
3415 3381 3550 3460 ipsa
3590 3382 3704 3444 sso-

2132 3495 2272 3539 rum
2304 3476 2552 3540 coronis
2573 3518 2594 3549 ,
2637 3482 2701 3538 et
2729 3473 3122 3558 Aligerorum
3168 3475 3513 3559 interjectis
3539 3478 3721 3560 capi--

2141 3574 2307 3638 tibus
2332 3570 2600 3635 interius
2626 3570 2790 3653 picta
2811 3614 2831 3643 ,
2862 3572 3141 3636 exterius
3170 3593 3322 3637 vero
3353 3573 3569 3640 sericis
3596 3595 3704 3640 ve-

2134 3671 2215 3735 lis
2245 3681 2390 3753 apte
2418 3669 2707 3749 crispatis
2737 3669 3173 3751 undecumque
3203 3671 3521 3752 cospicua3
3554 3692 3702 3738 una·

2134 3787 2419 3851 quaeque
2453 3765 2800 3829 latitudinis
2845 3765 3089 3846 palmos
3117 3767 3397 3833 habebat
3438 3767 3700 3853 viginti,

2133 3864 2489 3929 altitudinis
2514 3862 2905 3945 quindecim,
2937 3863 2999 3925 in
3028 3865 3262 3947 quibus
3289 3866 3582 3931 lemmata
3611 3867 3704 3928 in-

2134 3962 2368 4044 scripta
2411 3967 2588 4024 erant
2620 3958 2737 4024 boc
2771 3959 3039 4038 ordine,
3083 3963 3364 4027 Primum
3393 3947 3475 4027 ¹ab
3505 3968 3705 4028 Janun

2132 4060 2410 4145 principe
2443 4059 2859 4123 dextrorsum.

2176 4260 2258 4323 m
2321 4258 2836 4319 COELESTIBUS
2898 4257 3180 4318 REGNIS
3240 4256 3706 4322 SANGTORUM

2303 4358 2731 4417 ΗΔΒΙΤΑἸἸΟ
2785 4357 2968 4426 EST,
3024 4356 3125 4414 ΕΤ
3178 4355 3261 4415 IN
3311 4358 3707 4420 AETERNUH

2309 4454 2642 4524 REQmEs
2685 4453 2979 4513 EORUM.

2525 4642 2813 4708 Alterum
2869 4640 3321 4707 sinistrorsnm.

2181 4844 2536 4906 GORPORA
2581 4843 3044 4904 SANC'rontm
3088 4842 3170 4901 m
3214 4842 3411 4902 PACE
3455 4844 3711 4906 SEPUL-

2312 4943 2413 5003 TA
2438 4943 2650 5002 -stJN'r
2674 4979 2695 5009 ,
2740 4943 2838 4999 ET
2882 4940 3154 4999 NOMEN
3199 4942 3467 5001 EORUM
3496 4942 3710 5003 VIVI'l'

2314 5040 2395 5100 {N
2429 5038 3073 5106 GENERA'rtoNEu,
3106 5039 3205 5097 ET
3237 5037 3711 5101 GENERATto·

2221 5199 2233 5211 ,
2313 5135 2499 5198 REM.
2539 5135 2703 5195 Eccl.
2740 5136 2942 5194 XLIV.
2978 5133 3077 5194 14.

1739 5351 1743 5356 ,
1774 5331 1864 5402 (b)
1905 5333 2111 5398 Lucius
2148 5335 2259 5388 ῙΠ,
2302 5332 2360 5385 i„
2400 5329 2581 5401 Epist.
2623 5327 2699 5382 ad
2740 5325 3045 5382 Corrndum
3067 5327 3206 5397 Imp.
3248 5327 3401 5398 apud
3430 5317 3713 5386 ΟῐῘιοηεηι

1558 5419 1643 5491 (c)
1683 5425 1735 5477 S.
1762 5426 2021 5479 ,Ioannes
2051 5424 2330 5496 Chrysou-
2374 5424 2543 5477 Sum.
2574 5421 2626 5474 1.
2662 5417 2731 5473 de
2768 5419 3007 5488 Ilm-tyr.
3050 5428 3181 5470 eom.
3214 5418 3264 5474 8.
3774 5424 3778 5428 ⁴

3394 5526 3463 5577 ⁴9
