4442 6300
957 487 1029 538 ss
1937 491 2146 546 scm
2185 456 2849 543 CANONtzATrtoms

769 651 841 696 re
863 675 882 704 ‚
910 652 1052 697 cum
1083 630 1230 695 illes
1268 638 1461 713 atque
1486 633 1646 701 istos
1666 633 2109 719 frequentibus
2150 635 2334 724 largi·

2453 631 2647 715 gister
2677 634 2869 699 etiam
2901 632 3283 701 christianae
3337 633 3742 718 persuationis
3802 657 4018 703 crase-

769 726 1046 794 tionihus
1088 730 1504 810 omnibusque
1544 728 1763 798 officiis
1803 734 2114 817 adjuverit
2143 748 2334 821 atque
2450 739 2564 794 rat.
2598 730 2711 795 lile
2741 752 2890 797 vero
2912 753 2986 799 ac
3013 731 3270 809 sinulla
3294 732 3445 814 ipsis
3474 731 3780 797 beneficia
3803 734 4009 797 reddi·

766 827 1003 908 ubique
1031 826 1308 890 locorum
1351 827 1589 890 solatus
1615 827 1855 894 fuerit?
1879 834 2206 907 Quomodo
2235 860 2331 902 sa-
2448 828 2648 891 disset
2671 872 2693 901 ,
2723 850 2882 910 quaa
2903 831 3165 911 quidem
3196 830 3465 894 maxime
3497 830 3557 892 in
3600 851 3713 894 eos
3768 829 4013 896 deriva-

762 943 902 987 cras
943 943 1161 988 omnes
1191 924 1397 988 Aedes
1436 943 1801 989 recenseam
1833 949 1867 991 a
1904 930 2193 994 niven-um
2227 954 2335 999 no·

764 1022 929 1086 niine
955 1030 1023 1086 et
1048 1020 1355 1103 Reliquiis
1374 1066 1394 1093 ,
1425 1043 1459 1086 a
1487 1022 1770 1086 fidelium
1803 1030 2208 1093 veneratione
2260 1053 2330 1097 ao

765 1118 1153 1201 frequentia,
1184 1139 1219 1183 a
1249 1119 1371 1202 piis
1399 1121 1700 1186 institutis
1728 1124 2043 1197 celebres,
2070 1149 2231 1210 quas
2259 1131 2332 1195 il-

732 1216 826 1311 ⁴le
875 1216 1113 1299 ubique
1156 1219 1391 1299 pariter
1436 1218 1827 1285 visitaverit?
1872 1229 1951 1286 Et
1987 1225 2065 1287 oh
2113 1228 2164 1291 si
2197 1230 2329 1311 ipsa

763 1312 921 1378 haec
949 1313 1336 1396 amplissima
1367 1317 1525 1379 Urbs
1554 1316 1948 1399 loqueretur,
1978 1343 2096 1404 qua
2132 1324 2194 1386 in
2224 1332 2331 1390 Ur·

763 1410 848 1475 he
874 1411 1108 1475 diutius
1128 1432 1270 1476 cum
1292 1413 1628 1477 comitibus
1656 1415 1795 1497 ipse
1816 1419 1945 1484 suis
1959 1420 2329 1490 immoratus

761 1515 903 1581 est,
953 1530 1114 1591 quae
1142 1518 1209 1573 et
1245 1519 1471 1591 quanta
1523 1513 1985 1594 praeseferret!
2038 1524 2328 1587 Narraret

762 1604 955 1669 beata
989 1606 1226 1670 isthaec
1264 1608 1708 1687 Apostolorum
1753 1612 1969 1687 limina
2002 1617 2330 1700 religionis

757 1704 1161 1785 potissimum
1201 1708 1393 1791 gratia
1437 1707 1848 1789 frequentiori
1892 1712 2030 1795 ejus
2071 1738 2327 1784 accessu

759 1803 1065 1868 centrum
1097 1805 1337 1868 scalam
1361 1825 1395 1867 a
1417 1808 1834 1893 ,ierosolymis
1861 1811 1982 1876 huc
2007 1814 2327 1881 advectam

759 1905 910 1964 lesu
942 1901 1164 1966 Christi
1185 1902 1435 1968 incessu
1463 1915 1529 1969 et
1559 1907 1858 1987 sanguine
1874 1930 2125 1974 -sacram
2146 1913 2331 1978 itera·

758 1998 843 2063 tis
870 1998 948 2061 de
973 2019 1132 2080 genu
1155 1999 1351 2083 ipsius
1381 2024 1633 2085 quoque
1660 2007 2137 2073 ascensionibus
2158 2030 2322 2092 pres·

757 2115 890 2159 sam
919 2139 940 2169 ‚
980 2096 1369 2181 jugibusque
1403 2121 1484 2164 ex
1512 2102 1919 2168 meditatione
1969 2109 2328 2176 noniinicae

755 2194 1068 2275 passionis
1096 2195 1392 2281 iacrymis
1420 2218 1788 2281 respersam.
1833 2209 2084 2284 Septem
2117 2208 2329 2274 Eccle-

757 2291 882 2356 sias
902 2303 965 2356 et
994 2298 1332 2379 Martyrum
1361 2300 1621 2380 cryptas
1643 2298 1741 2377 pia
1770 2303 2164 2367 cunctatione
2195 2326 2330 2371 sae-

753 2390 896 2471 pius
924 2391 1132 2464 visas;
1173 2412 1379 2474 neque
1408 2395 1572 2459 enim
1604 2396 2062 2480 magnificentia
2111 2403 2328 2465 aedifi-

754 2486 995 2550 ciorum
1020 2508 1317 2569 supremo
1345 2489 1798 2558 architecturae
1822 2495 2121 2562 miraculo
2141 2499 2205 2559 in
2228 2522 2326 2563 su-

753 2583 955 2649 blime
987 2594 1130 2649 se‘se
1159 2586 1581 2652 attollentium
1611 2633 1631 2663 ,
1677 2593 2009 2674 minusque
2055 2596 2326 2677 pictura-

755 2700 897 2745 rum
929 2693 1036 2747 aut
1063 2683 1382 2768 signorum
1413 2687 1679 2751 varietas
1711 2706 2092 2754 summorum
2136 2694 2328 2757 artili-

753 2798 895 2842 cum
918 2780 1218 2843 industria
1242 2790 1306 2845 et
1326 2783 1694 2847 excellentia
1716 2789 2175 2863 commendat&
2208 2810 2324 2855 nec

750 2894 942 2947 auro,
975 2887 1254 2961 argento,
1286 2881 1628 2962 gemmisve
1654 2882 1927 2947 ‘nitentes
1953 2885 2129 2961 aras,
2161 2909 2322 2969 quae

754 2974 961 3036 omnia
980 2975 1218 3039 animos
1236 2975 1575 3057 oculosque
1595 2979 1917 3059 oblectare
1937 2982 2142 3046 solent
2164 2992 2325 3050 mor-

753 3070 1014 3145 talium;
1057 3074 1167 3136 sed
1198 3084 1627 3140 sacrosanctae
1661 3079 1914 3162 Lignum
1951 3083 2165 3145 Crucis
2195 3127 2215 3155 ,
2261 3082 2324 3144 in

752 3189 871 3250 qua
899 3169 1078 3234 Salus
1107 3173 1316 3235 mundi
1353 3175 1651 3254 pependit
1681 3176 1959 3239 Christus
1987 3179 2319 3256 Dominus3

749 3265 956 3341 Clari,
998 3269 1227 3350 quihus
1271 3270 1556 3335 confixus
1605 3281 1743 3345 est;
1795 3274 2017 3353 spinea
2046 3295 2319 3351 corona,

750 3382 874 3445 qua
914 3366 1244 3429 innocuum
1275 3377 1462 3447 caput
1490 3369 1944 3432 circumdatum
1970 3396 1991 3445 ς
2039 3378 2277 3436 Lancea
2300 3417 2321 3447 ,

753 3482 877 3542 qua
905 3462 1072 3527 latus
1113 3466 1727 3540 transverberatum3
1757 3470 2019 3550 Spongia
2061 3473 2324 3536 amaris·

755 3562 915 3625 simo
934 3562 1084 3626 felle
1112 3570 1178 3625 et
1203 3575 1384 3627 aceto
1415 3563 1600 3635 illita,
1632 3565 1993 3647 sitientique
2026 3574 2089 3630 et
2119 3579 2326 3633 extre-

753 3679 893 3723 mos
914 3659 1045 3743 jam
1074 3658 1386 3726 anhelitus
1417 3662 1664 3726 ducenti
1697 3664 2019 3745 praebita;
2059 3667 2324 3729 nedem·

757 3755 955 3836 ptoris
982 3756 1434 3840 ipsiusimago,
1463 3758 1589 3822 tela
1620 3760 1831 3824 divino
1861 3761 2058 3823 vultui
2091 3763 2323 3826 sudore

755 3852 1007 3916 madido
1047 3853 1300 3917 admota
1328 3873 1442 3934 per
1471 3853 1835 3918 veronicam
1869 3858 2324 3922 sanctissimam

756 3946 1097 4013 foeminam
1122 3994 1141 4023 ,
1183 3949 1447 4033 effigiata
1475 3959 1541 4013 et
1569 3952 1919 4033 impressa:
1954 3956 2325 4019 Veneranda

755 4046 1024 4129 denique
1061 4048 1412 4131 Principum
1456 4049 1897 4132 Apostolorum
1931 4051 2326 4136 aliorumque

758 4148 1116 4208 sauctorum
1150 4150 1463 4227 Corpora,
1511 4147 1881 4229 Reliquiae,
1929 4159 2325 4215 monumenta

760 4239 1197 4305 felicissimum
1255 4243 1551 4308 advenam
1595 4244 1976 4316 invitabant,
2036 4246 2327 4310 incende·

761 4338 952 4409 bant,
984 4339 1347 4420 rapiebant3
1378 4341 1524 4405 dum
1557 4344 1750 4407 ceteri
1781 4344 2048 4407 comites
2076 4344 2330 4425 arntiqua

759 4435 1226 4522 excelsissimae
1254 4438 1439 4503 Urbis
1469 4440 1693 4504 decora
1724 4449 2122 4521 quaererent,
2149 4461 2328 4505 orna·

764 4536 923 4598 tiora
979 4535 1202 4615 palatia
1248 4535 1559 4600 curiosius
1603 4537 2089 4611 collustrarent,
2121 4559 2331 4603 amoe-

761 4633 970 4695 niores
996 4633 1181 4697 villas
1211 4634 1633 4698 circumirent.

899 4759 922 4782 ι
962 4731 1081 4794 Sed
1112 4731 1267 4795 haec
1297 4732 1753 4813 praetereunda
1781 4742 1930 4797 sunt
1958 4734 2164 4798 omnia
2185 4779 2206 4808 ,
2267 4744 2331 4798 et

775 4827 1254 4912 religiosissimo
1268 4829 1477 4892 viroin
1508 4832 1771 4910 patriam
1800 4829 2139 4895 revertenti
2162 4832 2333 4913 plau·

766 4925 1047 4989 tiendum
1091 4927 1348 4989 modum
1381 4935 1497 4991 est.
1556 4928 1763 4992 Rediit
1815 4930 2030 5009 itaque
2089 4928 2336 4995 felicior

767 5046 957 5106 quam
991 5024 1404 5097 discesserat,
1431 5033 1499 5089 ut
1530 5029 1637 5107 qui
1669 5034 1758 5087 tot
1822 5027 2332 5090 commemoratis

770 5123 1098 5204 religionis
1128 5123 1372 5186 actibus
1403 5122 1742 5205 ampliores
1788 5122 2035 5185 divinae
2095 5124 2332 5204 gratiae

768 5239 921 5300 opes
951 5220 1070 5282 sibi
1103 5228 1589 5301 comparaverat.
1614 5226 1815 5303 Agunt
1847 5221 1906 5282 ei
1938 5220 2169 5300 gratias
2200 5228 2335 5283 tres

2445 925 2533 989 vit
2563 924 2678 990 s‘ua
2707 935 2830 988 tam
2862 929 3190 1009 prudentia
3212 972 3232 999 ,
3261 949 3448 1010 quam
3483 928 3757 993 eximiae
3794 929 4012 992 'virtu-

2443 1022 2524 1086 tis
2555 1024 2895 1104 exemplo,
2925 1026 3207 1090 vicissim
3269 1020 3548 1107 profiteri
3606 1045 3677 1089 se
3737 1025 4010 1090 maxime

2444 1121 2819 1185 obstrictum
2853 1143 3070 1186 eorum
3103 1123 3417 1196 comitati,
3451 1123 3574 1205 qui
3634 1142 3784 1186 suos
3842 1123 4014 1189 forte

2443 1217 2789 1283 illiberales
2819 1239 3030 1285 mores
3060 1241 3274 1302 aequo¹
3319 1220 3530 1293 animo
3585 1218 4012 1299 tolerassent3

2442 1316 2682 1392 veniam
2709 1317 2945 1383 deinde
2972 1319 3272 1401 rogaressi
3291 1338 3659 1382 communes
3690 1318 3750 1380 in
3779 1318 4009 1383 itinere

2446 1433 2547 1476 res
2580 1414 2784 1478 minus
2814 1417 3138 1481 commode
3169 1415 3710 1490 administrasset3
3766 1415 3819 1479 si
3879 1434 4004 1478 non

2442 1531 2660 1575 eorum
2691 1514 2851 1581 votis
2881 1515 3130 1593 penitus
3159 1513 3615 1578 satisfecisset:
3649 1517 3822 1586 Quae
3865 1508 4006 1578 offi-

2441 1609 2519 1671 cii
2546 1618 2829 1673 extrema
2859 1611 3044 1674 amici
3076 1610 3318 1683 diffusis
3347 1610 3670 1675 charitatis
3714 1610 4010 1695 lacrymis

2440 1725 2746 1787 excepere
2767 1751 2787 1778 ,
2819 1729 2975 1788 quas
3007 1707 3170 1770 inter
3192 1715 3383 1789 atque
3413 1708 3577 1781 inter
3600 1716 3854 1772 mutuos
3874 1728 4004 1773 am-

2442 1800 2663 1882 plexus
2690 1802 2856 1868 facta
2887 1815 2987 1867 est
3018 1808 3272 1868 tandem
3306 1805 3604 1869 secessio.
3636 1813 3685 1867 Ο
3733 1805 4005 1877 admira-

2441 1899 2637 1967 bilem
2668 1921 2918 1984 quoque
2942 1904 3179 1986 egregii
3201 1903 3389 1986 hujus
3410 1902 3521 1965 viri
3549 1898 4003 1975 humilitatem,

2438 1998 2680 2063 cuiceu
2713 1999 2918 2080 primo
2946 1998 3378 2083 latissimeque
3401 1999 3812 2073 fundunento
3839 2007 4011 2067 tanta

2441 2095 2736 2163 virtutum
2768 2095 2974 2162 moles
3004 2107 3127 2162 tam
3154 2099 3380 2162 decora
3409 2108 3534 2163 tam
3594 2098 3849 2164 excelsa
3900 2119 4004 2163 su-

2439 2200 2838 2276 perextructa
2867 2203 3007 2269 est,
3037 2205 3106 2260 ut
3132 2196 3213 2259 ad
3264 2196 3550 2259 ultimum
3611 2216 3811 2279 usque
3865 2217 4009 2263 cee-

2439 2288 2572 2353 lum
2595 2335 2619 2364 ,
2644 2290 2724 2353 ad
2755 2290 3085 2374 ipsumque
3119 2293 3230 2356 Dei
3262 2292 3502 2358 Solium
3532 2290 3690 2357 felix
3712 2334 3734 2369 ‚
3762 2312 3835 2357 ac
3866 2311 4005 2375 pet·-

2442 2398 2633 2469 petuo
2662 2408 3024 2455 mansurum
3059 2389 3371 2474 fastigium
3407 2390 3738 2454 intulerit!
3772 2417 3796 2443 ι

2574 2514 2597 2541 ·
2636 2493 2884 2551 Interea
2912 2489 2990 2552 ad
3019 2488 3378 2552 intermissa
3410 2489 3516 2552 diu
3557 2489 3763 2552 studia
3824 2486 4005 2552 redu·

2438 2603 2576 2646 cem
2610 2587 2986 2650 revocabant
3014 2607 3228 2651 sacrae
3286 2587 3631 2669 civilesque
3691 2587 3904 2669 leges,
3935 2587 4000 2647 in

2438 2700 2596 2763 quas
2621 2684 2818 2762 probe
2845 2684 3269 2766 assequendas
3311 2691 3487 2749 tanto
3544 2685 3999 2749 vehementiori

2437 2780 2834 2861 contentione
2865 2782 3212 2845 incubitum
3246 2790 3382 2852 est,
3414 2791 3478 2845 ut
3511 2782 3687 2845 brevi
3723 2801 3845 2845 non
3877 2801 4007 2846 mo-

2438 2877 2519 2941 do
2549 2879 3198 2962 Friburgioomorum
3217 2881 3510 2962 insignia,
3547 2881 3658 2945 sed
3681 2879 4002 2963 egregium

2438 2997 2579 3039 cum
2613 2976 2835 3057 primis
2863 2997 3092 3042 nomen
3121 2980 3184 3040 in
3233 2978 3514 3042 dicendis
3566 2978 3772 3044 causis
3829 2985 4009 3041 tuen·

2435 3072 2661 3156 disque
2690 3075 2960 3139 aliorum
2992 3075 3240 3158 juribus
3291 3077 3370 3141 sit
3429 3085 3828 3159 assequutus.
3888 3083 4006 3138 Ve-

2436 3181 2787 3237 rumtamen
2821 3175 2972 3255 quid
3003 3176 3424 3255 Jurisperitus
3454 3184 3670 3258 ageret
3711 3185 4005 3240 aeternae

2435 3268 2657 3334 salutis
2686 3269 2905 3333 anxius
2924 3313 2946 3342 ,
2976 3269 3074 3332 vel
3107 3270 3188 3333 ad
3217 3270 3494 3354 injuriae
3525 3281 3632 3336 aut
3687 3271 4001 3352 nequitiae

2436 3386 2663 3436 nomen
2693 3387 2842 3448 prae
2875 3368 3147 3430 maxima
3174 3367 3533 3434 innocentia
3558 3368 4004 3441 exalbescam.

2437 3464 2488 3527 si
2523 3464 2774 3544 quando
2802 3464 3002 3546 ruptis
3030 3464 3243 3548 legum
3286 3465 3599 3547 repagulis
3657 3473 4003 3547 eversaque

2432 3561 2712 3643 justitiae
2747 3560 2925 3627 lance
2958 3569 3181 3626 Forum
3211 3563 3338 3645 jam
3362 3562 3716 3626 universum
3737 3572 4006 3645 perstre·

2436 3669 2615 3742 peret
2643 3660 2864 3723 litibus
2892 3661 3062 3722 varia
3120 3659 3639 3739 interpretatione
3698 3661 3869 3724 ,luris
3925 3662 4003 3725 ad

2438 3758 2964 3838 opportunitatem
3026 3757 3273 3822 distorti
3296 3800 3317 3829 ,
3391 3758 3778 3838 sinistraque
3832 3759 4002 3822 Jutli-

2438 3875 2577 3917 cum
2611 3863 2668 3917 et
2701 3856 3166 3920 causidicorum
3203 3875 3312 3918 seu
3348 3854 3714 3927 voluntate,
3772 3875 3881 3922 seu
3914 3855 4007 3917 in·

2443 3950 2784 4036 telligentia
2816 3951 3363 4034 quamdiutissime
3394 3952 3708 4033 ampliatis
3735 3973 3809 4016 ac
3865 3972 4005 4034 pro·

2438 4050 2775 4131 pemodum
2809 4049 3062 4114 infinitis
3091 4058 3265 4115 certo
3293 4049 3676 4134 litigatorum
3732 4048 4001 4120 damno,

2441 4146 2537 4211 vel
2559 4156 2843 4212 extrema
2868 4147 3496 4230 quandoquejartura
3515 4148 3549 4209 ⁴?
3569 4148 3806 4230 Agebat
3831 4146 4001 4226 quod

2442 4246 2706 4329 quisque
2735 4247 2982 4328 sapiens
3011 4246 3492 4310 christianorum
3513 4244 3876 4327 dogmatum
3895 4265 4000 4308 ae·

2442 4345 2767 4419 stimator3
2796 4344 3066 4424 ideoque
3099 4344 3252 4406 recti
3288 4354 3476 4407 tenax
3503 4353 3565 4407 et
3595 4341 3842 4407 honesti
3896 4344 3994 4425 ju-

2440 4442 2671 4505 stitiam
2702 4440 3021 4503 dumtaxat
3054 4461 3125 4503 ac
3152 4440 3480 4504 veritatem
3513 4439 3724 4503 animo
3745 4482 3764 4510 ,
3811 4460 4005 4510 vore,

2443 4537 2692 4621 scriptis
2721 4539 3237 4609 consectabatur,
3296 4537 3725 4602 cavillationes
3783 4557 4006 4602 omnes

2443 4654 2791 4713 omnesque
2829 4635 3046 4698 inanes
3077 4635 3458 4699 subtilitates
3504 4635 3696 4700 veluti
3741 4634 4006 4718 judicio·

2443 4753 2583 4795 rum
2620 4739 2856 4812 pestem
2889 4733 3775 4813 summopere-reformidans,
3803 4742 3874 4798 ut
3924 4733 3991 4798 in

2445 4829 2764 4910 praeclaro
2792 4830 3106 4894 Advocato
3136 4831 3453 4912 antiquam
3514 4831 3987 4895 Jureconsulto·

2443 4946 2579 4988 rum
2611 4924 2874 5008 gloriam
2907 4926 3153 4991 videres
3182 4927 3715 4992 reflorescentem.
3766 4927 4002 5010 orpha-

2445 5024 2540 5087 nis
2563 5066 2583 5093 ,
2611 5022 2829 5086 viduis
2851 5066 2871 5093 ,
2905 5023 3162 5105 Pupillis
3183 5068 3204 5096 ,
3256 5022 3557 5087 Eccleaiis
3577 5065 3599 5094 ,
3658 5024 4002 5106 Egentihus

2447 5120 2717 5201 denique
2747 5121 3038 5185 omnihus
3070 5130 3321 5203 praesto
3342 5125 3476 5184 erat
3508 5120 3823 5185 tutissimo
3844 5141 4010 5185 sem-

2446 5239 2561 5301 per
2590 5239 2659 5282 ac
2689 5215 2860 5280 fideli
2894 5218 3237 5298 patrocinio
3265 5237 3401 5281 suo.
3435 5223 3512 5278 At
3537 5218 3713 5279 enim
3750 5236 3894 5279 cum
3927 5216 4007 5280 de

768 5318 862 5379 illi
897 5319 1153 5383 nobiles
1177 5318 1296 5382 riri
1327 5361 1346 5390 ,
1381 5318 1611 5400 quibus
1654 5318 1796 5380 dum
1851 5324 1979 5380 tam
2042 5317 2335 5381 diuturna
2450 5315 2816 5399 gravissima
2852 5334 2917 5378 re
2951 5313 3325 5395 gravissimo
3379 5313 3716 5394 aliquando
3773 5313 4010 5392 iudicio

766 5417 833 5479 in
858 5416 1357 5502 peregrinatione
1389 5418 1518 5481 dux
1540 5424 1603 5480 et
1631 5435 1844 5479 comes
1867 5416 2180 5487 extiterat,
2209 5434 2335 5479 ms·
2449 5413 2888 5485 contenderet,
2920 5411 3304 5494 instaretque
3351 5409 3617 5476 celerius
3672 5409 4010 5492 expedien-
