4442 6300
1831 503 2075 563 mnu
2111 501 2403 561 REBUH.

1240 657 1286 711 c
1963 696 1972 725 ι

579 832 938 890 caeremonia
976 834 1035 886 in
1062 831 1474 904 comportandis
1499 818 1891 889 Oblationibus
1908 868 1925 897 ,
1954 829 2049 884 iis·

474 938 578 1005 que
630 925 807 993 Papae
860 920 1180 976 exhibendis
1234 922 1292 974 in
1343 922 1513 975 Missa
1568 920 2047 1003 canonizationis,

464 1026 595 1081 pag.
624 1010 749 1077 320.
776 1009 901 1062 321.

583 1098 1074 1154 Caeremoniarum
1123 1097 1396 1169 legisset·
1453 1098 1801 1152 lastinianus
1853 1096 2052 1167 Cbiap·

471 1188 606 1260 poni
633 1186 1076 1254 commendatur,
1099 1204 1230 1257 pag.
1260 1188 1349 1240 17.

559 1276 723 1333 'Item
750 1277 1081 1331 Dominicus
1111 1277 1357 1347 cappelli
1376 1316 1391 1344 ,
1413 1295 1541 1348 pag.
1584 1276 1674 1330 12.
1702 1276 1810 1329 314
1856 1284 1910 1333 et
1938 1277 2051 1328 Ste-

477 1365 691 1436 phanus
718 1368 990 1420 infessura
1008 1404 1023 1432 ,
1046 1383 1175 1436 pag.
1208 1367 1329 1419 132.
1767 1364 1780 1379 “

577 1457 1069 1511 caeremoniarum
1106 1457 1439 1518 Praefectus
1486 1455 1809 1525 subrogatur
1857 1455 2054 1506 Proto·

475 1546 704 1599 notariis
731 1545 1045 1599 absentibus
1074 1563 1176 1616 pro
1206 1546 1550 1599 confectione
1578 1542 1935 1597 Instrumenti
1993 1543 2050 1593 in

474 1636 670 1707 quinto
698 1635 1049 1688 consistorio
1079 1634 1455 1704 Semipublico
1482 1650 1647 1701 snper
1673 1632 2055 1686 canonizatio-

478 1739 548 1777 ne
565 1724 635 1776 Β.
668 1721 989 1778 catharinae
1016 1722 1084 1776 de
1111 1722 1350 1787 Ricciis,
1373 1738 1502 1790 pag.
1530 1721 1658 1773 278.

587 1810 1120 1882 congregationibus
1149 1811 1542 1865 Oeconomicis
1569 1825 1732 1880 snper
1757 1807 2055 1862 canoniza-

481 1903 633 1957 tione
661 1901 862 1954 habitis
889 1901 1164 1965 interfuit,
1187 1918 1318 1970 pag.
1354 1899 1440 1951 17.

590 1990 1062 2046 Caeremoniarius
1115 1990 1249 2042 aiter
1285 2007 1314 2041 e
1341 2003 1572 2039 numero
1601 1984 2053 2055 participantium

476 2081 778 2135 venantius
829 2078 1124 2148 Philippus
1151 2079 1418 2130 Piersanti
1451 2075 1796 2128 cdrdinalem
1826 2072 2056 2141 Episco-

474 2187 604 2240 pum
632 2169 986 2221 Assistentem
1009 2166 1065 2218 in
1088 2166 1324 2219 solemni
1344 2162 1794 2218 canonizationis
1817 2162 2054 2215 Actione

476 2259 693 2329 dirigit,
715 2275 843 2328 pag.
879 2257 1003 2308 309.

586 2345 1068 2400 caeremoniarum
1120 2342 1383 2412 Magister
1444 2341 1684 2396 Nuntius
1749 2337 2053 2409 Sperandio

479 2437 822 2491 Cardinalem
857 2436 1246 2487 Portocarrero
1273 2433 1691 2485 Procuratorem
1746 2430 1811 2481 ad
1869 2436 2055 2499 postn-

480 2524 693 2577 landam
726 2521 1214 2576 canonizationem
1265 2522 1495 2574 electum
1548 2520 1844 2572 comitante
1872 2518 2058 2569 Advo-

477 2624 596 2666 cato
626 2613 1012 2667 consistoriali
1042 2610 1260 2663 adducit
1296 2617 1416 2662 ante
1456 2611 1629 2661 imum
1659 2607 1797 2660 Solii
1827 2606 2053 2677 gradum

478 2720 581 2773 pro
611 2703 883 2755 instantiis
901 2739 914 2762 ,
938 2718 1076 2769 pag:
1098 2701 1226 2752 309.
1253 2707 1306 2752 et
1357 2697 1720 2767 responsione
1748 2704 1961 2764 accepta
1987 2694 2054 2747 ad

481 2796 662 2846 locum
696 2790 838 2844 unde
864 2790 1205 2855 discesserat,
1237 2787 1443 2841 reducit
1467 2824 1482 2852 ,
1506 2804 1634 2856 pag.
1662 2786 1786 2837 311.
1815 2784 1939 2837 312.

594 2879 1070 2934 caeremoniarum
1123 2877 1384 2944 Magister
1420 2875 1739 2927 Franciscus
1780 2871 2055 2924 Diversini

480 2970 832 3025 Oblationem
885 2986 988 3037 pro
1016 2975 1200 3020 sancto
1227 2964 1407 3016 Fideli
1439 2984 1465 3014 a
1506 2961 1839 3032 Sigmaringa
1873 2958 2058 3011 Ponti-

483 3060 573 3113 fici
601 3057 959 3114 exhibendam
989 3055 1264 3124 disponit,
1291 3071 1418 3122 pag.
1460 3052 1585 3105 322.
1616 3068 1717 3120 pro
1745 3058 1928 3102 sancto
1958 3051 2058 3102 ca-

485 3151 645 3204 millo
693 3149 940 3200 Joannes
990 3149 1166 3199 Lucca
1206 3145 1339 3197 alter
1364 3139 1862 3206 caeremoniarius,
1918 3135 2053 3191 ibid.

484 3239 726 3292 Tertiam
785 3254 885 3305 pro
921 3245 1109 3288 sancto
1136 3236 1301 3286 Petro
1331 3232 1588 3300 Regalato
1638 3229 1927 3280 comitatus
1980 3236 2061 3280 est

484 3328 731 3381 Ioannes
762 3325 1003 3393 Baptista
1025 3321 1304 3377 Valeriani
1359 3321 1567 3390 primus
1595 3335 1659 3371 ex
1687 3316 2064 3370 caeremonia-

491 3432 610 3469 rum
639 3413 915 3484 Magistris
943 3429 1103 3480 supra
1130 3425 1414 3464 nnmerum
1434 3445 1449 3473 ,
1478 3405 1616 3459 ibid.
1645 3407 1902 3473 Quartam
1959 3419 2060 3470 pro

486 3513 669 3557 sancto
695 3502 950 3572 Josepbo
981 3521 1008 3550 a
1032 3500 1325 3565 Leonissa,
1356 3506 1411 3552 et
1433 3498 1677 3568 quintam
1725 3511 1829 3564 pro
1884 3499 2061 3545 sancta

487 3593 776 3655 catharina
829 3591 895 3643 de
947 3588 1155 3640 Ricciis
1209 3587 1478 3639 deduxere
1520 3586 1769 3637 Joannes
1818 3579 2062 3650 Baptista

486 3681 699 3733 Lizzani
718 3718 732 3744 ,
760 3689 813 3733 et
847 3674 1174 3730 Franciscus
1200 3672 1529 3742 manganoni
1547 3709 1562 3737 ,
1593 3669 1728 3723 ibid.

603 3767 1081 3822 caeremoniarum
1113 3761 1356 3831 Magistri
1409 3776 1569 3829 supra
1617 3773 1905 3810 numerum
1953 3755 2063 3807 dno

489 3858 774 3911 novissimi
825 3858 999 3908 Lucas
1038 3851 1329 3916 verdiani,
1382 3857 1436 3902 et
1473 3846 1780 3901 Alexander
1829 3843 2064 3898 Mariani

491 3945 721 4001 Nobiles
744 3943 958 4008 Laicos,
980 3942 1078 4011 qui
1105 3955 1296 4010 aquam
1327 3954 1427 4007 pro
1454 3935 1664 3989 lotione
1693 3949 1948 3985 manuum
1969 3932 2067 3985 Pa-

492 4051 592 4103 pae
620 4031 966 4102 praeberent,
996 4027 1300 4081 alternatim
1329 4023 1568 4076 comitati
1600 4029 1753 4086 sunt,
1782 4018 1918 4072 ibid.

605 4117 1034 4174 caeremonia-rii
1065 4117 1243 4184 Papae
1270 4111 1481 4164 adstant
1507 4127 1632 4178 prae
1660 4107 1869 4160 foribus
1896 4106 2067 4160 Aulae

495 4209 554 4261 in
584 4205 949 4262 consistoriis
978 4203 1218 4268 secretis,
1248 4208 1301 4253 et
1326 4200 1471 4250 intus
1500 4203 1791 4249 evocantur
1815 4210 1913 4264 per
1936 4193 2071 4248 Tin-

494 4293 762 4349 tinnabuli
793 4292 1033 4345 sonitum
1051 4326 1067 4354 ,
1089 4306 1220 4359 pag.
1248 4287 1338 4339 28.

603 4384 889 4451 Rogantur
940 4378 1008 4430 de
1043 4374 1321 4429 canonica
1367 4371 1605 4424 Romani
1645 4366 1930 4422 Pontificis
1967 4367 2073 4422 ele·

498 4469 706 4535 atione,
732 4467 1089 4522 Pontificatus
1118 4462 1514 4535 acceptatione,
1544 4468 1597 4515 et
1623 4458 1868 4512 nominis
1896 4456 2075 4527 impo-

501 4558 735 4624 sitione,
758 4575 888 4626 pag.
915 4555 1045 4608 277.

610 4647 894 4715 colligunt
943 4641 1196 4712 suffragia
1249 4646 1375 4711 post
1401 4636 1806 4693 consistorium
1841 4633 2077 4703 semipu-

501 4733 708 4787 blicum
738 4751 766 4785 a
794 4729 1178 4786 cardinalibus
1206 4737 1259 4783 et
1280 4725 1578 4798 Episcopis
1624 4723 1822 4794 scripta
1848 4730 1902 4777 et
1951 4719 2078 4775 sub-

503 4824 734 4892 scripta,
758 4840 890 4892 pag.
917 4823 1006 4874 05.

610 4908 960 4962 Distribuunt
990 4903 1374 4961 cardinalibus
1402 4910 1456 4956 et
1480 4898 1830 4953 Praesulibns
1869 4916 1898 4949 a
1926 4897 2078 4952 Con·

504 4999 728 5053 sistnrio
756 4997 1074 5051 exeuntibus
1099 4994 1375 5063 exemplar
1400 4991 1723 5059 impressum
1754 4985 2079 5039 notificatio·

506 5087 597 5140 nis
623 5085 997 5155 Indulgentiae
1036 5083 1317 5136 Plenariae
1344 5078 1583 5133 indictae
1610 5093 1712 5147 pro
1741 5075 1950 5129 futurae
1978 5076 2077 5128 Ca·

504 5174 874 5227 nouitationis
901 5171 1322 5234 deliberatione,
1345 5185 1474 5236 pag.
1506 5164 1627 5217 121.

617 5264 702 5316 Ex
728 5261 813 5314 his
841 5261 983 5324 duo,
1012 5277 1118 5329 ope
1147 5257 1486 5311 Clericorum
1517 5250 1910 5322 Acolythorum
1940 5252 2077 5320 cap-

508 5352 681 5419 pellae
702 5349 1042 5416 Pontificiae,
1065 5349 1267 5420 cereos
1290 5339 1652 5417 quadrilibres
1673 5339 2074 5405 cardinalibus,

3443 508 3551 569 385

2146 651 2387 707 trilibres
2438 653 2629 708 ceteris
2656 650 2965 708 Ordinibus
2993 666 3190 724 corpus
3218 655 3461 727 ejusdem
3501 660 3735 731 cappel-

2145 743 2229 797 lae
2254 730 2712 812 componentibus
2740 741 3087 807 distribuere.
3116 744 3240 816 ipso
3268 745 3717 803 canonizationis

2148 829 2272 896 die,
2294 848 2426 900 pag.
2458 831 2585 885 303.

2265 917 2641 973 Caeremoniis
2660 918 2991 989 Praefectus
3016 920 3083 976 de
3111 921 3363 976 mandato
3389 920 3734 994 Papaessadiit

2150 1007 2496 1061 cardinalem
2526 1010 2936 1074 Portocarrero,
2958 1019 3017 1062 ut
3044 1027 3166 1064 eum
3197 1012 3485 1065 certiorem
3512 1015 3730 1083 faceret,

2125 1116 2178 1149 ω
2210 1096 2500 1151 Sanctitate
2527 1097 2630 1150 Sua
2657 1098 3073 1152 Procuratorem
3114 1100 3318 1154 suturae
3349 1101 3732 1157 Canonizatio-

2149 1185 2238 1237 nis
2265 1184 2602 1255 designatum
2631 1185 2828 1251 fnisse,
2848 1203 2977 1256 pag.
3002 1184 3134 1243 291.

2263 1274 2347 1327 De
2399 1274 2602 1344 scripto
2631 1274 2889 1329 admonet
2916 1278 3092 1330 Duces
3122 1277 3505 1332 custodiarum
3537 1282 3656 1333 Pon
3673 1283 3735 1334 ti·

2152 1360 2393 1415 liciarum
2414 1401 2430 1428 ,
2458 1365 2767 1417 Praesulem
2823 1365 3141 1419 Generalem
3171 1370 3467 1421 Armorum
3486 1408 3499 1433 ,
3527 1371 3728 1440 Magis-

2157 1459 2297 1503 trum
2327 1450 2462 1504 sacri
2493 1454 2756 1521 Hospitii,
2785 1455 3027 1524 aliosque
3054 1457 3373 1524 nonnullos,
3405 1458 3603 1526 quibus
3633 1460 3731 1512 ali-

2152 1538 2302 1609 quod
2327 1539 2676 1593 incumbebat
2698 1559 2891 1595 munus
2913 1544 2967 1595 in
2989 1542 3081 1597 die
3103 1545 3568 1608 Canonizationis,
3592 1547 3728 1601 ibid.

2262 1628 2601 1683 Peculiarem
2651 1647 2871 1700 quoque
2923 1630 3013 1682 dat
3041 1631 3362 1686 schedulam
3407 1651 3508 1704 pro
3537 1635 3736 1689 Tribu-

2157 1716 2448 1771 nalicivili
2481 1717 2676 1772 Curiae
2705 1718 3010 1772 cardinalis
3037 1721 3278 1787 vicarii,
3301 1740 3429 1793 pag.
3457 1723 3584 1778 288.

2274 1806 2542 1858 Gamerae
2567 1807 2934 1877 Apostolicae
2959 1810 3289 1863 Procurator
3321 1810 3604 1866 Generalis
3631 1814 3736 1867 Jo-

2155 1908 2321 1946 annes
2350 1892 2641 1963 Philippus
2668 1894 2977 1947 Advocatns
3003 1896 3221 1966 Toppi,
3260 1914 3381 1950 cum
3436 1897 3735 1956 deferretur

2153 1979 2303 2048 Papa
2347 1981 2407 2032 in
2439 1982 2704 2034 Sacellum
2736 1982 3005 2035 Sixtinum
3037 2002 3139 2054 pro
3168 1987 3445 2041 cantandis
3471 1989 3733 2059 vesperis

2155 2066 2212 2118 in
2243 2069 2531 2139 pervigilio
2559 2071 2705 2123 Festi
2737 2071 2833 2124 SS.
2861 2073 3293 2143 Apostolorum,
3316 2090 3499 2130 coram
3529 2095 3595 2131 eo
3648 2079 3735 2132 in·

2157 2158 2446 2225 terpellans
2488 2166 2813 2228 protestatus
2848 2168 2928 2214 est
2970 2177 3071 2231 pro
3100 2166 3381 2218 Parmensi
3418 2174 3472 2221 et
3516 2168 3736 2222 Placen-

2156 2245 2276 2298 tino
2322 2247 2531 2300 Ducatu
2572 2247 2722 2303 Fisci
2773 2256 2828 2302 et
2877 2250 3119 2319 ejusdem
3170 2254 3426 2309 camerae
3471 2257 3696 2312 nomine
3715 2297 3733 2326 ,

2150 2350 2282 2403 pag.
2311 2335 2441 2387 301.

2268 2424 2525 2477 camerae
2550 2424 2905 2493 Apostolicae
2929 2426 3239 2483 Atlvocatus
3265 2431 3494 2485 Fiscalis
3521 2451 3551 2488 e
3603 2435 3734 2488 Col·

2155 2508 2301 2579 legio
2366 2510 2774 2567 Advocatorum
2838 2516 3320 2573 consistorialium
3383 2520 3678 2576 sumendus
3708 2563 3728 2591 ‚

2152 2615 2284 2666 pag.
2316 2599 2442 2651 150.
2560 2633 2597 2662 .,,
2807 2654 2811 2667 Α

2274 2688 2628 2744 Camerarius
2645 2690 2700 2742 S.
2722 2692 2793 2744 R.
2813 2693 2881 2743 E.
2905 2691 3213 2746 cardinalis
3225 2696 3465 2748 Annibal
3485 2696 3735 2752 Albanus

2155 2794 2280 2829 eum
2311 2778 2540 2831 Clericis
2591 2781 2848 2833 Gamerae
2876 2782 3226 2850 Apostolicae
3277 2793 3330 2836 et
3358 2787 3734 2841 cameralibus

2157 2866 2513 2935 collegialiter
2538 2868 2708 2920 unitis
2735 2868 2925 2934 adstat,
2944 2869 3070 2922 dum
3099 2872 3428 2926 Procurator
3448 2873 3730 2930 Generalis

2157 2955 2414 3008 camerae
2435 2956 2784 3025 interpellans
2803 2966 3128 3027 protestatur
3144 2976 3246 3030 pro
3261 2962 3541 3017 Parmensi
3555 2965 3739 3019 etPla-

2156 3043 2376 3095 centino
2400 3043 2638 3109 Ducatu,
2666 3046 2795 3100 301.

2271 3130 2415 3186 Vide
2440 3132 2739 3187 Instantia.

2276 3220 2564 3290 Campana
2591 3222 2783 3274 Turris
2812 3223 3155 3292 capitolinae
3205 3245 3304 3296 per
3352 3228 3542 3281 horam
3601 3232 3737 3286 inte-

2158 3325 2310 3376 gram
2339 3308 2559 3361 assiduo
2591 3311 2751 3379 pulsu
2788 3313 3054 3381 quatitur,
3085 3324 3143 3366 ut
3169 3317 3467 3385 completae
3494 3318 3737 3388 quinque

2161 3396 2451 3449 Beatorum
2484 3398 2931 3452 canonizationis
2970 3400 3183 3471 signum
3214 3404 3472 3457 omnibus
3523 3406 3740 3462 innote-

2161 3493 2302 3548 scat,
2324 3503 2455 3555 pag.
2480 3484 2609 3540 291.

2275 3575 2583 3642 campanae
2608 3573 2929 3631 substitutae
2956 3586 3081 3630 sunt
3106 3578 3280 3631 Tubis
3308 3581 3572 3650 argenteis
3602 3591 3741 3637 vete·

2164 3659 2241 3712 ris
2259 3660 2614 3730 Testamenti,
2636 3682 2770 3733 quae
2797 3664 3194 3721 adhibebantur
3211 3668 3275 3719 ad
3300 3669 3740 3740 congregandum

2164 3749 2463 3818 Populum,
2486 3749 2831 3822 dandumque
2851 3755 3209 3824 profectionis
3230 3757 3601 3828 signum,pag.
3615 3761 3742 3813 305.

2280 3838 2477 3892 Secnlo
2504 3848 2695 3893 octavo
2722 3842 3027 3907 Ecclesiae,
3058 3847 3364 3915 Campanae
3391 3863 3502 3898 non
3530 3867 3742 3915 aereae,

2166 3925 2262 3979 sed
2287 3927 2498 3997 ligneae
2526 3937 2707 3994 erant3
2736 3930 2896 3984 unde:
2926 3931 3105 3999 Ligna
3127 3951 3310 3986 sacra:
3344 3945 3577 4002 vocatae,
3606 3935 3741 3989 ibid.

2165 4013 2311 4068 Vide
2337 4019 2446 4071 AEs
2477 4017 2841 4088 Campanum.
2873 4018 3350 4074 Tintinnabulum.

2285 4104 2635 4159 Candelabra
2668 4119 2876 4176 septem
2927 4107 3163 4161 inaurata
3190 4128 3311 4162 cum
3340 4110 3580 4164 candelis
3610 4112 3747 4164 Ara·

2167 4191 2291 4244 bice
2343 4192 2504 4261 pictis
2532 4202 2652 4248 ante
2681 4197 2911 4249 Crucem
2940 4196 2997 4247 in
3028 4197 3565 4267 supplicationibus,
3598 4203 3744 4270 Papa

2169 4278 2431 4332 Officium
2457 4289 2773 4351 peragente,
2800 4291 2851 4336 et
2879 4282 2943 4335 ad
2974 4286 3326 4356 Evangelium
3368 4287 3594 4342 latinum
3650 4288 3743 4341 de·

2173 4367 2447 4433 seruntur,
2470 4387 2599 4440 pag.
2628 4371 2754 4424 308.
2782 4372 2907 4425 378.
2934 4372 3082 4427 Vide
3107 4374 3352 4429 Abacus.

2289 4457 2661 4511 Candelarum
2710 4460 2939 4531 siugulis
2967 4462 3233 4515 (loetibus
3284 4463 3347 4516 ad
3381 4464 3740 4536 supplicatio·

2174 4560 2298 4598 nem
2329 4545 2739 4598 distributurum
2769 4546 3005 4616 pondus.
3035 4548 3179 4602 Vide
3213 4550 3386 4603 Cerei.

2293 4633 2566 4686 Canonici
2594 4635 2756 4688 trium
2787 4636 3230 4691 Patriarchalium
3258 4639 3454 4706 Urbis,
3482 4642 3578 4710 qui
3631 4658 3747 4694 mn·

2175 4720 2267 4774 nia
2298 4720 2661 4788 subdiaconi,
2692 4722 2920 4775 Diaconi
2936 4764 2955 4790 ,
2985 4732 3039 4777 et
3089 4724 3397 4794 Presbyteri
3424 4728 3749 4781 Assistentis
3795 4749 3804 4758 ·

2177 4809 2233 4861 in
2265 4810 2541 4880 cappellis
2568 4810 2875 4863 Pontificiis
2920 4810 3124 4864 obeunt
3157 4813 3297 4866 inter
3322 4813 3747 4868 Reserandarios

2179 4897 2457 4968 utriusque
2487 4898 2800 4967 signatura-e
2851 4909 3336 4964 connumerantur3
3366 4910 3419 4956 et
3443 4903 3748 4956 Bocche-tto

2178 4991 2231 5036 et
2256 4985 2662 5055 superpelliceo
2688 4985 2864 5038 induti
2921 5004 3025 5040 una
3074 5005 3196 5040 cum
3251 4988 3330 5041 eis
3381 4989 3639 5043 incedunt
3692 4987 3751 5042 iu

2180 5073 2624 5144 supplicatione,
2647 5091 2777 5144 pag.
2806 5074 2931 5127 307.
3616 5139 3627 5148 ἡ

2292 5162 2559 5214 canonici
2618 5162 2862 5240 Sacrario
2891 5162 3151 5216 Vaticano
3204 5164 3466 5218 Praefecti
3507 5164 3546 5216 J
3552 5164 3751 5218 acobus

2177 5249 2386 5304 Vittori
2441 5260 2493 5304 et
2517 5251 2767 5305 Joannes
2794 5249 3115 5315 Franciscus
3144 5253 3210 5304 de
3238 5252 3546 5306 Abbatibus
3570 5255 3756 5307 Olive-

2181 5337 2295 5390 rius
2350 5355 2469 5391 una-
2505 5355 2628 5391 cum
2670 5336 2947 5392 cardinali
2973 5338 3237 5393 Basilicas
3264 5339 3752 5410 Archipresbytero
