4442 6300
1600 467 1946 533 QuixQue
1990 464 2458 517 &Neronum
2503 468 2667 515 mc.
3480 462 3551 516 ἠ

497 609 682 675 dolor
708 611 980 675 evomuit.
1012 611 1333 682 Tertium„
1365 611 1533 693 quod
1555 655 1575 683 ,
1619 631 1760 674 cum
1797 610 2060 674 infantu-

2171 612 2232 671 in
2265 609 2487 679 ultima
2532 608 2808 692 generali
2844 611 2964 673 duo
3010 631 3085 673 ex
3116 618 3340 691 ψιθίου·
3381 608 3580 690 pffis
3623 616 3732 671 Pa-

492 708 598 773 lus
640 710 1006 773 Franciseus
1045 710 1341 790 Papussin
1384 711 1486 771 r-ix
1512 708 1575 771 in
1605 708 1808 774 lucem
1856 710 2062 773 editus
2174 718 2337 772 trum
2373 707 2683 790 suffragiis
2712 709 3084 788 adprobata,
3116 706 3732 787 taudemaliquando

499 807 827 897 dexterum
858 805 1105 869 oculum
1128 806 1331 887 primo
1354 807 1675 880 fluentem,
1700 827 1756 871 m
1768 797 1851 869 ox.
1869 807 2058 871 densa

496 904 843 970 suffusione
888 903 1321 967 obnubilatum
1369 903 1751 974 habuisset,·
1776 904 2057 967 foramen

497 1022 755 1084 qnoque
779 1003 840 1061 in
872 1001 1077 1064 medio
1107 1000 1292 1064 ocelli
1315 1008 1715 1084 conspectum
1740 1003 1815 1064 «le
1840 1002 2055 1065 bumo'·

498 1119 570 1164 re
610 1097 976 1182 crystallino
1016 1098 1360 1178 profluente
1405 1097 1820 1181 suspicionem
1868 1098 2054 1160 maxi-

495 1215 661 1258 mam
696 1193 1111 1275 ingessisset,
1140 1194 1423 1258 Medicus
1452 1215 1601 1259 vcro
1620 1239 1639 1265 ,
1669 1203 1957 1277 tanquam
1987 1215 2056 1259 re

497 1292 867 1373 desperata,
912 1311 1096 1370 opem
1140 1289 1308 1354 ferre
1355 1292 1808 1363 recusavisset,
1865 1298 2058 1357 Matre

495 1390 573 1453 ad
602 1388 831 1452 Fidelis
863 1408 1051 1469 opem
1079 1387 1482 1471 confugiente
1528 1396 1713 1470 atque
1745 1398 2011 1453 vovente
2037 1434 2057 1462 ,

500 1505 577 1550 se‘
601 1486 768 1549 diem
800 1485 1167 1568 vigesimam
1191 1494 1472 1567 quartam
1504 1488 1734 1568 Aprilis
1762 1506 1883 1568 qua
1904 1507 2061 1549 mar-

497 1582 730 1667 tyrium
765 1603 987 1663 passus
1011 1580 1236 1654 fuerat,
1263 1584 1427 1648 inter
1453 1585 1771 1649 solemnes
1808 1580 2062 1647 babitu-

499 1698 693 1752 ram,¹
718 1678 925 1743 soluto
966 1686 1153 1753 voto,
1195 1687 1358 1745 Puer
1396 1682 1480 1743 ita
1526 1690 1775 1745 sanatus
1818 1691 1955 1751 est,
1990 1690 2058 1744 ut

495 1775 741 1839 nullum
771 1776 843 1838 in
866 1775 1051 1840 oculo
1080 1768 1453 1842 remanserit
1477 1778 1849 1862 praeteritae
1890 1777 2058 1840 infir-

498 1875 733 1939 mitatis
786 1874 1107 1938 indicium.
1152 1880 1446 1949 Quartum
1491 1877 1791 1960 denique,
1849 1876 2056 1958 quod,

501 1992 643 2051 eum
672 1979 908 2053 Gaspar
934 1971 1178 2055 Stiglrer
1205 1994 1283 2037 ex
1313 1982 1474 2058 Pago
1506 1975 1853 2057 Gisingensi
1886 1974 2062 2056 quin-

494 2091 622 2154 ,que
645 2090 947 2137 annerum
971 2070 1171 2152 spatio
1190 2069 1455 2135 laterum
1479 2082 1919 2157 tergorumque
1936 2080 2059 2137 tam

495 2168 725 2232 acerbo
755 2165 973 2231 dolore
1012 2164 1238 2231 fuisset
1265 2168 1576 2259 afflictus,
1620 2181 1687 2233 ut
1718 2172 1945 2252 cuique
1975 2171 2054 2234 la·

500 2264 838 2336 bori·,-imo
865 2263 1057 2327 etiam
1088 2265 1281 2343 motui
1312 2256 1622 2347 impotens
1653 2274 1821 2331 esset
1845 2313 1865 2341 ,
1892 2275 2060 2347 post-

496 2382 684 2444 quam
714 2381 786 2424 se
818 2359 1051 2434 Fidelis
1078 2362 1420 2444 patrocinio
1450 2364 1930 2436 commendavit,
1961 2386 2067 2429 eo·

498 2481 623 2543 que
642 2458 855 2542 gladio
883 2467 1211 2524 contactus
1236 2458 1378 2532 fuit,
1410 2474 1534 2544 quo
1564 2461 1888 2535 dicebatur
1916 2461 2066 2531 fuis-

499 2577 569 2622 se
610 2577 947 2640 percussus
974 2556 1148 2621 illico
1176 2558 1477 2639 pristinae
1525 2560 1775 2637 sanitati
1823 2561 2067 2643 primis-

502 2674 625 2737 que
656 2654 893 2716 viribus
922 2654 1246 2717 restitutus
1276 2662 1393 2718 est.
1434 2683 1458 2708 ·

631 2782 652 2806 .
706 2742 1118 2832 Quapropter,
1149 2771 1289 2813 cum
1324 2738 1503 2815 Sacra
1534 2752 1756 2816 eadem
1790 2758 2062 2835 Congre-

502 2849 668 2933 gatio
698 2855 950 2915 Servum
997 2849 1107 2912 Dei
1149 2849 1311 2913 inter
1338 2855 1564 2913 Beatos
1608 2849 1874 2913 solemni
1920 2851 2060 2912 Ritu

501 2946 823 3037 recenseri
863 2966 1046 3028 posse
1098 2946 1402 3018 dixisset,
1460 2947 1629 3011 idem
1683 2947 2061 3029 benedictus

503 3046 664 3106 xm.
716 3042 861 3108 dato
906 3042 1244 3125 diplomate
1269 3087 1289 3116 ,
1343 3039 1449 3107 die
1498 3044 1736 3108 decima
1788 3045 2061 3109 secunda

502 3142 733 3207 utensis
756 3140 958 3206 Martii
988 3141 1130 3210 anui
1161 3139 1489 3207 millesimi
1524 3141 2061 3225 septingentesimi

501 3239 784 3330 vigesimi
831 3239 974 3314 noni
1005 3239 1084 3301 de
1126 3238 1320 3302 Fideli
1368 3247 1701 3304 Beatorum
1746 3237 1929 3304 fastis
1959 3242 2064 3305 ad-

503 3336 834 3401 scribendo
876 3342 1207 3401 Decretum
1238 3337 1489 3410 emisit,
1528 3336 1951 3419 indulsitque,
1994 3349 2065 3405 ut

503 3432 564 3494 in
593 3432 891 3495 universo
910 3432 1143 3496 Ordine
1186 3433 1490 3496 Minorum
1523 3437 1581 3497 S.
1615 3435 1916 3497 Francisci
1958 3439 2066 3500 Ca-

505 3530 907 3610 pucciuurum
933 3571 952 3601 ,
983 3529 1044 3592 in
1076 3532 1238 3595 Urbe
1268 3530 1581 3604 curiensi,
1611 3532 2063 3617 Sigmaringae,

505 3625 789 3710 Friburgi
815 3670 836 3699 ‚
863 3635 1051 3707 atque
1098 3626 1466 3713 Vitchyrcbii
1498 3629 1560 3690 in
1595 3629 1734 3713 ejus
1762 3629 2063 3714 bonorem

505 3721 781 3788 Officium
815 3742 887 3786 ac
912 3722 1102 3788 Missa
1119 3723 1196 3786 de
1227 3724 1541 3788 communi
1574 3725 1756 3787 unius
1774 3727 2065 3811 Martyris

504 3820 839 3902 quotannis
869 3820 1289 3890 anniversaria
1318 3820 1490 3885 illius
1526 3823 1746 3886 mortis
1773 3822 1878 3887 die
1909 3826 2064 3888 reci·

505 3925 761 3981 tat-etur.
790 3920 1345 3988 Percrebreseente
1372 3940 1518 3983 vero
1559 3921 1953 4001 postmodum
1992 3921 2061 3983 il-

504 4012 626 4078 lius
656 4003 1208 4085 sanctitatisTama,
1236 4015 1557 4081 Pontificio
1580 4018 1903 4081 sanctione
1925 4039 2060 4100 per-

505 4111 900 4175 missae-sunt
929 4109 1215 4193 prop'riae
1247 4113 1326 4176 de
1355 4114 1541 4178 beato
1572 4114 1759 4176 Fideli
1790 4127 2061 4199 martyre

503 4208 830 4272 Lectiones
885 4228 920 4271 a
976 4215 1158 4271 Sacra
1217 4208 1463 4274 Rituum
1524 4213 2016 4295 congregatione
2042 4258 2061 4286 ,

500 4308 714 4370 audito
746 4305 911 4369 Fidei
941 4312 1329 4380 Promotum,
1361 4307 2060 4392 adprobatae,·ejusque

500 4423 731 4467 nomen
772 4422 892 4466 una
924 4421 1062 4466 cum
1093 4401 1264 4476 illis,
1307 4424 1463 4486 quae
1493 4403 1556 4466 in
1603 4412 1880 4470 Romano
1907 4413 2062 4472 Mar-

498 4499 809 4586 tyrologio
837 4500 1170 4582 leguntur,
1199 4508 1694 4574 annumeratum.
1748 4533 1770 4557 υ

631 4628 654 4650 ·
688 4603 917 4666 ,Causa'
944 4597 1165 4659 iterum
1214 4606 1649 4681 reassumpta,
1692 4599 1831 4664 novi
1878 4600 2063 4683 paulo

500 4704 641 4776 post
668 4694 974 4758 efformati
1004 4691 1257 4757 fuerunt
1288 4696 1642 4777 Apostolica
1686 4699 2058 4765 auctoritate

499 4798 869 4863 Processus,
912 4798 1017 4865 ut,
1062 4812 1222 4874 quae
1271 4798 1410 4872 pest
1460 4793 1697 4858 cultum
1750 4794 2061 4860 indultum

498 4890 867 4962 dicebantur
921 4881 1200 4971 patrata,
1252 4889 1551 4955 miracula
1602 4893 2015 4975 probarentur
2045 4940 2058 4954 .

499 4992 715 5068 ltaque
744 4994 884 5067 post
926 5005 1292 5067 perpensam
1324 4986 1664 5072 diligenter
1703 4991 2063 5056 admissam-

486 5104 621 5165 .que
650 5102 862 5146 eorum
894 5080 1314 5155 validitatem,
1344 5085 1423 5147 ad
1455 5087 1923 5151 examinandam
1956 5110 2059 5152 eu·

499 5181 779 5246 rumdem
826 5179 1261 5243 miraculorum
1308 5184 1637 5254 veritatem
1684 5195 1873 5270 atque
1917 5191 2060 5250 sub-

496 5281 784 5354 stantiam
831 5279 1329 5343 deventumlest:
1365 5286 1644 5364 Cumque
1674 5283 1736 5344 in
1780 5285 2061 5364 pluribus

497 5374 1105 5459 Congregationibus
1136 5372 1405 5440 fuissent
1444 5373 1606 5442 bene
1638 5378 1918 5445 discussa
1942 5425 1961 5454 ‚
1995 5391 2060 5445 et

2174 806 2277 871 die
2309 805 2545 870 decima
2577 814 2790 869 octava
2839 805 3067 868 Mensis
3099 804 3370 871 Ianuarii
3403 803 3543 867 anni
3592 802 3730 864 mil·

2172 902 2384 966 lesimi
2433 902 2973 986 septingentesimi
3025 900 3483 984 quadragesimi
3527 901 3728 982 quarti

2170 1001 2609 1065 sanctissimus
2654 1000 2951 1063 Dominus
2986 1005 3210 1064 Noster
3253 1004 3731 1062 BENEDlCTUS

2169 1104 2323 1160 xlv.
2344 1095 2629 1161 Pontifex
2652 1097 2944 1177 Optimus
2967 1098 3274 1160 Maximus
3300 1095 3597 1177 peculiari
3626 1101 3733 1157 De·

2170 1204 2344 1273 creto
2375 1215 2496 1275 suo.
2520 1193 2913 1273 Apostolicae
2934 1192 3422 1256 confirmationis
3441 1192 3518 1255 iis
3547 1192 3736 1253 robur

2171 1291 2479 1374 adjunxit.
2525 1292 2793 1354 Primum
2848 1311 2924 1354 ex
2977 1290 3056 1354 iis
3097 1289 3211 1353 fuit
3254 1296 3345 1352 Fr.
3394 1286 3657 1381 Carolus
3699 1309 3756 1351 a‘

2148 1388 2524 1457 *Mediolano
2545 1410 2625 1452 ex
2648 1387 2873 1453 Ordine
2896 1389 3381 1470 Cap'uccinorum
3398 1383 3734 1450 Professus

2171 1507 2205 1550 a
2241 1488 2459 1550 morbo
2503 1485 2884 1568 epileptico,
2915 1506 3040 1568 quo
3074 1506 3187 1567 per
3229 1483 3605 1548 decennium
3638 1482 3727 1545 la-

2171 1583 2532 1655 boraverat,
2577 1591 2895 1646 momento
2944 1583 3190 1646 sanitati
3235 1581 3532 1661 pristinae
3575 1581 3733 1643 adeo

2170 1681 2496 1744 restitutus
2515 1725 2535 1755 ,
2563 1688 2630 1743 ut
2657 1679 3165 1744 infirmusfuisse
3197 1679 3549 1742 nullatenus
3567 1679 3734 1740 vide-

2166 1787 2361 1841 retur.
2396 1779 2675 1842 Alterum
2707 1780 2769 1841 in
2799 1778 3069 1860 Josepbo
3102 1778 3336 1841 Kirner'
3360 1784 3562 1840 Puero'
3583 1792 3730 1857 qua-

2168 1875 2417 1938 drienni
2465 1882 2770 1957 patratum
2810 1882 2941 1939 est:
2987 1876 3102 1938 Hic
3147 1874 3313 1935 enim
3362 1874 3442 1936 ob
3487 1871 3732 1936 rachiti-

2168 1971 2312 2049 dem
2345 1972 2714 2036 triennalem
2748 1992 2993 2036 omnem
3026 1973 3252 2053 pedum
3283 1990 3465 2035 usum
3508 1969 3732 2032 amiso·

2171 2079 2308 2145 ταῖς
2341 2071 2449 2135 sod
2482 2092 2514 2135 a
2546 2078 2738 2136 Matre
2769 2071 2850 2134 ad
2878 2071 3215 2135 Ecclesiam
3248 2068 3731 2149 capuccinorum

2172 2190 2314 2234 cum
2364 2170 2589 2233 fuisset
2646 2169 2865 2232 ductus
2898 2212 2917 2236 .‚
2972 2169 3284 2249 beatoque
3338 2164 3535 2228 Fideti
3595 2175 3736 2229 ante

2128 2352 2133 2359 .
2172 2268 2311 2351 ejus
2340 2268 2672 2351 imaginem
2709 2266 2969 2330 fervidis
2999 2269 3293 2350 precibus
3337 2263 3736 2327 commenda-

2175 2372 2302 2438 tus,
2323 2364 2749 2429 consolidatae
2775 2363 2986 2427 subito
3016 2362 3156 2428 sunt
3187 2365 3372 2427 bases
3393 2361 3558 2443 ejus,
3588 2358 3736 2423 reli·

2175 2463 2419 2543 etisque
2444 2506 2464 2534 ,
2500 2462 2728 2543 quibus
2756 2482 2983 2542 corpus
3012 2463 3313 2546 regebat,
3359 2457 3620 2528 fulcris,
3651 2459 3737 2520 ita

2177 2569 2348 2624 recte
2381 2558 2749 2631 ambulavit,
2782 2568 2849 2622 ut
2869 2559 3000 2621 suis
3029 2558 3165 2638 ipse
3187 2557 3449 2639 pedibus
3481 2561 3733 2617 Domum

2176 2659 2478 2728 redierit,
2509 2676 2822 2740 sanusque
2854 2675 3107 2737 semper
3132 2652 3478 2718 incesserit.
3512 2681 3533 2706 ι

2311 2785 2332 2809 ι
2387 2761 2748 2826 Postremo,
2806 2774 2948 2816 cum
2979 2753 3109 2815 die
3147 2750 3466 2834 .vigesima
3518 2759 3736 2831 quarta

2172 2851 2408 2915 Mensis
2437 2850 2641 2914 Martii
2685 2850 2969 2933 ejusdem
3001 2849 3144 2912 anni
3189 2849 3249 2909 in
3278 2845 3553 2932 generali
3590 2850 3742 2909 con·

2174 2948 2538 3032 gregatione
2581 2968 2790 3012 coram
2835 2946 3177 3010 Sanctitate
3228 2953 3344 3008 Sua
3390 2944 3735 3007 solemnem

2178 3046 2344 3108 beati
2379 3044 2607 3108 Fidelis
2629 3045 3169 3109 canonizationem
3201 3050 3336 3105 tuto
3358 3039 3576 3122 perfici
3602 3060 3740 3121 pos-

2177 3163 2245 3207 se
2279 3150 2491 3206 Patres
2519 3140 2846 3206 unanimes
2874 3139 3315 3211 affirmassent,
3349 3137 3565 3201 cadem
3598 3143 3740 3201 San-

2176 3239 2361 3303 ctitas
2389 3239 2508 3302 Sua
2537 3257 2759 3322 preces
2799 3238 2973 3322 prius
3003 3237 3140 3318 ipsa
3186 3235 3449 3299 fundere
3478 3233 3736 3304 statuit,

2175 3344 2242 3399 et
2285 3343 2354 3399 ut
2383 3356 2416 3398 a
2459 3335 2980 3399 christifidelibus
3022 3333 3433 3398 funderentur
3473 3331 3733 3394 indixit.

2175 3434 2291 3498 Die
2323 3434 2574 3498 demum
2606 3434 2912 3517 vigesima
2954 3442 3174 3515 quarta
3202 3432 3435 3496 Mensis
3464 3429 3694 3512 Aprilis
3717 3474 3735 3502 ‚

2175 3552 2301 3613 qua
2330 3531 2608 3615 Martyrii
2653 3532 2820 3600 beati
2864 3531 3101 3595 Fidelis
3143 3529 3564 3612 anniversaria
3611 3549 3740 3591 me·

2175 3630 2376 3693 moria
2406 3629 2708 3693 recolitur
2730 3673 2749 3703 ‚
2781 3649 2922 3694 cum
2956 3614 3329 3692 {na-:eclesia
3362 3626 3739 3708 capuccino-

2174 3747 2318 3791 rum
2366 3726 2627 3791 fecisset
2670 3733 2922 3791 Sacrum
2969 3727 3046 3791 ad
3098 3724 3252 3788 illud
3300 3723 3553 3794 Altam,
3609 3743 3737 3805 quo

2174 3823 2460 3906 ejusdem
2494 3823 2656 3888 beati
2683 3824 2970 3907 Martyris
3000 3823 3320 3905 Reliquiae
3343 3828 3522 3886 erant
3551 3840 3738 3901 expo-

2174 3921 2330 3984 sitae
2377 3920 2665 4002 publicae
2703 3920 3000 3992 Fidelium
3046 3919 3472 3991 venerationi,
3517 3924 3741 3981 Decre-

2175 4024 2309 4081 tum
2342 4019 2624 4100 expediri
2669 4018 3029 4092 mandavit„
3058 4027 3130 4080 ut
3172 4023 3532 4082 Sanctorum
3578 4014 3740 4078 Albo

2172 4113 2342 4177 idem
2395 4113 2623 4178 Fidelis
2653 4115 2923 4179 adscribi
2957 4121 3190 4198 posset.
3238 4120 3352 4177 Pro
3397 4111 3575 4193 eujus
3621 4119 3736 4175 De-

2173 4212 2328 4274 creti
2388 4213 2758 4278 executione
2813 4221 2957 4294 post
3014 4219 3284 4296 Regum,
3339 4210 3692 4291 l’rioeipum
3715 4254 3738 4284 ,

2173 4315 2520 4392 sacraeque
2552 4310 3065 4394 congregationis
3109 4311 3187 4374 de
3213 4307 3616 4392 Propaganda
3645 4307 3739 4371 Fi-

2172 4405 2253 4470 de
2295 4408 2785 4489 supplicationes
2828 4428 3031 4489 usque
3063 4430 3098 4470 a
3125 4427 3350 4472 causae
3391 4406 3571 4470 initio
3603 4424 3741 4469 sau-

2090 4523 2096 4528 ·
2172 4514 2309 4570 ctae
2336 4505 2478 4569 Sedi
2519 4514 2884 4587 porrectas,
2927 4504 3312 4568 humillimas
3355 4504 3543 4567 etiam
3589 4521 3727 4583 pre-

2169 4624 2278 4668 ees
2321 4623 2464 4667 sitas
2493 4612 2856 4668 reverenter
2885 4601 3144 4685 exponit
3165 4599 3315 4666 'tota
3358 4598 3732 4682 Capuccino-

2170 4720 2310 4772 rum
2345 4699 2616 4763 Familia.
2661 4733 2680 4755 .
3477 4709 3486 4714 ·

2698 4996 3205 5060 communium

2171 5281 2392 5357 Vitae,
2437 5282 2745 5347 Virtutum
2772 5327 2790 5355 ,
2836 5289 2899 5346 et
2955 5280 3395 5346 miraculorum
3427 5324 3444 5349 ,
3495 5299 3730 5342 necnon

2254 5387 2551 5445 Actorum
2602 5381 2663 5442 in
2710 5386 2903 5444 Causa
2955 5378 3459 5443 Cauouizatiouis
3505 5383 3734 5441 BEATI
