4442 6300
1539 537 1887 610 eumont
1929 538 2399 599 sacrorum
2438 542 2606 595 arc.

448 688 528 754 ad
559 686 794 760 Altero,
822 704 899 750 ex
931 705 1056 768 quo
1085 684 1226 748 data
1246 688 1402 751 Pace
1429 660 1654 749 iterum
1676 683 2011 751 discedens

453 787 691 852 Solium
740 784 1078 865 repetivit,
1119 782 1182 844 in
1222 802 1302 846 eo
1334 781 1845 846 communionem
1892 783 2010 846 sub

453 891 717 965 utraque
747 879 954 961 specie
976 880 1096 944 ritu
1124 879 1403 961 supremi
1424 878 1742 944 Ecclesiae
1770 878 2014 942 Hierat-

452 982 606 1049 cbae
639 985 868 1044 statuto
914 986 1320 1059 sumpturus,
1351 996 1537 1058 quam
1582 976 1836 1059 quidem
1867 994 2012 1040 cou-

451 1079 845 1144 suetudinem
888 1094 1008 1139 non
1051 1095 1192 1139 esse
1242 1076 1544 1157 mysterio
1588 1094 1885 1147 vacuam,
1931 1094 2008 1137 ex

446 1170 655 1240 allatis
684 1196 717 1240 a
747 1175 1087 1256 praecitato
1110 1173 1463 1237 justiniano
1492 1172 1824 1256 Cbiapponi
1854 1178 2011 1254 Apo·

444 1274 795 1338 stoliearum
842 1270 1388 1334 eaeremouiarum
1420 1269 1719 1353 Magistro
1764 1270 2012 1334 rationi·

447 1371 567 1434 bus
594 1365 1064 1433 evidentissime
1093 1374 1352 1431 constat.
1504 1410 1509 1417 .

575 1465 877 1530 Absoluta
907 1464 1135 1529 deiude
1166 1463 1352 1527 Missa
1376 1462 1438 1525 in
1467 1462 1687 1537 Altari,
1712 1469 1777 1527 et
1802 1462 2011 1528 Ponti·

442 1560 609 1627 ficali
642 1561 1088 1626 Benedictione
1112 1558 1351 1643 Populo
1378 1560 1691 1642 impertita
1712 1602 1733 1630 ,
1763 1559 2010 1641 deposi-

444 1654 514 1726 to
562 1669 884 1745 praeterea
931 1678 1118 1741 supra
1177 1657 1523 1740 principem
1576 1663 1762 1723 Aram
1810 1658 2008 1724 Pallio

446 1757 773 1822 descendit
795 1762 957 1839 Papa
989 1757 1067 1820 ad
1097 1755 1318 1820 sellam
1353 1756 1755 1839 gestatoriam
1781 1800 1802 1829 ,
1828 1770 2007 1839 ‘quae

447 1865 592 1922 ante
623 1854 858 1926 Altera,
891 1874 1008 1919 nec
1038 1853 1227 1938 louge
1249 1855 1332 1918 ab
1359 1854 1584 1918 eodem
1616 1861 1828 1934 parata
1858 1860 2007 1921 tunc

442 1952 670 2018 fuerat.
701 1958 769 2015 ln
800 1970 876 2015 ea
909 1952 1294 2033 compositus
1316 1993 1338 2023 ,
1370 1950 1527 2014 tiara
1557 1957 1764 2015 tectus
1791 1950 2010 2037 chyro-

445 2049 771 2130 tbecisque
803 2060 869 2110 et
891 2045 1120 2111 annulo
1146 2046 1492 2112 Pontificali
1515 2047 1722 2111 denuo
1739 2049 2008 2130 sumptis

444 2152 810 2211 consuetum
837 2143 1303 2228 Presbyter-ium
1333 2144 1574 2225 accepit
1599 2146 1680 2210 ab
1713 2144 2007 2209 Eminen-

443 2246 689 2310 tissimo
738 2241 1290 2327 Archipresbytero
1343 2240 1649 2307 Basilieae
1702 2243 2004 2306 Annibale

441 2339 752 2406 Cardinali
798 2339 1040 2403 Albano
1073 2360 1191 2404 una
1221 2361 1362 2404 eum
1396 2343 1644 2405 duobus
1686 2341 2006 2406 canonicis

445 2438 728 2503 Sacrario
770 2436 1148 2510 Praefectis,
1192 2457 1415 2522 nempe
1448 2445 1568 2502 ΚΒ.
1613 2445 1722 2502 PP.
1767 2441 2005 2503 Iacobo

438 2534 658 2598 Vittori
685 2577 707 2607 ,
763 2541 826 2596 et
869 2540 1105 2598 Joanne
1156 2535 1482 2599 francisco
1526 2534 1603 2598 de
1655 2535 2006 2600 Abbatibus

440 2631 757 2705 Oliveri03
801 2630 894 2695 eis
935 2652 1084 2696 vero
1110 2631 1247 2714 ipse
1291 2632 1560 2697 suismet
1589 2631 2007 2698 sanctissimis

439 2730 724 2794 manibus
745 2729 1007 2794 tradidit
1025 2749 1283 2793 aureum
1305 2729 1579 2817 Calicem
1597 2738 1661 2794 et
1682 2738 2005 2804 Patenam,

440 2844 564 2890 nou
608 2826 808 2891 solum
841 2826 1137 2899 materia,
1166 2827 1296 2891 sed
1326 2848 1518 2909 opere
1559 2828 1958 2909 conspicuam
1983 2872 2004 2903 ,

439 2923 671 3005 quibus
703 2945 780 2988 eo
810 2924 912 2988 die
944 2931 1073 2988 Deo
1101 2922 1427 2998 libaverat,
1454 2933 1524 2988 ut
1551 2932 1761 2990 essent
1786 2945 2008 3008 peren-

445 3038 525 3084 ne
553 3029 678 3085 tam
712 3019 981 3084 eximiae
1014 3019 1475 3095 solemnitatis,
1505 3040 1781 3105 suaeque
1812 3022 2005 3104 pieta·

439 3117 522 3183 tis
548 3138 697 3203 erga
741 3119 949 3182 divum
993 3120 1241 3183 Petrum
1287 3118 1727 3201 Apostolorum
1770 3119 2002 3188 Princi-

438 3235 581 3299 pem
627 3223 1086 3299 argumentum.
1132 3223 1221 3281 Ac
1259 3217 1661 3302 Presbyterio
1704 3219 2005 3301 quidem,

444 3307 611 3412 quod
643 3324 997 3394 acceperat,
1041 3314 1103 3376 in
1134 3313 1412 3380 clericos
1454 3325 1754 3399 erogato,
1799 3335 2005 3399 eoque

442 3393 640 3475 multo
668 3410 1060 3494 splendidius
1090 3432 1383 3492 repense,
1411 3412 1501 3477 rei
1533 3421 1737 3477 tautae
1770 3434 2007 3479 memo·

440 3506 597 3572 riam
621 3507 749 3570 alio
771 3527 1021 3590 quoque
1048 3509 1429 3572 monumenti
1458 3529 1686 3592 genere
1712 3516 2005 3575 testatam

438 3603 670 3677 voluit,
699 3603 1030 3689 largitione
1060 3604 1355 3667 nimirum
1384 3607 1524 3669 novi
1554 3608 1960 3672 Numismatis
1980 3651 2002 3681 ,

439 3702 608 3782 quod
632 3721 928 3765 novorum
951 3701 1228 3783 quinque
1257 3707 1623 3766 Sanctorum
1649 3724 2006 3784 repraesen-

438 3799 621 3862 tabat
654 3798 951 3881 imagines
982 3818 1118 3862 cum
1164 3798 1516 3884 Epigrapbe
1537 3824 1555 3861 ε
1600 3805 1845 3872 Univit,
1871 3808 2007 3882 pal-

444 3914 729 3973 mamque
758 3900 945 3959 dedit.

564 3991 864 4057 Postbaec
883 3997 1003 4056 ΕΒ.
1023 3993 1447 4059 cardinalium
1467 4001 1693 4060 Senatu
1715 3994 2002 4072 dimisso,

443 4089 697 4154 divertit
725 4090 1029 4154 Sanctitas
1051 4097 1166 4153 Sua
1184 4092 1247 4153 in
1271 4092 1629 4157 Tentorium
1652 4101 1832 4157 extra
1845 4093 2001 4184 Tbe-

447 4187 568 4252 atri
591 4187 896 4252 ambitum
926 4187 1005 4251 de
1047 4187 1360 4254 industria
1387 4197 1814 4273 comparatum
1839 4191 2004 4265 ,ubi

439 4303 642 4350 sacras
670 4293 878 4349 vestes
905 4284 1117 4349 exuit.
1256 4345 1267 4356 ,

571 4387 864 4467 Superest
892 4381 1031 4465 (a),
1074 4391 1145 4447 ut
1174 4402 1432 4468 agamus
1461 4384 1695 4467 gratias
1736 4388 1870 4450 Deo
1896 4405 2007 4450 no-

442 4484 573 4542 stro
600 4499 797 4563 super
812 4479 1102 4543 omuibus
1123 4480 1639 4566 dispositionibus
1662 4483 1814 4557 suis,
1837 4485 2003 4566 quod

437 4573 719 4639 infirmos
740 4594 853 4639 nos
881 4575 1061 4640 novis
1087 4573 1263 4641 bisce
1282 4577 1606 4643 Ecclesiae
1637 4598 1786 4643 suae
1809 4578 2008 4644 voluit

438 4670 657 4735 fulcire
688 4671 1040 4748 columnis3
1084 4673 1592 4758 congratulemur
1619 4686 1686 4740 et
1716 4678 2001 4753 Sanctis,

440 4768 670 4849 quibus
699 4787 917 4851 magna
946 4766 1420 4850 secitDominus
1452 4770 1863 4837 introducens
1894 4794 2005 4839 eos

437 4862 502 4926 in
546 4862 808 4948 gloriam
842 4885 1060 4937 suam,
1102 4874 1176 4928 ut
1204 4867 1534 4932 Festivitas
1565 4889 1729 4951 quae
1771 4871 2006 4938 merito

441 4979 659 5025 eorum
714 4962 1011 5027 virtutum
1070 4961 1258 5027 bodie
1310 4965 1512 5030 votiva
1572 4966 2003 5050 impenditur,

3389 540 3497 595 828

2167 686 2346 763 Quod
2374 702 2668 770 sponsum
2700 691 2800 750 est
2824 701 3046 769 supra,
3072 683 3640 750 Protonotariorum

2433 790 2916 850 Instrumentum
2947 782 3049 847 bic
3090 783 3380 866 accipito.
3405 828 3422 845 2

2419 985 2498 1046 IN
2523 985 2829 1046 NOMINE
2868 983 3148 1044 nomm
3173 982 3392 1043 AMEN

2248 1174 2693 1240 Sanctissimus
2744 1173 3051 1238 Dominus
3098 1177 3324 1236 Noster
3370 1174 3684 1235 BENEm-

2119 1273 2307 1336 cTUS
2340 1270 2549 1336 Divina
2584 1269 2971 1335 Providentia
3000 1276 3165 1352 Papa
3207 1275 3361 1332 Xtv.
3392 1264 3686 1335 omnibus

2112 1366 2203 1435 ,iis
2222 1410 2244 1440 ‚
2274 1389 2435 1451 quae
2466 1388 2654 1451 super
2682 1367 3066 1433 solemnibus
3097 1372 3461 1441 Sanctorum
3490 1368 3684 1426 cano-

2121 1465 2541 1531 nizatiouibus
2581 1464 2937 1548 peragenda
2980 1484 3014 1527 a
3061 1461 3332 1528 Summis
3374 1458 3687 1526 Pontifici-

2121 1562 2242 1626 bus
2260 1563 2856 1628 Praedecessoribus
2882 1563 3010 1626 suis
3039 1561 3100 1624 in
3131 1579 3346 1624 eorum
3377 1558 3685 1622 constitu-

2124 1660 2399 1725 tionibus
2432 1661 2666 1727 sancita
2695 1668 2876 1734 sunt,
2921 1661 3042 1724 rite
3072 1657 3383 1742 peractis;
3428 1656 3684 1733 tandem

2120 1777 2282 1822 anno
2327 1760 2406 1824 ab
2445 1766 2768 1824 lucarnato
2813 1759 3019 1823 Verbo
3062 1755 3403 1823 millesimo
3453 1757 3686 1834 septin-

2112 1856 2469 1941 gentesimo
2524 1855 3002 1940 quadragesimo
3052 1865 3233 1919 sexto
3261 1897 3282 1925 ,
3340 1853 3684 1916 indictione

2116 1970 2304 2028 noua,
2332 1953 2733 2018 Pontificatus
2762 1953 3044 2037 ejusdem
3069 1950 3454 2015 sanctissimi
3477 1950 3686 2014 Domi-

2118 2050 2181 2112 ni
2208 2050 2418 2116 Nostri
2449 2057 2649 2133 Papae
2676 2055 2858 2115 Anno
2877 2055 3059 2113 sexto
3084 2074 3101 2110 z
3133 2047 3250 2112 Die
3277 2067 3428 2111 vero
3455 2050 3564 2110 29.
3583 2052 3690 2109 Ju-

2116 2147 2205 2209 nii
2240 2148 2411 2214 Feria
2444 2157 2702 2230 quarta,
2747 2153 2934 2212 Festo
2965 2152 3065 2209 SS.
3100 2142 3541 2226 Apostolorum
3572 2149 3687 2206 Pe-

2118 2244 2196 2308 tri
2240 2254 2307 2308 et
2345 2242 2519 2308 Pauli
2562 2240 2748 2328 hujus
2788 2242 3010 2308 Almae
3050 2242 3236 2307 Urbis
3277 2246 3686 2305 patronorum

2115 2341 2600 2424 Principalium‚
2639 2341 2702 2404 iu
2739 2340 3004 2406 Basilica
3031 2339 3373 2412 Vaticana,
3417 2336 3691 2421 splendi-

2116 2439 2194 2504 da
2236 2439 2599 2524 ingentique
2640 2458 2866 2522 pompa
2911 2446 3209 2503 exornata
3240 2479 3262 2511 ,
3309 2434 3564 2503 devenit
3605 2432 3688 2501 ad

2120 2536 2465 2603 solemnem
2507 2530 3059 2602 canonizationem
3087 2536 3413 2599 beatorum
3458 2533 3689 2599 Fidelis

2115 2656 2154 2702 a
2181 2635 2562 2719 Sigmaringa
2592 2634 2847 2697 Ordinis
2863 2635 3010 2699 Min.
3042 2639 3101 2696 S.
3129 2632 3438 2695 Francisci
3459 2636 3689 2712 capuc-

2116 2731 2395 2796 cinorum
2418 2774 2438 2805 ,
2468 2729 2711 2795 camilli
2740 2731 2818 2795 de
2846 2730 3036 2794 Lellis
3068 2727 3449 2794 Clericorum
3477 2716 3687 2808 Regu-

2112 2826 2340 2894 larium
2370 2827 2846 2893 ministrantium
2867 2826 3134 2891 Infirmis
3165 2824 3553 2898 Fundatoris,
3577 2832 3687 2889 Pe·

2115 2927 2193 2989 tri
2228 2924 2511 3008 Regalati
2541 2925 2690 2989 Min.
2721 2926 3061 2990 Observan.
3092 2931 3153 2988 S.
3187 2922 3492 2989 Francisci
3515 2965 3536 2994 ,
3581 2928 3686 2985 Jo-

2116 3022 2292 3106 sepbi
2319 3043 2352 3085 a
2369 3023 2668 3088 Leonissa
2693 3022 2939 3087 Ordinis
2955 3021 3266 3086 minorum
3283 3020 3479 3084 sancti
3503 3027 3686 3085 Fran-

2117 3120 2267 3186 cisci
2301 3120 2816 3203 capuccinorum,
2843 3127 2923 3186 ,et
2953 3118 3317 3183 Cathariuae
3348 3114 3687 3182 delticciis

2116 3217 2617 3285 sanctimonialis
2634 3217 2965 3283 Professae
2985 3217 3239 3283 Ordinis
3265 3222 3326 3280 S.
3343 3215 3678 3280 Dominici.

2244 3316 2338 3382 Ad
2370 3313 2822 3397 implorandum
2856 3333 2891 3376 a
2917 3313 3435 3389 Patr-aluminum
3468 3311 3686 3374 lumen

2116 3418 2183 3475 et
2208 3410 2539 3476 consilium
2557 3456 2577 3485 ,
2604 3430 2844 3475 necnon
2873 3411 3275 3476 beatissimae
3308 3430 3683 3492 semperque

2112 3506 2388 3590 Virginis
2415 3507 2646 3571 Mariae
2677 3506 3125 3591 patrocinium,
3155 3517 3220 3570 et
3247 3505 3509 3576 aliorum
3542 3512 3689 3569 San·

2116 3613 2359 3668 ctorum
2405 3611 2469 3670 et
2515 3609 2871 3670 Sanctarum
2923 3623 3109 3687 opem
3161 3611 3226 3668 et
3275 3602 3574 3667 auxilium
3621 3602 3686 3665 iu

2117 3722 2191 3767 re
2218 3702 2369 3765 tanti
2400 3703 2698 3784 ponderis
2721 3743 2740 3775 ,
2775 3721 2937 3782 quae
2966 3689 3253 3783 profecto'
3277 3700 3685 3784 graviondi·

2115 3800 2296 3883 gnior
2324 3806 2388 3863 et
2415 3799 2616 3882 maior
2642 3806 2760 3872 est,
2786 3817 2946 3881 quae
2977 3799 3191 3881 peragi
3216 3799 3416 3880 possit
3445 3817 3481 3861 a
3505 3804 3682 3860 sum-

2116 3897 2239 3961 mis
2281 3895 2684 3961 Poutificibus
2707 3938 2729 3968 ‚
2769 3916 2912 3960 cum
2943 3895 3005 3959 in
3034 3916 3107 3959 ea
3152 3895 3552 3978 potissimum
3581 3895 3683 3958 vi·

2113 3993 2282 4058 caria
2324 3994 2553 4058 christi
2584 4000 2902 4074 potestas,
2946 4010 3132 4075 quam
3179 4000 3407 4076 gerunt
3446 3991 3514 4053 in
3538 3999 3687 4056 Ter-

2076 4091 2093 4106 ’
2112 4091 2241 4164 ris,
2271 4091 2621 4163 elucescat,
2645 4089 2824 4172 juxta
2855 4098 3227 4156 consuetum
3253 4089 3557 4154 Ordinem
3587 4109 3687 4152 so-

2113 4188 2513 4271 lemnemque
2556 4187 2762 4252 Ritum
2805 4186 3168 4272 praehabita
3212 4177 3338 4252 fuit'
3378 4185 3686 4254 solemnis

2116 4285 2518 4370 supplicatio.

2243 4380 2691 4446 sanctissimus
2716 4378 3003 4445 Pontifex
3048 4380 3242 4446 sacris
3270 4381 3567 4447 Vestibus
3594 4381 3687 4444 in·

2116 4478 2303 4544 dutus
2346 4499 2425 4544 ex
2451 4478 2611 4544 Aula
2653 4481 3159 4544 Parameutorum
3185 4477 3353 4543 inter
3394 4480 3689 4543 Eminen-

2116 4577 2403 4641 tissimos
2431 4582 2551 4639 DD.
2575 4574 2943 4640 cardinales
2968 4574 3261 4644 carulum
3289 4573 3372 4638 de
3400 4574 3684 4648 marinis,

2116 4682 2179 4739 et
2209 4673 2631 4740 Alexandrum
2675 4673 2983 4736 Albanum
3032 4681 3090 4737 S.
3137 4681 3210 4737 R.
3255 4678 3327 4735 E.
3373 4674 3685 4738 Diaconos

2114 4771 2539 4855 antiquiores,
2583 4769 2660 4834 ad
2691 4768 3056 4854 cappellam
3100 4769 3398 4834 sixtinam
3429 4788 3686 4852 proces·

2121 4870 2245 4944 sit,
2289 4879 2358 4934 et
2399 4869 2678 4934 intonato
2719 4874 3004 4953 Hymno·
3051 4870 3174 4931 Ave
3221 4872 3416 4931 Haris
3457 4868 3683 4931 Stella·

2113 4968 2463 5049 Pri-isque
2492 4963 2778 5048 ejusdem
2806 4964 3032 5050 Hymni
3061 4965 3358 5028 versibus
3391 4982 3505 5044 per
3532 4967 3684 5026 Can·

444 5057 727 5147 ipsorum
756 5060 942 5125 uobis
971 5058 1272 5126 efficiatur
1296 5063 1590 5141 meritis,
1619 5074 1683 5131 et
1714 5068 2007 5150 precibus
2116 5075 2295 5131 tores
2332 5062 2694 5130 pontificios
2736 5061 3085 5137 absolutis,
3131 5062 3358 5127 Sedem
3406 5065 3684 5127 Gestato-

439 5155 747 5232 salutaris

547 5466 636 5541 (ι)
674 5469 730 5523 S.
772 5464 1096 5521 Bes-nardus
1134 5469 1307 5522 Set-m.
1343 5469 1411 5524 de
1444 5472 1502 5526 S.
1544 5476 1793 5533 lulach.

2116 5162 2276 5230 riam
2312 5158 2690 5229 conscendit.
