4442 6300
1539 538 1884 609 Qutrtout
1924 535 2388 592 sanctonum
2422 536 2583 589 mc.

3418 539 3525 593 st?

476 690 615 774 ejus
658 687 779 753 sibi
826 686 1159 750 vindicavit
1188 683 1553 749 caelestium
1600 703 1819 754 amor.
1862 684 2039 765 cuijus
2149 678 2406 745 orificiis
2429 679 2727 765 jejuniis,
2757 681 3024 765 aliisque
3051 684 3553 750 voluntariissui
3576 703 3710 747 cor·

477 788 707 849 virtute
738 784 990 849 fortiter
1021 787 1277 850 tractus.
1309 802 1381 845 ac
1411 780 1741 845 dulcedine
1771 780 2045 845 suaviter

478 882 754 954 illectus,
786 878 1124 943 ineffabilia
1155 878 1493 941 divinitatis
1512 878 1812 941 attributa
1839 885 1902 940 et
1925 884 2044 940 Re·

481 979 862 1059 demptionis
906 986 1160 1040 nostrae
1195 977 1496 1060 mysteria
1538 974 2044 1055 praesentissimo

478 1075 668 1140 animi
693 1095 878 1139 seusu
907 1073 1155 1137 assidue
1176 1071 1528 1151 contempla
1539 1072 1737 1144 hatur;
1761 1072 2046 1152 adeoque

477 1173 542 1235 in
592 1172 712 1255 piis
758 1169 1272 1235 meditationibus
1316 1169 1770 1251 affectibusque
1805 1169 2047 1233 inarde-

481 1266 630 1340 bat,
671 1276 740 1331 ut
770 1287 960 1349 saepe
1003 1264 1387 1328 clarissimus
1430 1263 1589 1329 lucis
1632 1264 1927 1345 splendor
1965 1283 2044 1328 ex

396 1446 404 1455 ς
485 1366 686 1448 ipsius
719 1384 980 1445 corpore
1006 1363 1273 1426 diffusus
1297 1404 1317 1434 ,
1362 1381 1486 1426 uon
1519 1363 1722 1426 solum
1753 1362 1830 1426 ad
1876 1362 2048 1424 cubi·

480 1463 608 1529 culi
639 1464 940 1526 ambitum
964 1460 1144 1531 ,sed
1174 1459 1357 1541 longe
1391 1458 1643 1539 lateque
1676 1479 1859 1540 supra
1897 1462 2048 1520 Coe·

483 1560 662 1626 nobii
697 1566 931 1624 tectum
965 1559 1313 1631 emicaret;
1361 1552 1539 1639 cujus
1567 1557 1660 1618 rei
1702 1574 1886 1619 causa
1916 1575 1950 1617 a
1981 1552 2049 1615 fl-

484 1657 726 1722 nitimis
755 1655 1000 1739 cognita
1024 1698 1046 1729 ,
1079 1659 1297 1717 Domus
1338 1658 1446 1715 Dei
1472 1670 1698 1717 nomen
1730 1650 2050 1716 coenobio

485 1755 752 1818 inditum
783 1753 921 1826 fuit,
953 1774 1080 1835 quo
1109 1752 1302 1817 etiam
1337 1771 1535 1833 usque
1567 1748 1628 1812 in
1652 1759 2048 1832 praesentem

485 1853 656 1919 diem
688 1850 1061 1935 appellatur.
1097 1856 1184 1912 Ex
1217 1847 1663 1931 frequentibus
1689 1866 1844 1911 vero
1873 1862 2045 1910 men-

487 1951 571 2013 tis
598 1949 963 2013 excessibus
983 1990 1003 2017 ‚
1047 1945 1279 2028 quibus
1307 1944 1381 2007 ad
1423 1942 1721 2008 interiora
1752 1962 1890 2005 cum
1919 1949 2052 2007 Deo

486 2046 797 2128 colloquia
822 2044 1298 2115 admittebatur,
1322 2060 1514 2124 quum
1548 2039 1911 2105 caelestium
1935 2039 2054 2103 vir·

486 2152 687 2206 tutum
720 2143 989 2206 tonnam
1023 2141 1085 2202 iu
1118 2160 1187 2205 se
1213 2140 1477 2203 referret
1498 2181 1520 2210 ,
1549 2157 1767 2202 earum
1799 2156 2052 2217 quoque

488 2239 813 2322 exemplar
827 2238 1092 2302 aliorum
1113 2235 1336 2298 animis
1352 2234 1709 2315 imprimere
1726 2234 2057 2297 vehemen-

494 2345 590 2400 ter
629 2338 906 2419 optabat.
934 2336 1096 2398 Hine
1118 2337 1321 2396 ortum
1353 2330 1576 2395 hahuit
1616 2330 1793 2395 zelus
1819 2330 1930 2393 ille
1962 2349 2054 2392 ar-

490 2436 936 2505 dentissimus,
983 2452 1109 2513 quo
1139 2432 1215 2494 ad
1262 2430 1603 2495 animarum
1637 2428 1900 2493 salutem
1947 2448 2055 2510 op-

497 2529 956 2616 portunissimis
985 2528 1332 2593 rationibus
1357 2525 1813 2609 procurandam
1845 2544 2058 2588 acren-

487 2631 800 2702 debatur3
842 2646 1044 2708 neque
1089 2624 1291 2689 solum
1338 2623 1687 2705 Religiosos
1730 2622 1909 2685 Viros
1949 2644 2058 2687 cu·

485 2738 598 2792 ”rae
632 2745 780 2791 suae
809 2722 1210 2808 peculiariter
1250 2719 1720 2785 commendatos
1748 2719 2058 2803 exemplis

490 2824 963 2908 praeceptisque
987 2821 1117 2885 suis
1136 2820 1213 2883 ad
1235 2817 1647 2902 perfectionis
1674 2817 1922 2885 culmen
1945 2817 2057 2879 du·

489 2942 635 2987 cere
680 2921 1047 3002 satagebam
1093 2916 1205 2981 sed
1249 2915 1481 2980 ceteris
1522 2914 1728 2979 etiam·
1766 2913 2069 2977 omnibus·

492 3038 682 3102 opera
708 3061 728 3091 ,
786 3014 1054 3080 consilio
1075 3057 1095 3087 ,
1148 3031 1434 3077 sermone
1459 3048 1481 3086 9
1540 3032 1614 3076 ac
1666 3011 2055 3093 potissimum

491 3115 789 3199 impensis
842 3109 1312 3178 misericordiae
1354 3118 1418 3174 et
1460 3108 1781 3174 charitatis
1834 3107 2058 3174 officiis

493 3215 869 3278 tutissimam
902 3211 977 3275 ad
1004 3209 1256 3274 Caelum
1278 3209 1442 3271 viam
1465 3211 1960 3274 commonstrare
1991 3217 2057 3271 et

493 3312 889 3394 complanare
933 3309 1210 3372 curabat.
1242 3307 1360 3371 Hic
1389 3314 1524 3370 erat
1565 3306 1935 3388 praecipuus
1963 3305 2054 3387 ip-

495 3412 623 3478 sius
652 3428 917 3488 scopus,
962 3408 1199 3470 etcum
1242 3424 1551 3486 pauperes
1596 3403 1820 3466 Christi
1858 3402 2059 3486 aegri·

491 3508 709 3572 tudine
739 3504 1047 3574 afflictos,
1095 3520 1332 3583 eosque
1374 3501 1688 3572 maxime,
1734 3520 1893 3581 quos
1917 3519 2058 3580 pro-

492 3616 633 3688 pter
658 3601 1010 3666 horrificam
1041 3600 1402 3663 morborum
1437 3598 1709 3680 speciem
1734 3641 1754 3671 ,
1784 3605 1890 3661 aut
1913 3618 2059 3662 cou-

487 3701 761 3786 tagionis
787 3695 1131 3780 periculum
1165 3696 1256 3761 ab‘
1278 3695 1420 3758 aliis
1450 3694 1786 3760 derelictos
1815 3695 2056 3779 conspi-

491 3801 735 3870 ciebat,
766 3817 882 3878 per
922 3816 991 3860 se
1023 3795 1161 3876 ipse
1207 3793 1498 3875 adjuvare
1524 3835 1543 3863 ,
1589 3792 1861 3874 bospitio
1903 3790 2057 3854 reci·

490 3917 685 3979 pere,
725 3892 1041 3958 laboriosa
1086 3890 1406 3954 eiuratione
1449 3887 1782 3952 sublevare
1825 3889 2056 3971 gestie·

490 3995 644 4066 bat;
688 3997 751 4056 et
778 4009 920 4054 cum
964 3996 1289 4070 corrogata
1318 4004 1354 4047 a
1397 3984 1799 4048 divitioribus
1841 3986 2001 4066 stipe
2030 4025 2052 4059 ,

488 4088 865 4156 calamitosis
895 4083 1186 4149 omuibus
1213 4102 1396 4166 opem
1431 4083 1620 4154 terre,
1651 4082 2049 4163 potissimum

490 4208 644 4251 vero
670 4180 1197 4249 christifidelibus
1224 4179 1385 4260 apud
1433 4180 1744 4243 Barbaros
1770 4179 1832 4241 in
1860 4180 2052 4262 capti·

484 4285 678 4349 vitate
699 4280 971 4344 detentis
991 4278 1349 4341 libertatem
1373 4276 1706 4357 impetrare
1732 4277 2049 4353 studebau

488 4401 629 4444 cum
673 4379 926 4442 demum
955 4369 1306 4437 inimicitias
1347 4391 1572 4436 omnes
1595 4380 1654 4437 et
1699 4371 2050 4442 simultates

484 4479 648 4542 iuter
671 4474 921 4540 Fideles
965 4490 1339 4553 componere
1367 4470 1542 4534 omni
1568 4471 1774 4537 studio
1806 4474 2051 4539 niteba-

484 4584 624 4636 tur:
668 4579 737 4634 ut
782 4570 1029 4634 scilicet
1070 4575 1320 4649 peccata
1352 4575 1417 4630 et
1455 4567 1603 4630 vitia
1647 4567 2043 4643 eliminaret,

482 4669 758 4754 pericula
778 4667 1261 4746 occasionesque
1276 4664 1571 4748 peccandi
1595 4665 1888 4729 omnibus
1908 4669 2048 4731 sub·

482 4767 804 4837 traheret,
839 4774 902 4829 et
935 4764 1257 4827 Proximos
1285 4780 1319 4824 a
1352 4781 1419 4825 se
1451 4761 1699 4845 adjutos
1723 4807 1742 4834 ,
1773 4782 1892 4827 uon
1924 4765 2044 4829 sibi

480 4866 591 4930 sed
622 4865 866 4928 Christo
894 4861 1309 4934 lucrifaceret,
1341 4867 1529 4942 atque
1558 4860 1633 4922 ad
1654 4860 1899 4924 divinae
1927 4867 2043 4926 Bo·

478 4962 694 5025 nitatis
725 4979 1004 5022 amorem
1029 5001 1049 5032 ,
1081 4955 1158 5021 ad
1192 4956 1605 5039 Evangelicae
1638 4955 1796 5039 legis
1824 4959 2041 5022 obser·

479 5057 749 5123 vautiam
782 5054 1145 5119 adduceret.
1178 5052 1456 5134 Denique
1496 5053 1894 5137 purgantium
1927 5061 2041 5119 De·

476 5151 831 5217 functorum
861 5149 1174 5213 cruciatus
1217 5148 1323 5229 pio
1349 5149 1913 5214 commiserationis
1954 5148 2045 5214 af·

474 5252 642 5316 fectu
687 5247 1076 5332 respiciens·
1121 5244 1524 5309 oblatis-Deo
1567 5246 1891 5329 precibus,
1935 5255 2038 5313 Sa-

587 5448 638 5500 A
683 5444 942 5498 Charitas
981 5442 1036 5494 ἱη
1081 5442 1398 5495 Proximos.

1577 5444 1620 5493 tt
1661 5446 1933 5498 Extrema
1971 5446 2126 5498 vitae

2149 777 2322 859 poris
2348 778 2860 860 castigationibus
2901 781 3204 863 prolatam
3239 782 3393 862 ipsis
3423 789 3713 847 aeternae

2149 875 2567 1035 {eptitudinis
2620 877 3086 959 possessionem
3142 878 3508 944 accelerare
3542 900 3714 945 cura-

2197 993 2231 1037 a
2264 1017 2280 1034 .

2283 1067 2396 1132 His
2427 1067 2691 1150 aliisque
2721 1068 3054 1134 virtutibus
3083 1071 3246 1152 apud
3276 1090 3425 1136 suos
3446 1080 3722 1138 exteros-
3781 1073 3835 1139 ’B

2155 1186 2277 1248 que
2307 1166 2538 1238 clarus,
2560 1167 3003 1231 miraculorum
3026 1188 3277 1251 quoqne
3308 1172 3540 1254 gratias
3558 1170 3722 1234 aliis·

2157 1283 2285 1345 que
2317 1264 2902 1344 supernaturalibus
2933 1266 3114 1329 donis
3144 1264 3436 1340 illustris,
3467 1286 3608 1331 cum
3640 1267 3719 1331 ad

2156 1359 2609 1444 sexagesimum
2641 1369 2883 1426 sextum
2914 1365 3135 1427 aetatis
3164 1382 3389 1427 sumna
3412 1366 3725 1446 pervenis·

2163 1466 2301 1530 set,
2343 1458 2600 1541 jamque
2643 1460 3066 1541 prospiceret,
3112 1461 3272 1525 baud
3321 1461 3533 1542 procul
3579 1480 3722 1526 esse

2158 1555 2618 1637 depositionem
2663 1557 3077 1622 ‘tabernaculi
3112 1559 3252 1632 sui,
3297 1558 3725 1641 de‘apto'ido-

2156 1671 2404 1735 neuque
2436 1661 2696 1717 uectore
2727 1653 2898 1738 gregi
2920 1674 3035 1718 suo
3054 1661 3193 1740 post
3217 1674 3285 1720 se
3307 1656 3724 1739 relinquendo

2165 1749 2489 1822 solicitus,
2521 1749 2779 1833 longum
2811 1770 3228 1835 asperumque
3242 1755 3381 1818 ‘iter
3410 1753 3727 1839 ingressus

2159 1854 2309 1918 est,
2354 1857 2423 1910 ut
2467 1854 2703 1930 Lupum
2753 1845 3126 1910 Salazarium
3174 1850 3407 1932 antiqui
3455 1852 3725 1917 tustituti

2160 1944 2468 2009 cultorem
2488 1965 2561 2010 ac
2580 1944 2886 2008 vindicem
2910 1947 2986 2010 ad
3009 1946 3072 2009 id
3096 1948 3370 2013 muueris
3390 1948 3732 2031 suscipien-

2161 2043 2309 2105 dum
2345 2044 2656 2107 suaderet.
2688 2051 2775 2108 Ba
2797 2064 2866 2108 re
2900 2045 3255 2127 impetrata.
3281 2066 3478 2127 quum
3509 2048 3732 2112 Tribu-

2162 2140 2373 2204 lanum
2403 2140 2791 2205 Coenobium
2813 2142 2876 2203 iu
2894 2143 3097 2207 reditu
3120 2142 3458 2218 visitasset,
3477 2144 3624 2209 inde
3651 2147 3731 2208 ad

2162 2237 2603 2320 Aquileriense
2645 2258 2715 2303 se
2757 2237 3061 2314 contulit,
3102 2240 3209 2303 ubi
3241 2239 3452 2306 lethali
3500 2245 3733 2308 morbo

2163 2346 2494 2419 correptus
2536 2337 2876 2413 decubuit,
2906 2345 3253 2420 exactoque
3281 2338 3443 2403 luter
3469 2342 3732 2423 acerbos

2163 2433 2485 2499 cruciatus
2516 2442 2706 2515 atque
2734 2433 3074 2517 languores
3102 2434 3347 2520 integro
3376 2438 3732 2523 Quadrage-

2166 2529 2367 2595 simae
2396 2547 2579 2594 cursu
2605 2572 2626 2600 ,
2655 2529 2908 2593 tandem
2938 2530 3041 2594 die
3070 2541 3285 2595 sancto
3309 2533 3578 2598 Paschae
3609 2541 3731 2599 Eu·

2170 2626 2484 2693 charistici
2519 2627 2700 2691 Panis
2729 2625 2958 2711 viatico
2990 2629 3263 2691 munitus
3284 2672 3303 2701 ,
3347 2637 3410 2693 et
3443 2632 3729 2714 sequenti

2166 2724 2271 2788 die
2300 2724 2381 2787 ab
2413 2722 2719 2806 Episcopo
2736 2723 3053 2789 valentiae
3084 2726 3241 2790 oleo
3264 2736 3476 2791 sancto
3507 2737 3732 2794 unctus

2168 2822 2232 2882 in
2262 2821 2515 2884 nomine
2557 2821 2836 2895 Domini,
2878 2841 3069 2902 quum
3101 2823 3545 2891 dilectissimos
3592 2833 3729 2893 Fra-

2167 2927 2297 2982 tres
2326 2918 2403 2982 ad
2449 2917 2784 2987 severioris
2825 2917 3187 2999 disciplinae
3217 2923 3604 2997 custodiam,
3649 2922 3728 2989 ad

2166 3016 2553 3098 paupertatis
2579 3016 2857 3079 studium
2887 3059 2907 3089 ,
2952 3017 3029 3078 ad
3059 3017 3473 3083 imitationem
3504 3020 3727 3087 Christi

2168 3115 2358 3180 etiam
2403 3122 2594 3197 atque
2640 3115 2829 3179 etiam
2874 3114 3154 3180 hortatus
3198 3126 3406 3189 esset,
3458 3120 3728 3184 animam
3836 3154 3841 3159 ·

2168 3233 2344 3277 suam
2375 3214 2437 3275 iu
2464 3229 2687 3277 manus
2720 3214 2828 3275 Dei
2849 3211 3117 3277 fidenter
3143 3223 3544 3299 amanterque
3567 3239 3733 3283 com-

2167 3310 2470 3375 mendans
2506 3310 2816 3394 justornm
2863 3331 3085 3375 somno
3132 3312 3508 3377 obdormivit
3542 3316 3732 3383 tertio

2165 3409 2483 3473 Kalendas
2512 3407 2742 3492 Aprilis
2769 3414 2944 3473 Anno
2976 3410 3194 3473 salutis
3221 3415 3623 3478 mcccctvt.
3714 3431 3721 3446 ·

2291 3506 2457 3571 Petri
2498 3527 2769 3588 corpus,
2810 3515 2878 3569 ut
2908 3505 3023 3588 piis
3067 3507 3370 3572 Fidelium
3404 3512 3606 3575 turbis
3650 3511 3729 3578 ad

2169 3603 2562 3667 coenobium
2590 3601 2873 3684 undique
2918 3603 3436 3668 concurrentibus
3466 3609 3727 3676 satistio-

2166 3707 2304 3774 ret,
2349 3719 2463 3783 per
2503 3699 2745 3781 aliquot
2772 3693 2913 3764 dies
2955 3700 3337 3765 inhumatum
3384 3709 3727 3784 remansit;

2164 3815 2438 3880 cumque
2478 3795 2687 3860 nullas
2728 3794 2977 3860 interim
3024 3797 3419 3863 mortalitatis
3461 3802 3729 3885 iujurias

2164 3900 2522 3978 pateretur,
2566 3893 2818 3958 taudem
2845 3893 2909 3954 iu
2951 3895 3265 3958 communi
3312 3903 3588 3963 Fratmm
3620 3907 3724 3966 Se·

2164 3992 2429 4076 pulchro
2455 3990 2771 4054 conditum
2801 3989 2965 4066 fuit3
3012 3991 3176 4056 unde
3200 3999 3406 4058 tamen
3438 4003 3576 4078 post
3621 3999 3728 4063 tri-

2162 4090 2329 4173 ginta
2360 4108 2471 4154 sex
2493 4106 2688 4152 annos
2715 4086 3085 4151 translatum
3108 4087 3232 4152 fuit
3259 4091 3337 4155 ad
3359 4094 3724 4172 praenobile

2160 4185 2646 4252 loculamentum
2670 4228 2692 4258 ,
2734 4184 2902 4266 quod
2945 4183 3069 4267 ipsi
3109 4183 3257 4250 clar.
3292 4205 3482 4251 mem.
3526 4190 3724 4256 Elisa*

2160 4280 2352 4347 betha
2370 4278 2680 4345 Castellae
2703 4279 2935 4363 Regina
2962 4300 3040 4344 ex
3057 4279 3422 4348 alabastrite
3450 4303 3741 4353 marmo··

2156 4395 2230 4445 re
2256 4378 2465 4443 extrui
2495 4377 2756 4443 curavit.

2277 4477 2371 4541 lbi
2399 4486 2465 4539 et
2479 4482 2733 4559 propter
2748 4481 3038 4540 constans
3062 4475 3386 4543 bominum
3413 4478 3716 4562 judicium

2156 4577 2237 4640 de
2270 4574 2439 4639 Servi
2469 4573 2583 4638 Dei
2610 4573 2973 4645 Sanctitate,
3005 4582 3070 4637 et
3102 4584 3360 4657 propter
3386 4579 3718 4643 miraculo·

2156 4691 2291 4736 rum
2322 4670 2765 4754 frequentiam,
2795 4670 3047 4734 assidua
3062 4674 3484 4739 venerationis
3504 4676 3717 4739 eteul-

2155 4778 2258 4833 tus
2284 4767 2585 4850 obsequia
2614 4788 2648 4831 a
2678 4766 2801 4850 piis
2841 4766 3158 4832 Fidelibus
3184 4766 3302 4850 ipsi
3331 4767 3539 4836 delata
3580 4771 3715 4837 fue·

2150 4871 2316 4930 runt.

2270 4968 2352 5027 Et
2383 4982 2533 5028 sane
2563 4961 2640 5022 de
2662 4958 2940 5042 generali
2974 4960 3172 5042 ipsius
3192 4961 3562 5037 sanctitatis,
3588 4966 3708 5029 vir·-
3780 5001 3825 5061 c

2149 5066 2352 5124 tutum
2378 5069 2458 5121 *et
2499 5054 2939 5120 miraculorum
2981 5054 3144 5122 fama
3169 5063 3390 5122 Testes
3419 5069 3564 5124 suut
3605 5081 3710 5124 an·

2147 5155 2304 5236 tiqui
2329 5160 2671 5218 Processus
2690 5149 3052 5216 auctoritate
3072 5154 3379 5218 ordinaria
3413 5173 3605 5239 super
3628 5178 3709 5223 eo

2149 5249 2458 5320 confecti,
2507 5249 2616 5330 qui
2664 5267 2808 5311 cum
2850 5256 2994 5312 ante
3037 5247 3151 5312 bos
3190 5259 3438 5316 centum
3491 5254 3707 5337 viginti

2164 5460 2216 5499 ee
2255 5445 2453 5498 obitus.
2643 5448 2686 5498 C
2729 5448 2876 5500 Acta
2900 5446 3000 5499 sub
3034 5446 3259 5501 Urbano
3298 5453 3451 5504 VIII.
