4442 6300
1505 472 1849 575 emisena
1903 505 2369 563 ammonem
2413 508 2579 561 mc.
3393 509 3497 595 ἱιτι
3582 551 3585 554 ,

440 655 704 725 Basilica
759 652 926 721 beati
980 651 1152 720 Betri
1201 651 1667 737 Apostolorum·
1698 654 2005 734 Principis
2117 652 2197 714 be
2227 650 2591 717 solemniter
2615 697 2634 727 ,
2667 653 2789 725 nisi
2817 653 2881 716 in
2914 654 3078 720 dicta
3104 655 3373 723 Basilica
3400 655 3682 725 cst-brn-

445 774 690 836 semper
721 758 1003 837 peractas
1033 748 1257 824 fnisse,
1284 748 1535 833 antiqua
1567 771 1637 815 ac
1671 749 1791 817 tide
1823 751 2005 833 digna
2118 757 2244 811 tam
2269 747 2466 813 fuisse
2498 750 2651 815 satis
2683 772 2993 835 superque
3017 754 3512 820 demonstratum
3544 752 3679 820 fue·

443 859 755 914 testantur
782 855 1201 913 monumenta:
1222 852 1370 913 Cum
1396 856 1602 911 autem
1628 846 1734 912 fel.
1761 848 2003 911 record.

444 949 819 1014 Benedictus
853 955 1009 1028 papa
1048 953 1208 1010 xm.
1258 948 1711 1011 praedecessor
1751 955 2005 1018 noster,

447 1064 482 1108 a
512 1066 637 1127 quo
667 1044 741 1109 ad
774 1043 1200 1129 cardinalatus
1231 1041 1527 1106 bonorem
1548 1044 1853 1125 assumpti
1888 1043 2004 1108 fui·

2120 853 2255 915 rat,
2285 845 2551 911 ulterius
2580 849 2768 912 animi
2797 852 2992 915 nostri
3021 872 3246 918 sensus
3288 853 3533 936 aperire
3581 874 3683 917 su·

2115 941 2424 1024 perfluum
2455 946 2766 1012 duximus.

2245 1045 2574 1107 praeterea
2599 1087 2619 1115 ‚
2668 1065 2807 1108 cnm
2854 1052 2994 1109 ante
3030 1044 3137 1111 fel.
3173 1065 3294 1111 rec.
3351 1046 3692 1112 Alexandri

450 1163 612 1213 mus,
640 1141 702 1202 in
735 1142 960 1204 eadem
993 1140 1286 1203 Vaticana
1318 1138 1581 1205 Basilica
1610 1141 1832 1204 beatos
1859 1149 2011 1203 Tur*⁴
2120 1142 2234 1200 pp.
2254 1143 2383 1200 Vll.
2414 1140 2652 1221 pariter
2675 1143 3183 1209 praedecessoris
3213 1146 3412 1209 nostri
3446 1157 3687 1226 tempo·

448 1238 678 1303 ribium
722 1260 801 1302 ex
839 1236 1114 1321 Major-ga
1139 1281 1159 1307 ‚
1191 1239 1495 1301 Iacobum
1527 1257 1561 1300 a
1592 1236 1859 1300 Marcbia
1882 1281 1903 1309 ‚
1935 1244 2012 1300 A·

449 1341 699 1421 grietem
728 1360 760 1401 a
791 1342 1000 1400 Monte
1032 1333 1359 1409 politiano,
1390 1335 1783 1418 Peregrinum
1814 1336 2014 1400 Latio-

451 1455 630 1509 sum,
660 1434 1001 1498 lobannem
1051 1455 1085 1497 a
1124 1438 1359 1509 cruce,
1408 1432 1815 1503 Franciscum,
1844 1432 2013 1497 Sola-

451 1551 597 1595 num
624 1576 644 1604 ‚
678 1531 991 1617 Aloysium
1025 1537 1401 1613 Gonzagam‚
1428 1530 1797 1600 stanislaum
1832 1539 2018 1595 Kest-

454 1630 597 1694 kam
624 1674 645 1703 ‚
677 1640 740 1695 et
774 1628 1023 1693 biennio
1068 1634 1209 1711 post
1255 1630 1498 1692 beatam
1539 1627 1937 1709 Margaritam
1983 1649 2015 1691 a

455 1733 716 1793 Cortona
735 1734 1093 1791 Sanctorum
1112 1724 1281 1789 cultu
1303 1724 1694 1789 honorandos
1721 1725 1989 1791 solemni
2003 1761 2019 1774 ·

455 1836 554 1891 ter
581 1827 659 1889 de
690 1845 863 1889 more
896 1823 1366 1896 constituisset;
1396 1845 1467 1895 ac
1499 1824 1723 1889 deinde
1773 1826 2020 1899 beatum

456 1911 796 1989 iohannem
818 1926 1322 2005 Nepomucenum
1348 1916 1785 1999 insanctcrum
1811 1942 2020 1987 nume-

456 2043 595 2086 rum
629 2020 923 2103 similiter
947 2019 1184 2085 referre
1203 2019 1417 2091 vellet,
1439 2020 1494 2085 ei
1515 2041 1876 2100 persuasum
1901 2029 2023 2094 est,

458 2127 528 2184 ut
557 2118 617 2182 id
651 2118 714 2179 in
746 2116 1013 2181 Basilica
1043 2127 1251 2179 nostra
1296 2118 1695 2181 Lateranensi
1750 2117 2020 2182 solemni

458 2215 585 2281 ritu
616 2220 984 2297 perageret.
1015 2217 1177 2285 Nos,
1208 2212 1312 2294 qui
1344 2234 1458 2294 per
1490 2211 1548 2274 id
1583 2214 1885 2296 temporis
1915 2221 2026 2283 Ec·

459 2311 690 2376 clesiae
722 2310 1142 2375 Anconitanae
1163 2330 1246 2374 ex
1265 2310 1669 2375 concessione
1693 2321 1757 2375 et
1777 2312 2025 2395 dispen-

464 2410 709 2472 satione
743 2406 1098 2490 Apostolica
1129 2428 1528 2490 praeeramus
1547 2452 1568 2481 ‚
1596 2408 1885 2471 eumdem
1912 2414 2027 2472 Be·

462 2507 776 2571 aedictum
813 2506 1363 2571 praedecessorem
1384 2525 1501 2586 per
1519 2515 1764 2569 nostras
1782 2506 2029 2571 litteras

462 2606 793 2671 certiorem
824 2602 1035 2672 facere
1071 2622 1189 2667 non
1239 2603 1776 2685 praetermisimus
1798 2646 1820 2674 ,
1869 2609 2023 2667 Bea-

467 2693 667 2770 torum
695 2702 1205 2769 canonizationes
1235 2701 1483 2783 quoties
1514 2701 1578 2763 in
1603 2702 1766 2765 Urbe
1799 2699 2030 2766 facien·

467 2804 584 2868 dae
604 2882 609 2889 ⁴
630 2810 847 2872 erant,
894 2800 1138 2865 nonnisi
1172 2799 1253 2877 ⁶in
1293 2799 1584 2875 Vaticana
1634 2790 1901 2864 Basilica
1948 2801 2027 2863 ab

464 2902 719 2983 antiquo
746 2906 1030 2979 tempore
1052 2895 1363 2979 celebrari
1392 2884 1830 2971 consuevisti&
1859 2902 1922 2960 et
1951 2895 2029 2959 ad

461 2998 815 3084 hujusmodi
838 2995 1105 3069 efficium
1128 2994 1567 3075 praestandum
1589 3014 1667 3057 eo
1694 2994 1887 3076 magis
1904 2998 2051 3061 Nos*

467 3095 663 3158 teneri
692 3094 1079 3160 credidimus
1101 3136 1121 3162 .‚
1165 3093 1309 3175 quia
1359 3112 1474 3173 per
1527 3091 1742 3174 plures
1790 3111 1984 3156 annos
2005 3135 2025 3164 ,

468 3194 618 3255 dum
661 3193 723 3255 in
769 3193 1112 3255 minoribus
1141 3211 1433 3259 eramus,
1466 3210 1625 3253 unus
1654 3212 1735 3254 ex
1769 3190 2028 3274 insignis

470 3291 753 3374 eiusdem
813 3289 1119 3354 Basilicae
1175 3288 1438 3368 Capituli
1488 3288 1776 3352 canonici
1827 3288 2034 3350 extiti-

468 3408 608 3450 mus
628 3430 648 3457 .,
679 3396 744 3451 et
771 3407 881 3467 per
907 3384 1123 3466 plures
1152 3386 1346 3447 etiam
1378 3404 1573 3448 annos
1602 3403 1859 3447 minnere
1890 3393 2033 3448 pro·

470 3484 735 3548 motoris
767 3483 933 3546 Fidei
964 3481 1159 3545 functi
1187 3481 1437 3546 fuinms.
1469 3489 1627 3544 Tum
1675 3490 1884 3548 autem
1920 3490 2034 3546 lto-

473 3603 573 3644 ma
605 3582 876 3664 benigne
904 3581 1101 3644 Nobis
1151 3598 1514 3660 responsum
1551 3587 1654 3643 est
1677 3624 1697 3654 ‚
1750 3580 1919 3659 quod
1971 3579 2032 3641 in

473 3679 732 3744 Basilica
763 3678 1157 3743 Lateranensi
1199 3676 1503 3740 solemnis
1553 3688 1881 3759 apparatus
1922 3697 2036 3759 pro

464 3776 940 3841 Canonizatione
996 3776 1233 3838 ibidem
1278 3775 1561 3838 habenda
1600 3773 1729 3856 jam
1778 3775 2029 3838 nimium

469 3881 902 3956 processeram
932 3881 1317 3952 nostraeque
1347 3871 1573 3935 literae
1600 3873 1807 3936 serius
1848 3894 2035 3954 quam

473 3973 803 4056 oportebat
825 4013 847 4043 ‚
877 3970 954 4031 ad
986 3971 1213 4034 Urbem
1244 3978 1683 4052 pervenerant.

597 4068 999 4136 Postmodum
1049 4089 1083 4131 a
1127 4066 1291 4146 piae«
1316 4086 1501 4131 mem.
1550 4066 1872 4131 Clemente
1927 4074 2033 4132 pp,

472 4170 612 4229 111.
650 4165 955 4230 similiter
996 4163 1493 4235 praedecessore,
1534 4171 1748 4227 nostro
1796 4163 1874 4228 ab
1928 4171 2038 4229 Ec·

471 4262 706 4329 clesiae
738 4263 1161 4328 Anconitanae·
1185 4262 1263 4325 ad
1291 4260 1605 4326 Ecclesiae
1629 4262 2038 4330 Bononiensis

473 4360 753 4443 regimen
775 4359 1133 4441 Apostolica
1165 4358 1304 4441 ejus
1335 4357 1699 4421 auctoritate
1722 4356 2037 4430 translatis

472 4459 665 4521 Nobis
694 4456 1112 4540 significatum
1139 4465 1274 4525 est,
1320 4455 1700 4535 praedictum
1753 4455 2039 4522 Clemen-

479 4562 610 4617 tem
638 4555 1191 4619 praedecessorem
1224 4557 1340 4615 BB.
1364 4551 1674 4614 vincentii
1695 4553 1774 4615 de
1808 4553 2037 4627 paulis,

470 4651 766 4715 lobannis
797 4648 1098 4713 Francisci
1134 4647 1318 4731 Regis
1341 4691 1362 4720 ‚
1393 4644 1753 4711 Catharinae
1797 4648 2034 4736 Fiescbi

474 4747 705 4810 Adorni
725 4792 746 4820 ,
774 4753 840 4810 et
868 4746 1149 4810 Iulianae
1182 4746 1576 4812 Falconeriae
1620 4747 2041 4810 canonizatio-

474 4864 618 4908 nem
649 4846 1014 4927 propediem
1047 4843 1111 4905 in
1140 4843 1423 4908 Ecclesia
1452 4843 1764 4910 Lateransi
1812 4843 2041 4907 solem·

485 4941 643 5018 niter
668 4941 1151 5006 celebraturum:
1176 4940 1297 5004 Sed
1327 4940 1623 5021 quoniam
1653 4960 1765 5020 per
1792 4941 1855 5002 id
1891 4951 2046 5004 tem-

475 5058 591 5120 pus
613 5038 744 5121 jam
774 5038 1018 5122 primus
1059 5044 1294 5099 Tomus
1336 5037 1546 5118 operis
1572 5036 1772 5104 nostti
1800 5038 1879 5101 de
1909 5045 2044 5101 Ser-

474 5156 693 5199 vorum
724 5135 834 5198 Dei
865 5132 1335 5210 Beatiticatione
1366 5145 1433 5198 et
1461 5139 1795 5198 Beatornm
1851 5141 2044 5222 Cano-

2125 1254 2191 1297 ra
2221 1235 2390 1299 nulla
2421 1245 2649 1302 statuta
2680 1250 2848 1304 esset
2879 1241 3244 1307 solemnitas
3272 1244 3338 1304 in
3369 1241 3692 1307 Beatitica-

2122 1331 2298 1395 tione
2322 1336 2788 1399 ¹l(.enerabilium
2830 1345 3157 1409 Sernornm
3204 1352 3269 1405 et
3303 1340 3692 1406 ancillarum

2126 1432 2236 1494 Dei
2270 1432 2694 1509 observanda3
2726 1435 3017 1518 idemque
3048 1441 3236 1501 ritum
3281 1446 3358 1503 et.
3398 1431 3696 1502 solemni·

2128 1536 2319 1599 tatem
2350 1531 2763 1598 adhibendam
2799 1533 2858 1595 in
2891 1555 3063 1600 sacra
3107 1534 3429 1615 functione
3479 1538 3694 1620 buius·

2130 1628 2328 1699 modi,
2357 1648 2625 1710 eamque
2659 1629 2871 1696 debita
2901 1653 3040 1696 cum
3066 1653 3290 1714 pompa
3315 1633 3379 1695 in
3406 1633 3698 1698 vaticana

2131 1725 2398 1791 Basilica
2419 1727 2790 1809 explendam
2817 1730 3186 1803 decreverit,
3209 1732 3291 1796 ita
3313 1750 3564 1813 semper
3584 1750 3696 1812 po·
3790 1753 3793 1757 ’

2137 1824 2508 1889 sterioribus
2540 1828 2936 1908 temporibus
2964 1840 3275 1892 servatum
3311 1837 3434 1900 est,
3462 1837 3530 1891 ut
3563 1850 3697 1892 om·-

2133 1940 2247 1985 nes
2275 1921 2775 1988 Beatificationes
2821 1926 2885 1987 in
2929 1924 3149 1989 eadem
3195 1926 3485 1991 vaticana
3528 1927 3701 1991 Basi-

2133 2017 2255 2082 lica
2297 2020 2768 2083 celebrarentur
2819 2041 3016 2102 usque
3064 2022 3144 2086 ad
3192 2022 3456 2088 praefati
3503 2031 3698 2089 Bene-

2138 2114 2289 2180 dicti
2323 2125 2475 2181 ΧΙΙΙ.
2506 2126 2810 2201 tempora,
2834 2142 2958 2202 qno
2982 2129 3316 2185 Romanam
3349 2110 3700 2210 Ecclesiam

2136 2215 2522 2295 gubernante
2547 2257 2567 2285 ‚
2629 2217 2913 2297 qiiamvis
2970 2218 3030 2279 in
3090 2220 3377 2284 Vaticana
3439 2220 3705 2287 Basilica

2138 2310 2534 2381 Beatificatio.
2554 2311 2834 2376 Ancillae
2881 2315 2989 2377 Dei
3043 2315 3282 2379 beatae
3313 2316 3701 2400 Hiacyntbae

2136 2410 2558 2484 Mariscottae,
2580 2417 2643 2475 et
2672 2411 2842 2474 Servi
2874 2412 2984 2474 Dei
3015 2418 3081 2476 B.
3115 2415 3369 2477 loannis
3388 2414 3468 2478 de
3501 2415 3701 2479 prado

2139 2503 2305 2571 facta
2336 2508 2448 2580 siu
2505 2508 2909 2573 nibilominus
2961 2509 3343 2575 Beatiticatio
3389 2513 3574 2577 Servi·-
3593 2513 3707 2578 Dei

2139 2607 2205 2665 B.
2241 2603 2473 2669 Fidelis
2503 2625 2536 2666 a
2568 2604 2954 2687 Sigmaringa
2986 2606 3170 2687 paulo
3201 2615 3340 2688 post
3371 2609 3704 2675 canoniza-

2140 2699 2373 2763 tionem
2408 2706 2471 2775 Β.
2504 2700 2799 2765 lobannis
2847 2703 3271 2781 Nepomuceni
3322 2702 3383 2764 in
3437 2704 3709 2772 anssica

2138 2797 2536 2871 Lateranensi
2557 2796 2877 2862 celebrata
2901 2796 3034 2860 suit.
3052 2805 3194 2862 post
3213 2797 3367 2864 banc
3386 2822 3536 2865 vero
3554 2808 3708 2866 Bea-

2139 2892 2542 2959 tificationem
2572 2896 2638 2956 in
2667 2895 2952 2979 ejusdem
2987 2897 3307 2973 Benedicti
3339 2899 3708 2964 pontificatu

2142 2991 2205 3053 in
2233 2991 2500 3057 Basilica
2527 2992 2812 3057 Vaticana
2855 2992 3118 3057 solemni
3172 2995 3291 3059 ritu
3343 2997 3525 3061 relati
3576 2996 3711 3063 fue-

2142 3100 2290 3155 runt
2339 3091 2399 3153 in
2452 3096 2781 3155 Beatorum
2831 3111 3165 3156 numerum
3200 3099 3424 3158 Servus
3452 3095 3563 3160 Dei
3599 3116 3708 3176 po·

2143 3199 2275 3252 stea
2310 3194 2575 3257 Beatus,
2621 3198 2687 3252 et
2724 3208 2887 3253 nunc
2934 3198 3183 3254 sanctus
3214 3191 3575 3256 Vincentius
3624 3195 3706 3260 de

2144 3286 2384 3356 paulis,
2416 3295 2481 3347 et
2510 3293 2734 3350 Servus
2763 3279 3121 3358 DeiBeatus
3139 3295 3360 3351 petrns
3381 3291 3708 3366 sororius-3

2142 3383 2204 3450 in
2239 3383 2601 3447 pontificatu
2645 3391 2854 3447 autem
2906 3382 3244 3462 Clementis
3296 3391 3476 3460 xn„
3521 3389 3708 3468 paulo

2144 3489 2286 3562 post
2345 3479 2731 3559 supradictas
2773 3480 3283 3546 Canonizationes
3330 3483 3393 3544 in
3441 3477 3711 3550 Basilica

2142 3577 2536 3641 Lateranensi
2565 3597 2691 3641 uno
2721 3579 3072 3660 codemque
3101 3581 3202 3642 die
3221 3580 3400 3643 unica
3419 3582 3714 3648 solemni·

2144 3683 2275 3739 tate
2310 3681 2630 3756 peractas,
2664 3675 2725 3736 in
2768 3677 2989 3740 eadem
3040 3676 3303 3742 Basilica
3347 3679 3715 3758 solemniter

2150 3771 2497 3853 adscriptus
2525 3778 2624 3836 est
2657 3772 2823 3837 inter
2850 3778 3077 3838 Beatos
3123 3781 3349 3837 Servus
3397 3775 3501 3840 Dei
3549 3796 3713 3843 niune

2150 3870 2374 3936 beatus
2404 3870 2638 3950 Jcsepb
2660 3891 2692 3934 a
2713 3870 3029 3960 Bennissaz
3056 3877 3207 3935 Cum
3228 3877 3436 3937 autem
3459 3895 3494 3936 a
3518 3874 3713 3938 Nobis

2147 3967 2232 4030 ob
2261 3965 2640 4030 ineffabilem
2682 3967 2793 4030 Del
2823 3968 3265 4049 benignitatem
3310 3968 3714 4048 pontificatus

2146 4064 2449 4128 bonorem
2474 4085 2545 4127 ac
2563 4084 2721 4128 onus
2739 4065 3100 4147 gerentibus
3123 4066 3442 4131 decretum
3466 4066 3713 4138 fuisset,

2146 4172 2214 4225 ut
2232 4163 2396 4226 inter
2418 4168 2640 4225 Beatos
2655 4169 2887 4225 Servus
2901 4164 3014 4226 Dei
3041 4161 3393 4228 Alexander
3409 4165 3488 4228 de
3507 4164 3713 4228 Saulis

2156 4260 2648 4329 adscriberetur,
2670 4255 2968 4323 solemnis
2989 4260 3276 4343 ejusdem
3309 4259 3719 4324 Beatiflcatio·

2153 4359 2248 4421 nis
2275 4356 2511 4422 functio
2542 4359 2603 4418 in
2635 4356 2900 4420 Basilica
2922 4357 3211 4422 Vaticana
3234 4358 3549 4421 celebrata
3579 4367 3698 4422 est.

2276 4461 2515 4520 Matura
2556 4455 2747 4537 igitur
2794 4456 3298 4522 consideratione
3336 4454 3723 4538 pei-pendan·

2153 4563 2250 4619 tes
2272 4598 2291 4625 ‚
2322 4554 2490 4636 quod
2523 4573 2557 4615 a
2591 4552 2889 4616 Romanis
2918 4552 3323 4616 Pontificibus
3355 4551 3720 4618 praedeces-

2150 4653 2404 4717 soribus
2435 4651 2667 4714 nostris
2714 4669 2931 4713 omnes
2980 4643 3446 4713 venerabilium
3505 4656 3721 4714 Servo·

2153 4771 2336 4820 rium..
2383 4757 2447 4812 et
2489 4747 2870 4812 Ancillarum
2926 4747 3033 4809 Dei
3086 4745 3610 4810 sanctificationes
3656 4746 3722 4806 in

2152 4843 2322 4910 Urba
2354 4855 2566 4908 nostra
2601 4843 2976 4907 solemniter
3003 4843 3394 4924 peragendae
3426 4841 3728 4905 laudabili

2164 4944 2472 5022 instituto,
2504 4942 2884 5024 optimisque
2916 4961 2993 5003 ex
3024 4942 3230 5004 causis
3261 4942 3341 5001 ab
3370 4940 3725 5022 antiquissi-

2155 5061 2257 5103 mo
2287 5050 2577 5118 tempore
2611 5041 2668 5100 in
2703 5041 2992 5102 Vaticana
3028 5038 3282 5102 Basilica
3303 5080 3323 5107 ‚
3356 5047 3420 5099 et
3450 5038 3614 5118 qnod
3646 5040 3728 5101 ab

2155 5138 2498 5201 Alexandri
2531 5144 2638 5200 pp.
2675 5144 2801 5200 vu.
2849 5135 3358 5200 praedecessoris
3392 5134 3588 5200 nostri
3612 5178 3632 5206 ,
3664 5144 3731 5198 et

470 5231 785 5295 nizatione
817 5219 878 5293 ii·
910 5230 1226 5312 publicum
1257 5230 1468 5293 editus
1518 5232 1763 5303 fuerat,
1813 5236 1875 5293 in
1923 5254 2063 5315 quo·
2158 5235 2527 5298 successivis
2558 5234 2787 5296 deinde
2824 5233 3209 5312 temporibus
3229 5231 3733 5296 Beatiticationes

484 5327 715 5391 nullam
748 5336 886 5391 ante
933 5325 1193 5409 praefati
1240 5327 1560 5392 Benedicti
1606 5329 2049 5420 praedecesso-⁴
2162 5352 2415 5414 quoque
2450 5332 2510 5392 in
2540 5330 2762 5393 eadem
2798 5332 3090 5394 Vaticana
3123 5330 3409 5399 Basilica,
3452 5331 3739 5411 exceptis

482 5423 572 5489 ris
594 5434 871 5507 tempora
901 5431 1233 5489 Beatorum
1263 5426 1806 5489 Canonizationem
1840 5427 1903 5490 in
1946 5434 2055 5492 Ur·
2178 5428 2498 5492 nonnullis
2553 5428 3110 5512 supramemoratis
3158 5427 3741 5493 Canoiiizationibus

805 5561 1017 5606 nuso.
1058 5567 1171 5605 xiv.
1212 5567 1361 5606 ron.
1405 5556 1532 5607 vn.
3366 5557 3403 5605 4
