4442 6300
1017 460 1087 515 ⁹⁴
2066 464 2273 521 ACTA
2312 461 2966 520 canonizavimus

857 602 1057 669 nialus
1084 603 1496 692 collegerant,
1527 614 1598 673 ut
1622 613 1895 694 posteris
1919 613 2024 682 vel
2054 610 2421 686 imitandae,
2535 617 2707 675 tutes
2725 631 2872 676 cum
2896 609 3195 696 singulari
3215 613 3482 695 quadam
3496 576 3826 697 prudentia
3846 615 4100 699 conjun-

858 699 956 765 vel
1005 702 1404 771 admirandae
1452 719 1990 789 proponerentur=
2043 708 2165 774 Vix
2210 715 2422 770 autem
2534 713 2666 771 ctas
2682 708 2746 771 in
2770 709 3099 774 catharina
3130 710 3494 792 Superiores
3516 712 3771 777 Ordinis
3789 712 4101 778 intueren-

857 797 982 861 tale
1010 799 1162 880 quid
1190 802 1270 864 ad
1302 802 1441 886 ejus
1459 803 1885 889 cognitionem
1918 806 2191 879 devenit,
2221 804 2423 866 incre·

2535 811 2639 868 tur
2660 847 2683 878 ,
2712 806 2830 869 rati
2862 825 2999 870 eam
3019 848 3040 879 ,
3070 827 3231 889 quae
3260 806 3401 871 aliis
3432 808 3698 874 subesse
3723 854 3743 881 ‚
3776 815 3965 892 atque
3995 830 4101 893 pa-

855 894 1055 960 dihile
1098 897 1273 963 dictu
1317 910 1418 964 est
1460 908 1692 984 quanto
1733 904 1958 971 dolore
2000 902 2423 983 molestiaque
2536 921 2677 967 rere
2722 911 2846 967 tam
2907 904 3068 968 hene
3125 905 3470 977 didicerat,
3516 928 3636 971 non
3682 908 3902 972 minori
3945 928 4090 972 cum

852 993 1075 1059 affecta
1105 992 1296 1060 fuerit
1326 998 1665 1063 catharina.
1699 1002 1961 1066 Tamdiu
1990 1022 2206 1072 orare,
2239 999 2425 1062 ohse-

851 1110 1027 1156 crare
1052 1134 1073 1165 ,
1104 1092 1337 1158 instare
1369 1094 1716 1160 humillima
1743 1100 1936 1183 virgo
1971 1118 2092 1163 non
2125 1096 2417 1168 destitit,

846 1191 914 1250 ut
943 1187 1111 1254 liber
1142 1190 1252 1257 ille
1281 1193 1783 1269 conculcaretur,
1814 1195 2219 1266 laceraretur,
2249 1214 2417 1257 com-

845 1284 1205 1363 bureretur,
1235 1293 1439 1373 quoad
1467 1314 1669 1375 usque
1699 1297 1950 1360 taudem
1984 1293 2324 1376 aliquando
2354 1290 2415 1351 in

847 1403 993 1449 suas
1020 1406 1239 1452 manus
1271 1409 1423 1453 casu
1457 1411 1597 1455 cum
1630 1386 2027 1489 deirenisjpt,
2061 1386 2413 1455 vehementi

843 1481 1215 1550 humilitatis
1261 1487 1549 1551 instinctu
1603 1489 1834 1572 agitata
1887 1489 2156 1552 flammis
2197 1486 2412 1550 subito

844 1582 1097 1647 tradidit
1123 1586 1643 1650 comburendum.
1676 1592 1891 1670 Neque
1922 1597 2129 1653 tamen
2161 1585 2415 1648 humili·

846 1679 997 1743 tatis
1025 1679 1163 1763 ejus
1193 1691 1545 1765 postremus
1573 1683 1671 1748 hic
1701 1686 1907 1749 extitit
1934 1686 2271 1756 terminus,
2301 1682 2413 1747 sed

843 1795 921 1840 co
978 1799 1179 1861 usque
1221 1800 1555 1865 progressa
1596 1790 1734 1856 est,
1788 1792 1855 1846 ut
1898 1804 1934 1847 a
1977 1782 2239 1847 caelesti
2293 1800 2411 1845 suo

843 1879 1081 1956 sponso
1124 1877 1337 1942 multis
1374 1881 1668 1962 precihus
1710 1880 2135 1966 lacrymisque
2181 1878 2414 1943 summi

845 1971 1136 2038 beneficii
1164 1973 1308 2041 loco
1338 1977 1592 2063 petierit
1619 1990 1685 2043 et
1716 1977 2167 2061 impetraverit,
2195 1985 2262 2041 ut
2282 1976 2415 2040 uni·

844 2069 1042 2133 versis
1069 2071 1418 2152 privaretur
1459 2074 1742 2139 externis
1771 2075 2124 2140 sanctitatis
2166 2073 2416 2141 indiciis

845 2174 906 2229 et
936 2169 1344 2250 argumentis.
1399 2200 1422 2226 ι

978 2294 999 2317 ·
1026 2271 1118 2328 Ex
1133 2263 1491 2347 hujusmodi
1512 2276 1643 2334 tam
1664 2268 2007 2354 profundae
2036 2267 2415 2334 humilitatis

841 2360 1070 2436 radice,
1100 2363 1296 2429 veluti
1328 2366 1650 2451 legitimus
1682 2367 1942 2443 tructus,
1974 2375 2234 2433 exactae
2267 2369 2418 2432 obe·

840 2457 1116 2524 dientiae
1148 2463 1350 2526 virtus
1392 2463 1702 2547 originem
1733 2464 1961 2537 traxit,
1995 2484 2158 2546 quae
2182 2506 2203 2537 ,
2249 2472 2413 2529 teste

840 2565 1054 2621 sancto
1084 2559 1385 2643 Gregorio
1406 2602 1427 2633 ,
1454 2570 1699 2626 ceteras
1721 2563 1984 2626 virtutes
2014 2562 2207 2625 menti
2244 2563 2411 2627 inse-

847 2652 960 2724 rit,
1002 2653 1394 2741 insertasque
1438 2659 1733 2723 custodit.
1766 2663 1920 2722 Cum
1956 2658 2292 2724 didicisset
2332 2679 2411 2724 ex

840 2758 1058 2815 sancto
1096 2754 1450 2827 Bernardo,
1478 2755 1683 2838 quoda
1719 2759 1944 2820 Fidelis
1976 2761 2263 2820 obediens
2303 2777 2410 2820 ns-

839 2855 956 2912 sce’t
985 2870 1227 2924 rueras,
1256 2856 1415 2932 [⁸⁴9ss
1457 2843 1788 2917 crastinum
1811 2897 1831 2927 ,
1860 2861 2105 2933 ignorat
2152 2861 2411 2919 tamita-

840 2960 956 3013 um
973 2992 994 3022 ‚
1023 2958 1325 3029 praeripit
1347 2957 1843 3029 praecipientem,
1870 2965 2055 3031 parat
2085 2958 2289 3016 oculos
2316 2959 2411 3016 vs·-

842 3051 941 3109 sus‘
955 3092 976 3122 ‚
1006 3067 1181 3113 aures
1211 3056 1480 3121 auditui,
1508 3055 1785 3127 linquam
1815 3056 1974 3123 voci,
2006 3067 2228 3112 manus
2260 3068 2405 3126 ops-

843 3151 940 3219 ro‘,
969 3152 1179 3212 itineri
1212 3155 1435 3226 podes,
1461 3160 1653 3211 totum
1695 3169 1756 3212 ss
1787 3153 2064 3226 colliyit,
2107 3160 2176 3211 ut
2217 3153 2411 3225 impo-

842 3248 1041 3305 ramis
1063 3249 1299 3322 colliait
1330 3250 1735 3317 voluntatum
1770 3244 1918 3307 nihil
1954 3245 2277 3328 antiquius
2306 3243 2413 3310 ha·

846 3339 977 3402 huit
1004 3341 1374 3416 Catharina,
1404 3360 1594 3424 quam
1626 3351 1696 3407 ut
1737 3339 1891 3406 h'aec
1935 3343 2152 3407 omnia
2193 3363 2407 3425 prom-

842 3446 950 3519 pto
977 3437 1292 3522 alacrique
1321 3440 1532 3504 auimo
1554 3439 1933 3503 adamussim
1964 3450 2409 3524 exequeretur.

843 3540 1058 3620 Neque
1087 3537 1290 3602 solum
1320 3537 1388 3600 id
1420 3537 1730 3620 praestitit
1750 3537 1846 3600 vel
1885 3540 1949 3600 in
1982 3539 2175 3602 rebus
2217 3537 2415 3603 facili·

847 3635 965 3699 bus
987 3681 1009 3711 ,
1042 3634 1138 3699 vel
1174 3655 1333 3718 quae
1358 3635 1537 3717 juxta
1566 3636 1927 3701 nonasterii
1961 3656 2197 3700 morem
2227 3644 2292 3702 et
2321 3638 2414 3701 in-

844 3732 1129 3797 stitutum
1162 3753 1198 3796 e
1227 3732 1602 3797 monialibus
1629 3733 1924 3797 omnibus
1965 3731 2103 3797 fieri
2149 3754 2411 3799 consue·

844 3815 1085 3904 ‘verant3
1114 3831 1227 3893 sed
1247 3828 1405 3892 nihil
1432 3851 1702 3913 unquam
1732 3831 1811 3894 de
1833 3839 2122 3914 prompta
2154 3832 2234 3896 ad
2264 3852 2411 3897 exe·

846 3927 1160 4007 quendum
1192 3926 1509 3993 voluntate
1540 3928 1822 4002 remisit,
1852 3929 2100 3992 etiamsi
2125 3928 2411 3993 difficilli-

846 4022 967 4089 mis
996 4045 1185 4108 saepe
1215 4046 1476 4092 numero
1505 4028 1877 4108 probaretur
1919 4027 2410 4110 experimentis3

845 4132 909 4186 et
935 4125 1130 4188 ardua
1161 4144 1488 4207 quaeque,
1520 4132 1583 4186 et
1613 4125 1752 4208 ejus
1793 4126 1960 4189 vires
1992 4144 2187 4207 prope
2230 4145 2416 4190 exce·

845 4219 1058 4282 dentia
1083 4220 1479 4305 juberentur.
1529 4229 1760 4286 ttevcra
1801 4223 1881 4284 ab
1913 4221 2051 4305 ejus
2092 4222 2415 4286 conscien-

847 4315 968 4381 tiae
987 4318 1381 4383 Moderatore
1404 4320 1525 4383 ruit
1545 4320 1858 4401 quondam
1883 4319 1976 4381 illi
2007 4320 2413 4401 imperatum,

845 4419 915 4477 ut
947 4415 1194 4481 sincere
1220 4415 1621 4498 fideliterque
1652 4416 1902 4481 cuidam
1935 4436 2015 4479 ex
2041 4417 2415 4498 probatiori·

846 4512 966 4575 bus
993 4511 1167 4577 itlius
1190 4513 1555 4578 Monasterii
1581 4514 1910 4577 Sororibus
1934 4512 2208 4596 aperiret
2237 4514 2416 4595 quid-

850 4610 1003 4694 quid
1030 4611 1151 4673 sibi
1178 4630 1213 4675 a
1242 4612 1500 4676 caelesti
1523 4632 1636 4675 suo
1668 4617 1908 4693 Sponso
1936 4612 2246 4675 creditum
2280 4610 2415 4677 fue-

2533 998 2720 1063 laude
2780 1018 3118 1083 rerumque
3178 1001 3595 1084 spiritualium
3670 1005 4099 1069 emolumento

2529 1097 2888 1162 Monasterii
2938 1099 3226 1182 regimini
3254 1098 3727 1182 praefuturam,
3773 1101 4099 1167 annuenti-

2531 1194 2687 1268 bus,
2718 1197 3211 1277 approbantibus
3233 1241 3254 1271 ,
3285 1197 3732 1279 plaudentibus
3762 1202 4098 1267 Sororibus

2527 1294 2840 1366 omnibus,
2869 1314 2993 1359 una
3014 1296 3316 1360 duntaxat
3336 1297 3665 1362 catharina
3694 1298 3761 1363 id
3788 1319 3975 1383 aegre
4008 1296 4099 1362 fe-

2525 1399 2725 1463 rente,
2757 1390 2930 1454 illam
2961 1390 3100 1456 huic
3125 1393 3363 1457 muneri
3392 1394 3841 1472 admoverunt3
3871 1396 3936 1458 in
3968 1415 4095 1477 quo

2522 1494 2649 1551 tam
2680 1488 3039 1569 prudenter,
3066 1490 3258 1570 juste,
3292 1491 3742 1575 moderateque
3774 1513 3845 1557 se
3876 1493 4095 1576 gessit,

2523 1591 2591 1647 ut
2612 1586 3013 1667 Superiorum
3041 1590 3409 1653 eorumdem
3424 1590 3604 1674 jussu
3628 1591 3705 1652 ad
3726 1591 4095 1675 quadragin-

2528 1688 2591 1746 ta
2622 1682 2781 1749 duos
2812 1703 3041 1757 annos,
3072 1705 3215 1749 raro
3244 1693 3433 1769 atque
3478 1689 3658 1753 unico
3686 1686 3957 1753 fortasse
3998 1690 4092 1752 in-

2527 1788 2627 1843 ter
2684 1781 2992 1846 Moniales
3032 1783 3367 1866 exemplo,
3428 1807 3674 1851 summa
3715 1808 3863 1852 cum
3903 1788 4096 1852 animi

2527 1878 2623 1942 sui
2656 1878 2947 1945 molestia
2977 1879 3135 1944 illud
3167 1882 3660 1962 protraheretur.
3694 1913 3718 1941 ι

2661 2005 2684 2031 ·
2710 1978 3058 2041 constituta
3089 1989 3298 2053 autem
3329 1999 3363 2042 a
3395 1983 3658 2047 Domino
3701 2001 3891 2065 super
3919 1982 4101 2047 fami-

2525 2070 2677 2135 liam
2709 2095 2884 2138 suam
2906 2118 2928 2149 ,
2972 2074 3128 2137 nihil
3163 2075 3363 2160 magis
3404 2078 3578 2143 cordi
3606 2079 3861 2153 habuit,
3904 2098 4094 2161 quam

2526 2178 2592 2233 ut
2624 2191 2846 2235 omnes
2872 2179 3018 2235 vota
3048 2172 3389 2237 redderent
3416 2173 3479 2236 in
3508 2183 3843 2256 conspectu
3889 2176 4102 2241 Domi-

2528 2268 2635 2342 ni,
2668 2289 2854 2350 quam
2886 2277 2953 2331 ut
2985 2279 3262 2334 mutuam
3293 2270 3457 2336 inter
3484 2293 3552 2336 se
3586 2273 3951 2337 charitatem
3982 2271 4088 2337 ha-

2526 2366 2774 2441 herent,
2806 2388 2966 2449 quae
2997 2377 3098 2433 est
3126 2368 3436 2432 vinculum
3460 2369 3889 2453 perfectionis,
3910 2385 4101 2452 quam

2526 2473 2596 2528 ut
2650 2465 3052 2530 ascensiones
3115 2466 3179 2527 in
3222 2468 3416 2531 corde
3474 2488 3589 2532 suo
3646 2468 4095 2551 disponerent,

2523 2559 2818 2642 irentque
2861 2563 2942 2626 de
2985 2563 3217 2626 virtute
3275 2561 3336 2624 in
3382 2564 3680 2627 virtutem
3710 2608 3731 2637 ,
3776 2585 3964 2647 quam
4026 2571 4098 2628 ut

2521 2658 2824 2724 Martham
2845 2702 2867 2733 ,
2898 2666 2966 2723 et
2988 2659 3420 2744 magdalenam
3451 2672 3710 2745 agentes
3741 2662 4093 2727 orationem

2523 2775 2664 2820 cum
2696 2758 3058 2839 operatione
3100 2758 3595 2842 conjungerent,
3640 2781 3826 2843 quam
3873 2769 3943 2824 ιιι
3989 2761 4097 2825 de·

2522 2852 2717 2935 nique
2743 2853 3048 2937 quidquid
3080 2856 3275 2919 verbo
3310 2854 3625 2928 docebat,
3658 2877 3772 2921 suo
3816 2857 4089 2939 ipsamet

2519 2947 2806 3014 firmaret
2859 2950 3175 3034 exemplo.
3236 2951 3483 3025 comis,
3527 2951 3773 3027 facilis,
3821 2954 4046 3019 blanda
4071 2997 4094 3029 ‚

2521 3049 2691 3113 mitis
2721 3068 2938 3114 omnes
2968 3049 3212 3113 intimis
3238 3049 3561 3115 charitatis
3589 3051 3936 3115 visceribus
3956 3094 3981 3125 ,
4031 3059 4099 3116 et

2521 3155 2800 3213 materna
2821 3149 3088 3230 quadam
3106 3147 3511 3213 solicitudine
3531 3150 4094 3232 complectebatur5

2524 3246 2747 3313 sedulo
2774 3247 3143 3311 incumbens
3166 3289 3186 3318 ,
3220 3266 3299 3310 ne
3329 3267 3515 3329 quam
3551 3248 3806 3313 tristitia
3849 3246 4091 3330 afflige·

2521 3354 2660 3419 ret,
2692 3364 2772 3408 ne
2802 3362 2985 3426 quam
3018 3342 3318 3425 cogitatio
3347 3343 3650 3408 secularis
3675 3353 3969 3429 urgeret,
4014 3363 4096 3410 ne

2524 3442 2733 3524 aliqua
2761 3441 2946 3505 nimia
2972 3441 3182 3523 quiete
3214 3450 3639 3521 torpesceret,
3672 3463 3750 3508 ne
3782 3442 3978 3507 nimio
4003 3440 4097 3507 la-

2526 3541 2679 3604 bore
2709 3538 2917 3621 aliqua
2949 3547 3382 3621 premeretur:
3417 3544 3698 3622 cumque
3744 3548 3918 3606 esset
3961 3561 4094 3603 om-

2520 3636 2685 3699 nium
2713 3642 2935 3705 Mater,
2964 3632 3189 3698 nullibi
3216 3634 3411 3718 magis
3439 3636 3877 3716 auctoritatem
3917 3655 4094 3701 suam

2522 3717 2805 3798 adhibuit
2830 3778 2849 3806 ,
2879 3752 3062 3814 quam
3098 3738 3163 3794 ut
3194 3732 3318 3795 sibi
3347 3732 3775 3815 abjectissima
3806 3753 4095 3817 quaeque

2520 3829 2887 3900 nonasterii
2922 3848 3183 3892 munera
3227 3839 3601 3894 reservaret.
3635 3832 3862 3895 Sordes
3903 3829 4093 3915 igitur

2523 3948 2776 3992 verrere
2799 3970 2820 3999 ,
2849 3925 3165 3990 communi
3198 3946 3448 3991 mensae
3483 3927 3791 3992 inservire
3817 3972 3837 4002 ,
3879 3927 4092 3992 lances

2522 4027 2585 4090 in
2644 4025 2909 4106 coquina
2968 4024 3298 4109 detergere
3358 4022 3922 4090 familiarissimum
3981 4025 4100 4110 ipsi

2525 4124 2664 4190 fult.
2699 4153 2720 4179 ι

2660 4254 2683 4279 ·
2715 4221 3053 4305 Praecipue
3094 4238 3247 4284 vero
3275 4219 3572 4304 singulari
3615 4240 3764 4305 erga
3808 4219 4089 4284 Infirmas

2525 4319 2823 4387 charitate
2867 4318 3278 4400 resplenduit.
3311 4318 3396 4382 lis
3439 4319 3756 4402 siquidem
3800 4318 4096 4383 famulari

2529 4441 2728 4503 usque
2756 4419 2916 4483 adeo
2945 4418 3010 4478 in
3054 4415 3299 4480 deliciis
3326 4414 3549 4480 habuit
3572 4460 3593 4489 ,
3626 4423 3691 4478 ut
3734 4435 3857 4481 non
3905 4416 4093 4481 modo

2523 4517 2796 4582 lectulos
2852 4526 3129 4581 sternere
3153 4558 3173 4587 ,
3233 4513 3409 4578 cibos
3454 4514 3728 4596 propriis
3795 4516 4086 4579 manibus

2527 4635 2896 4699 praeparare
2920 4657 2940 4685 ,
2969 4612 3153 4675 flexis
3196 4610 3352 4693 ipsis
3395 4612 3661 4695 genibus
3702 4613 4047 4686 ministrare
4071 4655 4094 4686 ,

853 4717 988 4783 rat,
1033 4709 1130 4773 vel
1177 4709 1238 4771 in
1270 4719 1601 4793 posterum
1645 4709 2031 4773 crederetur.
2064 4709 2412 4775 Humilitati
2526 4733 2740 4779 earum
2773 4712 2965 4794 pedes
2991 4708 3251 4773 abluere
3282 4705 3467 4771 solita
3489 4707 3700 4781 fuerit,
3734 4709 3846 4772 sed
3880 4729 4084 4792 neque

852 4826 1000 4870 stiae
1056 4805 1546 4887 profundissime
1605 4806 1915 4870 inflictum
1961 4805 2186 4870 vulnus
2230 4806 2420 4874 vehe-

2529 4814 2608 4878 ab
2637 4830 2852 4874 earum
2881 4805 3206 4870 ulceribus
3236 4805 3406 4869 sanie
3440 4806 3869 4880 manantibus,
3899 4807 4096 4870 sordi-

855 4914 1098 4969 mcuter
1137 4904 1476 4969 admodum
1520 4903 1714 4968 sensit
1754 4904 2128 4981 catharina;
2172 4914 2416 4971 tantum
2534 4911 2740 4994 doque
2769 4906 3056 4991 quolibet
3087 4902 3433 4967 ministerio
3464 4903 3558 4967 sui
3590 4904 3819 4967 victrix
3863 4904 4090 4968 abhor-

853 5010 1062 5067 tamen
1093 5002 1334 5077 ahl'uit,
1363 5011 1433 5065 ut
1460 5003 1815 5067 mandatum
1845 5022 1968 5066 non
1999 5002 2274 5079 faceret,
2318 5005 2420 5070 vel
2527 5007 2768 5073 ruerit:
2803 5005 2867 5068 Si
2898 5023 3057 5085 quae
3086 5021 3239 5065 vero
3268 5000 3331 5061 in
3357 4998 3521 5064 vitae
3553 5000 3917 5064 discrimine
3962 5022 4098 5066 ver-

856 5101 920 5162 in
952 5122 1030 5165 eu
1059 5098 1344 5165 faciendo
1377 5122 1585 5166 moras
1612 5101 1997 5175 innecteret;
2027 5102 2313 5183 quinimo
2353 5103 2419 5166 id
2532 5114 2842 5177 sarentur,
2874 5100 3116 5165 nullum
3147 5105 3283 5163 erat
3310 5097 3562 5181 pietatis
3594 5097 3894 5172 officium,
3927 5101 4094 5183 quod

857 5200 1069 5264 subito
1099 5197 1475 5263 fidelissime
1494 5199 1829 5282 praestitit,
1858 5221 1970 5265 sua
1992 5201 2419 5285 nequidquam
2535 5206 2615 5269 ab
2647 5222 2718 5266 ea
2750 5220 2873 5264 non
2895 5197 3384 5281 impenderetur,
3409 5195 3542 5258 Cibi
3573 5194 3899 5277 somnique
3918 5218 4090 5281 pror-

735 5315 758 5340 ·
859 5296 1205 5362 reluctante
1236 5296 1614 5372 humilitate.
1646 5329 1668 5352 ·

995 5425 1016 5450 ·
1045 5399 1198 5459 cum
1229 5415 1381 5460 vero
1412 5394 1863 5471 obedientiam,
1896 5407 2267 5483 ceterasque
2301 5398 2424 5464 vir·

2535 5324 2641 5369 sus
2665 5298 2864 5366 oblita
2885 5344 2905 5372 ,
2934 5318 3050 5362 nec
3078 5296 3184 5358 diu
3208 5339 3229 5369 ‚
3261 5314 3376 5358 nec
3402 5300 3591 5358 noctu
3621 5293 3816 5357 veluti
3847 5314 3882 5357 a
3925 5315 4095 5359 com·

2542 5400 2731 5465 missa
2762 5395 3046 5462 custodia
3074 5393 3460 5458 discedebatz
3489 5390 3933 5457 sacramentali
3965 5413 4100 5476 gra-
