4442 6300
1595 517 1943 586 ermom:
1988 510 2383 567 sanctum
2397 510 2455 562 Μ
2525 508 2692 561 ΕΤΟ.

522 670 797 755 jusmodi
830 694 1052 740 causas
1077 715 1099 744 ‚
1127 669 1271 746 novt
1301 667 1568 736 suhlnde
1596 667 1674 732 de
1702 683 1825 729 non
1868 665 2046 728 Cultu
2068 708 2089 737 ‚

3536 500 3610 553 ⁹¹!

2198 667 2329 723 tem
2358 660 2524 721 Deus
2551 652 2739 720 faciat
2764 654 2841 718 ad
2887 653 3187 738 majorem
3249 644 3571 715 aeclesiae
3637 660 3790 713 suu

520 786 587 839 ut
624 775 832 858 ajunt,
879 771 1188 838 condendi
1216 769 1394 834 fuere
1436 777 1810 837 Processns.
1854 765 2094 841 Quibus
2205 753 2533 818 utilitatem
2563 760 2629 817 et
2655 752 3138 818 incrementum,
3170 765 3399 809 novum
3464 743 3794 809 miraculo-

524 873 645 937 rite
673 872 1050 939 constructis
1078 889 1242 947 anno
1272 868 1616 933 millesimo
1638 866 2099 932 sexcentesimo
2211 874 2347 918 rum
2380 870 2642 916 018Φοῐὶ
2662 848 2940 914 demum
2974 853 3114 910 0⁸2²
3148 852 3218 908 Εἴ
3249 846 3311 907 ἱΰ
3351 843 3793 926 ῧθθδῑθὸδῑῖθ·

533 972 1005 1054 septuagesimo
1035 970 1280 1051 quinto,
1310 969 1389 1032 de
1420 966 1780 1031 omnimoda
1809 971 2101 1028 Decreto·

532 1090 670 1133 rum
702 1068 1100 1133 observantia
1131 1074 1416 1131 constare
1448 1063 1742 1147 Episcopi
1773 1061 2107 1126 Pistorien-

535 1169 660 1243 sis,
705 1174 769 1231 et
798 1173 1059 1231 Sanctae
1092 1167 1269 1231 Sedis
1293 1165 1537 1249 judicio
1578 1162 1961 1228 declaratum
2009 1169 2107 1223 est

535 1285 695 1332 enno
744 1264 1084 1330 millesimo
1134 1262 1594 1329 sexcentesimo
1644 1257 2108 1344 septuagesimo

541 1371 789 1433 001870.
829 1392 854 1419 a
2111 1357 2132 1363 ‘

673 1492 699 1520 ι
734 1460 923 1525 Siluit
967 1457 1368 1543 postmodnm
1409 1460 1608 1521 Causa
1647 1476 1848 1537 usque
1895 1454 1973 1517 ad
2007 1472 2110 1516 an-

541 1577 688 1622 num
716 1555 1120 1622 millesimum
1153 1553 1782 1637 septingentesimum
1802 1552 2112 1615 decimum

2210 972 2290 1015 ne
2330 949 2602 1032 generali
2646 966 2855 1011 coram
2903 946 3042 1028 ipso
3081 944 3331 1016 habita,
3399 943 3526 1008 duo
3578 959 3797 1006 rursus

2215 1048 2401 1133 plane
2430 1045 2816 1127 approbavit.
2857 1071 2881 1097 ο

2351 1175 2374 1198 ·
2412 1144 2683 1208 Primum
2715 1150 2814 1206 est
2841 1136 3135 1205 absoluta
3166 1144 3229 1202 et
3255 1134 3540 1220 perfecta
3559 1136 3794 1201 sanitas

2215 1236 2450 1307 Mariae
2479 1239 2902 1305 clementinae
2932 1235 3216 1302 Staccioli
3251 1234 3499 1318 puellae
3540 1234 3790 1298 Floren-

2219 1343 2392 1405 tinae
2434 1341 2514 1406 ab
2544 1338 2906 1403 exulcerato
2935 1344 3124 1419 atque
3156 1332 3606 1400 immedicabili
3646 1337 3798 1397 cau-

2221 1459 2328 1503 cro
2361 1440 2422 1500 in
2453 1439 2714 1502 dextera
2745 1434 3023 1499 mamilla
3049 1478 3068 1506 ,
3102 1432 3267 1516 quod
3300 1442 3545 1515 septem
3591 1430 3800 1513 primo

2222 1534 2496 1599 valvulis
2544 1554 2656 1596 seu
2708 1532 3083 1597 cavitatibus
3105 1576 3124 1601 ‚
3179 1550 3329 1594 mox
3384 1530 3630 1593 duabus
3685 1548 3803 1611 per

548 1657 867 1739 quintum,
911 1675 1036 1737 quo
1067 1660 1290 1716 Sam-„0
1320 1652 1575 1715 nimum
1608 1647 2115 1733 &nm-..gationis
2227 1642 2372 1697 octo
2395 1651 2590 1695 annos
2622 1631 2708 1696 ita
2741 1630 3074 1702 saevierat,
3099 1638 3165 1691 ut
3194 1647 3275 1691 ex
3306 1648 3384 1691 eo
3400 1625 3652 1692 Infirma
3675 1646 3802 1691 non

548 1760 838 1824 Decreto,
872 1760 1180 1817 annuente
1210 1751 1535 1815 Clemente
1566 1756 1671 1813 XI.
1705 1746 2001 1812 Pontitice
2035 1753 2111 1811 0-

549 1852 745 1935 ptimo
765 1851 1058 1921 Maximo,
1075 1851 1485 1915 instauratum
1507 1848 1625 1912 tuit
1650 1848 1950 1910 virtutum
1973 1865 2117 1909 exa·

551 1968 737 2024 men,
781 1968 943 2030 quae
973 1955 1193 2013 Sacrae
1237 1953 1433 2012 Rotae
1464 1947 1841 2010 Auditorum
1881 1942 2120 2027 judicio

549 2046 923 2132 jampridem
954 2045 1204 2110 fuerant
1233 2046 1630 2129 approbatae:
1663 2047 1940 2122 cumque
1970 2061 2121 2105 non—

553 2142 766 2209 nullae
794 2142 1060 2207 fuissent
1088 2150 1343 2207 exortae
1363 2161 1561 2205 novae
1593 2138 2011 2209 difficultates,
2042 2138 2122 2201 iis

553 2242 754 2324 probe
781 2240 1027 2322 riteque
1047 2240 1373 2312 discussis,
1395 2238 1772 2304 Benedictus
1787 2244 1949 2301 xm.
1975 2244 2123 2301 Pon·

559 2337 718 2403 tifex
762 2338 1052 2419 Optimus
1094 2330 1406 2402 Maximus
1442 2336 1689 2401 Ordinis
1730 2336 2124 2401 Praedicato-

560 2456 699 2500 rum
730 2436 1093 2518 Apostolico
1111 2435 1243 2500 lato
1271 2441 1536 2500 Decreto
1559 2435 1665 2499 die
1684 2435 1949 2516 septima
1972 2440 2130 2498 Har-

565 2535 641 2598 tii
661 2555 823 2600 anno
841 2533 1205 2598 mullesimo
1235 2534 1803 2616 septingentesimo
1829 2531 2130 2616 vigesimo

564 2634 833 2716 septimo
852 2676 875 2706 ,
918 2634 999 2696 de
1028 2632 1364 2696 virtutibus
1393 2632 1760 2695 catharinae
1788 2630 1865 2693 de
1907 2629 2130 2695 Ricciis

564 2733 626 2794 in
659 2731 856 2815 gradu
888 2730 1145 2795 heroico
1175 2730 1252 2794 ad
1279 2730 1571 2793 effectum
1591 2773 1612 2802 ‚
1644 2730 1724 2794 de
1755 2748 1882 2811 quo
1908 2729 2134 2812 ageba-

567 2840 709 2901 tur,
738 2836 1028 2895 constare
1057 2827 1506 2908 pronunciavit.
1545 2856 1569 2882 ο

697 2955 721 2981 ·
757 2925 996 3000 Quibus
1038 2924 1347 3008 peractis,
1378 2923 1454 2986 ad
1489 2942 1712 2986 novum
1757 2922 1948 2987 etiam
1992 2940 2133 2984 exa·

566 3043 713 3087 men
751 3031 1040 3089 revocata
1071 3044 1213 3087 cum
1244 3021 1513 3087 fuissent
1542 3019 1905 3084 Catharinae
1949 3020 2136 3083 mira-

564 3121 728 3195 cula,
756 3121 820 3185 in
849 3119 1124 3204 generali
1156 3126 1337 3185 Sacra
1366 3120 1611 3184 Rituum
1644 3119 2134 3202 congregatione

568 3240 777 3284 coram
819 3217 1141 3283 clemente
1170 3226 1299 3283 ΧΠ.
1330 3226 1393 3282 Ρ.
1428 3225 1498 3283 Ο.
1529 3224 1610 3282 Μ.
1643 3216 1854 3280 habita
1897 3216 2004 3281 die
2045 3216 2135 3279 vi-

567 3317 800 3397 gesima
830 3315 1103 3379 secunda
1129 3315 1357 3396 Aprilis
1386 3315 1529 3379 anni
1561 3313 1885 3377 millesimi
1909 3312 2138 3394 septin-

569 3412 900 3495 gentesimi
934 3413 1235 3495 trigesimi
1268 3412 1470 3494 quarti
1492 3455 1510 3478 .
1545 3411 1667 3475 duo
1697 3410 1904 3492 plenis
1932 3411 2136 3476 calcu-

571 3509 652 3575 lis
680 3512 1022 3592 approhata
1056 3519 1196 3574 sunt
1226 3536 1242 3572 e
1277 3509 1523 3573 Scilicet
1553 3511 1784 3573 sanitas
1816 3514 2136 3573 momento

570 3608 876 3689 temporis
895 3607 1209 3687 impertita
1242 3607 1451 3669 Sorori
1482 3606 1849 3670 catharinae
1879 3606 1959 3669 de
1978 3610 2137 3669 Bon·

572 3705 683 3769 siis
707 3704 960 3770 Moniali
991 3704 1315 3768 Professae
1341 3704 1405 3766 in
1435 3705 1814 3768 monasterio
1859 3704 2132 3767 cratensi

572 3805 633 3864 S.
667 3802 971 3867 vincentii
1004 3801 1258 3866 Ordinis
1285 3802 1786 3867 Praedicatorum
1808 3845 1828 3873 ,
1859 3803 1940 3865 ab
1981 3809 2138 3865 Ane-

573 3908 927 3983 nrysmate:
960 3905 1039 3961 Bt
1082 3900 1325 3963 Sororis
1368 3899 1691 3964 Elisabeth
1738 3900 2135 3965 Cherubinac

573 3996 782 4059 Catani
809 3995 1102 4060 monialis
1119 4001 1466 4060 Conversae
1502 3997 1563 4058 in
1592 3994 1971 4061 Monasterio
1998 4003 2136 4060 Pra-

574 4095 736 4158 tensi
769 4099 825 4157 S.
860 4093 1075 4156 Clarae
1097 4094 1303 4155 subita
1338 4093 1488 4155 item
1522 4092 1691 4157 salus
1722 4095 1801 4157 ab
1836 4092 2136 4156 ischiada.

574 4193 856 4272 Datoque
889 4189 967 4253 de
999 4209 1217 4254 eorum
1250 4191 1704 4270 approbatione
1734 4196 2002 4254 Decreto
2033 4190 2137 4254 die

574 4287 896 4370 trigesima
927 4285 1162 4367 Aprilis
1192 4287 1335 4350 anni
1372 4286 1694 4350 millesimi
1716 4287 2138 4368 septingente-

577 4385 715 4449 simi
759 4383 1073 4465 trigesimi
1122 4384 1418 4455 secundi,
1461 4385 1627 4448 idem
1676 4381 1967 4448 clemens
2011 4391 2140 4449 xn.

572 4480 1057 4546 Beatificationis
1086 4480 1360 4562 diploma
1395 4481 1675 4563 expediri
1699 4481 2013 4546 mandavit
2040 4482 2139 4546 die

576 4579 777 4662 prima
811 4585 945 4642 oct.
980 4577 1264 4660 ejusdem
1297 4576 1462 4641 anni.
1503 4605 1525 4630 ι

714 4707 737 4731 ·
774 4675 1095 4756 Expeditis
1123 4681 1341 4753 postea
1372 4673 1629 4743 litteris.
1652 4696 1810 4755 quas
1833 4675 2144 4739 Remisso-

579 4771 767 4836 riales
796 4783 860 4835 et
891 4768 1432 4853 compulsoriales
1462 4778 1716 4843 vocant3
1746 4790 1857 4850 pro
1885 4791 2145 4835 consue·

579 4870 660 4934 tis
686 4868 1089 4933 conficiendis
1111 4866 1470 4949 Apostolica
1499 4866 1869 4931 auctoritate
1887 4874 2143 4931 Proces-

580 4968 754 5030 sibus
786 4985 977 5048 super
996 4965 1176 5028 novis
1203 4964 1547 5037 miraculis,
1578 4983 1737 5046 quae
1759 4972 1900 5046 post
1927 4965 2140 5030 catha·

444 5144 460 5154 .
585 5064 752 5127 rinae
783 5061 1311 5126 Beatiflcationem
1345 5070 1583 5144 patrata
1616 5059 1891 5132 fuerant,
1922 5063 2142 5143 eisque

577 5160 653 5221 ad
687 5160 907 5223 Urbem
940 5159 1201 5229 delatis,
1238 5179 1583 5240 eorumque
1619 5157 1937 5222 validitate
1971 5178 2144 5222 reco-

577 5256 769 5336 gnita,
799 5256 1164 5337 praemissis
1192 5257 1513 5320 consuetis
1541 5256 2144 5338 congregationibus

583 5353 1223 5435 Antepraeparatoriis
1264 5360 1326 5414 et
1360 5352 1839 5434 praeparatoriis
1859 5393 1879 5424 ,
1911 5353 1988 5415 a‘d
2019 5358 2146 5415 BE-

583 5453 977 5516 Nssmc'mu
1011 5456 1165 5513 xlv.
1199 5457 1260 5513 Ρ.
1294 5456 1362 5515 Ο.
1397 5455 1476 5513 u.
1500 5491 1522 5521 ‚
1565 5468 1756 5532 quem
1800 5448 1906 5512 diu
1949 5448 2145 5532 sospi-

2230 1729 2430 1793 multo
2455 1737 2596 1811 post
2626 1728 2979 1793 certissime
3003 1727 3304 1790 moritura
3334 1725 3736 1808 judicaretur.
3763 1754 3796 1783 ι

2366 1856 2389 1882 ·
2429 1827 2706 1890 Alterum
2736 1844 2887 1888 vero
2915 1824 3026 1887 fuit
3064 1823 3388 1907 repentina
3422 1821 3590 1888 salus
3618 1828 3800 1887 Soro-

2233 1925 2323 1988 ris
2350 1925 2586 1989 Mariae
2623 1923 3027 2007 magdalenae
3070 1922 3286 1987 Fabris
3327 1919 3614 1987 Monialis
3654 1928 3804 1986 Pro·

2232 2021 2398 2087 t'essa
2425 2024 2491 2085 in
2516 2022 2901 2087 Momsterio
2925 2028 2983 2086 S.
3006 2021 3371 2085 catherinae
3391 2019 3667 2085 Civitatis
3686 2027 3807 2084 Au-

2233 2131 2533 2201 gustanae
2574 2121 2828 2185 Ordinis
2859 2117 3363 2184 praedicatorum
3395 2120 3476 2182 ab
3522 2118 3805 2183 arthriti-

2234 2217 2313 2279 de
2344 2216 2747 2299 pertinaciter
2765 2215 2885 2287 fixa
2904 2216 2968 2279 in
2992 2214 3701 2295 artubusjnteriorihus,
3725 2237 3808 2281 ex

2235 2335 2358 2395 qua
2388 2335 2607 2380 eorum
2631 2323 2836 2379 motus
2858 2314 3345 2397 impediebatur,
3367 2334 3659 2395 quaeque
3673 2319 3805 2380 Me·

2238 2398 2519 2476 dicorum
2544 2411 2781 2496 judicio
2809 2420 2945 2474 erat
2974 2431 3238 2493 prorsus
3265 2409 3651 2475 insanabilis.
3688 2439 3713 2466 0

2337 2539 2396 2571 .·
2435 2515 2603 2585 Quae
2633 2528 2772 2572 cum
2802 2517 3056 2589 peracta
3090 2506 3388 2577 fuissent,
3433 2506 3646 2571 habita
3690 2509 3808 2573 lte-

2242 2627 2379 2669 rum
2410 2626 2614 2670 coram
2648 2606 2874 2670 eodem
2907 2613 3159 2669 Summo
3188 2603 3486 2670 Pontiflce
3526 2608 3809 2690 generali

2241 2704 2763 2789 congregatione,
2797 2705 3149 2768 discussum
3179 2712 3322 2774 est,
3366 2723 3443 2769 an
3490 2713 3627 2767 tuto
3668 2725 3808 2787 pro·

2245 2802 2384 2864 cedi
2419 2810 2629 2883 posset
2672 2801 2748 2862 ad
2783 2799 3127 2865 solemnem
3175 2802 3397 2865 beatae
3441 2800 3807 2869 catharinae

2243 2898 2828 2972 Canonizatiouem3
2887 2905 2953 2961 et
3003 2897 3291 2961 Patribus
3336 2898 3624 2963 omnihus
3664 2905 3812 2966 voto

2246 2995 2519 3061 unanimi
2559 2995 3098 3060 consentientibus
3122 3036 3143 3067 ,
3172 2999 3316 3077 post
3351 2993 3592 3083 aliquot
3631 2996 3812 3072 dies,

2246 3094 2476 3175 quibus
2508 3093 2570 3155 in
2618 3113 2688 3158 re
2721 3100 2846 3156 tam
2880 3092 3051 3176 gravi
3096 3111 3129 3155 a
3163 3099 3337 3158 Patre
3365 3091 3672 3157 luminum
3719 3094 3813 3159 di-

2245 3191 2455 3255 vinum
2489 3192 2733 3256 censuit
2763 3190 3205 3273 postulandum
3227 3189 3553 3261 auxilium,
3574 3191 3677 3255 die
3706 3192 3815 3258 de·

2248 3309 2415 3351 mum
2437 3296 2611 3360 sexta
2648 3286 2941 3354 Octobris
2960 3287 3100 3349 anni
3122 3286 3437 3353 millesimi
3464 3288 3818 3372 septingen-

2253 3385 2460 3450 tesimi
2494 3384 2959 3469 quadragesimi
2995 3384 3203 3466 qiuarti
3238 3391 3570 3451 Decretum
3606 3386 3683 3452 de
3712 3407 3819 3469 pe·

2248 3481 2516 3564 regenda
2556 3482 3038 3558 canonizatione
3070 3483 3327 3564 publice
3369 3485 3818 3565 pronunciavit.

2248 3579 2424 3655 Quod
2452 3591 2524 3644 ut
2557 3581 2915 3645 executioni
2948 3580 3277 3645 mandetur
3297 3624 3318 3653 ,
3347 3599 3701 3664 novumque
3732 3584 3818 3648 si-

2254 3679 2318 3741 bi
2350 3680 2544 3742 decus
2574 3678 2825 3741 accedat
2857 3699 2972 3760 per
3002 3678 3353 3743 solemnem
3387 3678 3574 3762 hujus
3616 3679 3819 3764 Virgi-

2254 3777 2351 3838 nis
2368 3775 2931 3848 canonizationem,
2966 3774 3352 3840 humillimas
3380 3776 3564 3840 offert
3593 3795 3816 3859 preces

2248 3872 2535 3936 universa
2569 3872 3072 3940 Praedicatorum
3107 3870 3382 3936 Familia.
3422 3899 3445 3925 ·

2370 3974 2531 4030 vm.
2574 3968 2722 4032 Idus
2763 3968 2929 4033 Junii
2976 3989 3012 4034 e
3058 3966 3408 4050 candulphi
3457 3971 3674 4034 Castro
3735 3972 3814 4035 ad

2247 4065 2468 4128 Ar‘cem
2502 4064 2756 4128 Romani
2791 4057 3042 4144 imperii
3077 4064 3276 4127 redux
3321 4063 3609 4146 Princeps
3652 4073 3816 4150 Apo·

2250 4160 2453 4225 stolici
2483 4168 2777 4233 Senatus,
2811 4179 2924 4242 per
2954 4171 3321 4241 sequentem
3346 4159 3707 4227 schedulam
3728 4164 3813 4229 oh

2248 4258 2550 4341 majorem
2581 4257 3097 4321 commoditatem
3131 4257 3297 4341 typis
3325 4257 3720 4339 impressam,
3748 4268 3818 4325 ut

2254 4361 2317 4417 et
2344 4356 2407 4416 iu
2437 4354 2693 4436 reliquis
2724 4354 2951 4418 factum
2986 4364 3084 4418 est
3110 4354 3374 4419 inferius
3406 4357 3818 4438 apponendis,

2253 4474 2286 4517 a
2330 4453 2702 4517 Cursoribus
2745 4452 3015 4516 delatam
3061 4451 3443 4517 commoneri
3502 4456 3823 4538 praecepit

2253 4551 2612 4615 cardinales
2663 4559 2729 4614 et
2778 4549 3105 4616 praesules
3130 4594 3151 4623 ‚
3213 4557 3524 4631 quotquot
3582 4558 3818 4620 Romae

2256 4660 2400 4714 tunc
2438 4649 2742 4720 aderant,
2776 4648 2852 4712 de
2898 4650 3101 4729 primo
3146 4645 3565 4731 seinipublico
3607 4652 3821 4722 cousi·

2254 4747 2450 4812 storio
2477 4750 2620 4830 post
2647 4745 2910 4811 biduum
2944 4745 3254 4810 habendo.

2757 4917 3316 4974 ΙκτιιΑτιο

2378 5082 2500 5140 Per
2525 5080 2823 5140 cursores
2853 5074 3136 5139 facienda
3166 5075 3354 5140 etiam
3388 5074 3567 5140 Domi
3601 5074 3695 5140 di-

2824 5172 3011 5236 missa
3045 5173 3249 5256 copia.

2379 5351 2554 5417 Feria
2586 5356 2646 5415 4.
2676 5358 2774 5415 die
2803 5357 2862 5415 Β.
2890 5357 3090 5417 Junie'.
3121 5355 3201 5413 Iu
3234 5351 3428 5424 Aula,
3472 5373 3629 5433 quae
3672 5359 3812 5420 loco

2254 5453 2503 5514 necatis
2524 5462 2612 5513 ut
2628 5455 2695 5511 iu
2720 5454 3009 5523 Ouanota·
3030 5456 3302 5525 Palatio,
3320 5454 3638 5516 habebitur
3656 5457 3813 5516 Gou-
