4442 6300
865 622 1020 682 Acta
1054 624 1201 682 sunt
1227 615 1380 680 haec
1411 616 1478 678 in
1507 611 1814 691 Quirinali
1846 613 2087 680 Palatio
2110 657 2131 687 ,
2162 612 2269 678 die
2288 657 2311 687 ,

739 732 959 778 mense
986 758 1008 787 ,
1042 723 1108 778 et
1137 732 1302 779 anno
1326 756 1348 787 ,
1379 711 1608 797 quibus
1640 732 1845 794 supra.

859 817 926 875 ln
960 831 1227 894 quorum
1259 810 1541 875 omnium
1567 810 1757 875 fidem
1788 814 1914 874 Nos
1945 816 2309 875 protonota-

736 905 815 970 rii
843 907 1195 989 Apostolici
1226 907 1307 972 de
1334 926 1595 971 numero
1633 905 2151 987 participantium
2207 926 2304 968 re·

733 1003 955 1086 quisiti
986 1012 1052 1069 et
1081 1005 1281 1090 rogati
1312 1023 1610 1086 praesens
1636 1003 1758 1069 hoc
1805 1010 2302 1068 lustramentum

728 1098 1122 1167 confecimus
1142 1145 1164 1176 ,
1203 1100 1691 1185 subscripsimus
1721 1109 1783 1163 et
1814 1098 2305 1183 publicavimus,
2337 1110 2342 1115 '

736 1195 1055 1280 solitoque
1084 1197 1350 1283 collegii
1381 1199 1591 1265 Nostri
1623 1196 1840 1281 sigillo
1896 1196 2127 1260 muniri
2158 1238 2179 1269 ,
2238 1202 2303 1258 et

729 1292 794 1356 in
827 1301 1046 1359 nostro
1088 1295 1374 1360 archivio
1431 1295 1510 1360 ad
1568 1293 1842 1360 futuram
1900 1299 2301 1357 Posterorum

731 1391 1107 1456 memoriam
1166 1392 1519 1457 Secretario
1572 1399 1791 1455 nostro
1847 1389 2304 1474 perdiligenter

731 1488 1030 1553 custodiri
1072 1497 1137 1555 et
1194 1488 1510 1555 subscribi
1566 1488 2021 1553 mandavimus.
2075 1491 2300 1551 Actum

729 1584 842 1649 uhi
871 1606 1058 1668 supra
1080 1630 1102 1661 ,
1130 1586 1580 1670 praesentibus
1608 1586 1838 1669 quibus
1869 1603 2056 1666 supra
2098 1582 2302 1648 Testi-

731 1681 855 1748 bus
880 1684 960 1748 ad
991 1685 1340 1768 praemissa
1368 1683 1642 1757 vocatis,
1671 1680 1906 1748 habitis
1948 1691 2140 1764 etque
2198 1699 2299 1745 ro·

730 1780 917 1863 gatis.
1504 1796 1509 1801 ·

941 1976 1043 2038 tto
1074 1983 1165 2037 ut
1198 1976 1564 2038 &umacus
1600 1975 1807 2038 Herio
1841 1974 2297 2036 Protomrarius

1012 2074 1309 2136 Riccardi
1332 2077 1631 2138 Decuma.

853 2271 1017 2332 Loco
1035 2265 1089 2352 ἦ·
1103 2264 1301 2351 Signi.

1918 470 2126 524 ACTA
2166 470 2824 527 ‹mNoNtzartoNts

2424 625 2881 698 sempererat,
2909 614 3419 699 advigilabatque
3444 657 3468 689 ,
3526 621 3820 701 tanquam
3883 614 3986 688 ei,

2424 711 2530 793 qui
2561 710 2854 796 dignatur
2877 709 3169 775 Infirmus
3196 710 3260 772 in
3290 708 3564 774 infirmis
3612 730 3798 774 esset
3855 715 3988 774 flos

2421 818 2754 890 propterea
2785 807 3125 880 nominos,
3154 815 3218 873 et
3261 807 3541 872 Christos
3595 828 3742 875 suos
3795 826 3980 871 voca-

2421 905 2573 976 bat,
2603 904 2733 969 imo
2761 905 2841 970 ab
2875 905 2975 972 bis
3006 905 3160 987 ipsis
3180 948 3202 980 ,
3233 903 3409 968 velut
3435 905 3517 969 ab
3550 906 3789 969 offenso
3819 924 3854 969 a
3913 919 3982 968 se

2418 1000 2687 1065 Numine
2707 1044 2729 1074 ,
2759 1008 3156 1085 peccatorum
3185 1021 3440 1067 suorum
3473 1002 3717 1066 veniam
3763 1010 3975 1083 postu·

2416 1095 2610 1163 labat.
2642 1103 2732 1163 Ne
2757 1120 2907 1165 vero
2938 1108 3148 1164 tantae
3174 1098 3396 1162 virtuti
3436 1098 3533 1163 sui
3584 1098 3831 1163 similes
3886 1098 3978 1162 vi·

2415 1192 2641 1258 ctimae
2671 1194 3001 1281 defuturae
3030 1196 3369 1280 aliquando
3397 1206 3611 1261 essent
3635 1240 3656 1269 ,
3706 1195 3979 1280 Religio-

2418 1290 2734 1356 sissimam
2769 1292 3110 1358 Familiam
3146 1293 3460 1367 instituit,
3519 1293 3981 1376 obstrinxitque

2415 1407 2577 1453 novo
2606 1389 2923 1456 charitatis
2949 1399 3115 1455 voto.
3143 1396 3322 1456 Hunc
3377 1389 3670 1473 profecto
3727 1389 3973 1456 miseri-

2412 1485 2664 1556 cordiae
2694 1487 2903 1552 Virum
2930 1532 2951 1561 ,
2981 1489 3091 1571 qui
3117 1487 3396 1554 fideliter
3447 1488 3777 1553 Altissimo
3832 1486 3973 1551 red-

2415 1582 2576 1647 didit
2600 1585 2805 1648 omnia
2833 1596 2977 1652 vota
3029 1607 3187 1659 sua,
3243 1586 3542 1667 viresque
3599 1604 3860 1655 omnes,
3906 1590 3975 1648 et

2410 1679 2599 1745 vitam
2630 1682 2883 1764 perenni
2912 1682 3304 1748 heroicarum
3330 1682 3632 1746 virtutum
3663 1681 3970 1747 exercita·

2408 1776 2578 1844 tione
2611 1779 2920 1853 exhausit,
2950 1790 3262 1846 assertum
3291 1780 3480 1845 Caelo
3510 1802 3679 1849 esse,
3710 1778 3967 1844 Caelum

2409 1875 2596 1940 etiam
2614 1876 2821 1958 ipsum
2836 1878 3225 1948 admirandis
3253 1878 3444 1943 editis
3472 1897 3660 1962 snpra
3684 1886 3967 1942 naturam

2407 1969 2600 2054 signis
2631 1973 3089 2039 demonstravit.
3123 1974 3376 2041 Gloriae
3427 1975 3622 2060 igitur
3676 1973 3972 2055 omnipo·
3995 2011 4011 2021 -

2413 2069 2744 2136 tentis-Dei
2772 2114 2794 2144 ,
2824 2080 2890 2135 et
2916 2072 3187 2137 universi
3215 2071 3787 2137 fideliumcoetus
3847 2071 3974 2135 uti-

2406 2162 2570 2229 litati
2600 2186 2830 2232 censeo
2873 2167 3152 2250 apprime
3210 2169 3599 2244 conducere,
3661 2168 3974 2233 caelestes

2407 2260 2671 2326 Camillo
2725 2262 2788 2325 in
2831 2263 3013 2328 terris
3070 2264 3339 2330 honores
3396 2286 3432 2329 a
3491 2268 3976 2330 SANCTITA'TB

2288 2370 2304 2385 ⁸
2406 2360 2895 2444 VESTRA,jam
2923 2378 3039 2442 per
3089 2360 3620 2428 Beatiflcationem
3681 2360 3961 2426 indultos

936 2462 1304 2524 Francicus
1338 2463 1689 2523 Demeas
1708 2462 2004 2523 clementi
2028 2462 2293 2538 ejusdem

1020 2562 1280 2639 Collegit
1304 2559 1531 2620 Secret-

723 2758 1082 2836 sequuntur
1111 2750 1416 2837 suffragia
1444 2769 1659 2817 eorum
1682 2791 1703 2820 2
1760 2747 1868 2832 qui
1899 2747 2116 2832 aliquo
2174 2746 2291 2823 im-

797 2850 1167 2934 pedimento
1195 2848 1462 2925 detenti,
1493 2867 1673 2915 sacro
1700 2846 1848 2913 huic
1876 2865 2000 2912 non
2027 2844 2292 2913 adfuere

804 2947 1167 3014 consessui.
1560 2964 1569 2973 ‘

730 3142 1070 3207 ramus
1099 3132 1449 3219 Episcopus
1486 3140 1784 3205 Ostiensis
1821 3146 1879 3201 ct
1912 3094 2285 3210 Velitcmcn·

804 3243 889 3304 sii
919 3244 1095 3305 sacri
1124 3244 1385 3320 Gollcyt’i
1411 3245 1694 3304 Decuma
1714 3279 1736 3312 ,
1803 3241 2290 3303 Vico-Gemella·

807 3347 937 3404 rm
967 3342 1315 3405 cardinatis
1351 3342 1569 3419 Rufus.

842 3531 963 3597 Ubi
996 3530 1267 3614 primum
1301 3530 1520 3594 beatus
1550 3528 1849 3596 Camillus
1909 3527 1991 3593 de
2018 3601 2025 3608 g
2051 3528 2285 3602 Leilis,

689 3623 705 3638 “
722 3630 983 3695 dextera
1008 3628 1263 3694 Domini
1288 3625 1560 3692 faciente
1588 3626 1881 3690 virtutem
1902 3671 1923 3701 ,
1951 3645 1989 3690 e
2019 3626 2287 3690 flumini·

723 3729 846 3792 bus
873 3725 1216 3811 Babylonis
1245 3723 1506 3789 emersit
1527 3766 1549 3796 ,
1576 3723 1779 3787 novus
1833 3722 2026 3788 bomo
2080 3726 2286 3792 omnis

714 3825 1003 3909 justitiae
1031 3822 1207 3884 Ponti
1258 3826 1622 3885 constanter
1669 3820 1952 3885 adhaesit
1973 3864 1995 3889 ,
2052 3823 2308 3904 prioris*

720 3920 860 3985 aevi
882 3919 1096 3999 lapsus
1125 3915 1433 3981 diuturnis
1460 3914 1902 3982 cmciamcntis
1959 3915 2289 4004 lacrymis·

723 4036 848 4100 que
872 4009 1208 4080 vindicavit
1228 4059 1247 4088 ,
1276 4020 1346 4079 et
1372 4013 1649 4079 omnium
1678 4014 1744 4077 iu
1802 4034 1882 4081 eo
1939 4013 2286 4084 illuxerunt

642 4131 649 4142 ¹
722 4115 1097 4179 documenta
1106 4113 1428 4177 virtutum.
1445 4113 1540 4174 Ah
1551 4111 1749 4196 ipsius
1762 4112 1988 4178 eximia
2005 4114 2070 4178 in
2084 4121 2213 4180 Deu
2223 4140 2284 4181 m

720 4210 1022 4277 charitate
1049 4210 1318 4296 gliscens
1357 4209 1559 4276 altera
1614 4201 2059 4277 inanimatum
2117 4214 2288 4298 salu·

722 4317 852 4373 tem
881 4310 1133 4382 flamma
1158 4352 1179 4382 ‚
1209 4306 1275 4370 in
1300 4307 1724 4374 xenodochiis
1771 4311 2090 4376 robustior
2143 4333 2289 4379 eva·

724 4408 827 4472 sit.
851 4414 1018 4471 Intra
1048 4406 1272 4470 horum
1305 4413 1511 4471 tamen
1543 4414 1720 4488 septa
1755 4408 2063 4476 contineri
2094 4411 2278 4493 spiri-

688 4513 828 4586 ‚tus
853 4504 1043 4569 ardor
1072 4523 1195 4567 non
1224 4503 1478 4577 valens,
1507 4502 1793 4568 dilatavit
1823 4505 2064 4570 Camilli
2112 4528 2284 4591 gres·

724 4622 874 4679 sus3
905 4601 1011 4685 qui
1039 4600 1305 4685 proinde
1325 4600 1389 4662 in
1417 4601 1812 4683 procurando
1842 4597 2152 4684 spirituali
2176 4626 2285 4688 po-

721 4700 1055 4786 tissimum·
1073 4696 1505 4763 Proximorum
1537 4699 1706 4763 bono
1726 4699 1862 4783 jam
1893 4701 2069 4765 tarda
2098 4702 2286 4767 moli-

719 4798 884 4862 mina
914 4797 1242 4870 nesciens‚
1278 4794 1519 4860 duabus
1549 4796 1726 4877 quasi
1758 4798 2101 4881 assumptis
2128 4801 2283 4877 alis,

720 4892 969 4958 excelsa
999 4891 1290 4955 nimirum
1323 4891 1450 4956 fide
1482 4899 1548 4958 et
1576 4891 1704 4957 alta
1760 4893 2118 4964 humilitate
2139 4940 2160 4969 ,
2216 4897 2281 4960 in

719 4991 987 5055 aliorum
1046 4990 1234 5052 etiam
1290 4987 1647 5072 ubicunque
1718 4989 2240 5057 decumbentium
2261 5040 2282 5069 ‚

718 5106 1065 5172 pauperum
1093 5086 1156 5151 in
1172 5087 1395 5168 primis
1419 5085 1765 5152 ministeria
1786 5088 2079 5153 involavit
2101 5118 2117 5153 ε
2142 5091 2287 5157 Nul-

719 5185 880 5259 libi,
913 5194 1018 5249 aut
1047 5184 1180 5249 ullo
1210 5184 1553 5248 deterritus
1580 5182 1798 5247 labore
1829 5230 1849 5255 ,
1879 5194 1987 5250 aut
2045 5185 2285 5252 foedio·

714 5304 785 5349 re
806 5283 1192 5368 spectaculo,
1215 5267 1320 5346 au't
1350 5283 1749 5365 quantumvis
1779 5283 2101 5364 pestilenti
2126 5305 2291 5348 mor·

720 5385 807 5449 bo
833 5428 854 5461 ,
883 5382 1154 5452 cessavit
1179 5380 1578 5474 aliquandiu,
1609 5381 1719 5444 sed
1750 5387 2004 5464 praesto
2042 5380 2289 5446 miseris

2404 2457 2484 2519 ab
2516 2458 2734 2522 eadem
2761 2478 2876 2541 per
2903 2456 3250 2525 solemnem
3279 2452 3480 2545 ipsius
3538 2460 3969 2528 canonizatio·

2406 2572 2549 2615 nem
2580 2554 2896 2621 definitive
2927 2557 3204 2623 decerni.

2429 2749 2786 2812 ANNIBAL
2820 2755 3156 2828 Episcopus
3193 2754 3547 2817 Parmensis
3585 2758 3937 2820 cardinatis

2605 2848 2873 2912 Moenus
2906 2852 2967 2913 S.
2997 2853 3315 2914 Clementis
3343 2863 3747 2930 nuncupatus.
3783 2910 3787 2914 Α
3869 2860 3872 2863 ’

2527 3047 2594 3105 ln
2626 3043 2815 3108 beato
2833 3042 3094 3107 Camillo
3108 3040 3183 3107 de
3207 3042 3401 3108 Lellis
3418 3044 3760 3110 ‘theatinae
3784 3046 3967 3112 nioe-

2400 3137 2566 3204 cesis
2596 3146 2659 3205 et
2686 3139 3075 3223 Neapolitani
3103 3139 3303 3226 Regni
3337 3151 3709 3208 ornamento
3728 3191 3748 3217 .,
3778 3150 3960 3209 BEA—

2402 3241 2703 3301 'rissmss
2733 3242 2981 3302 PATER
3005 3282 3027 3312 ‚
3054 3236 3206 3303 illae
3237 3258 3458 3304 omnes
3514 3240 3699 3307 dotes
3757 3242 3963 3308 animi

2401 3342 2591 3417 atque
2618 3327 2939 3417 praeclara
2971 3345 3334 3402 ornamenta
3365 3335 3741 3410 eluxerunt,
3799 3361 3965 3422 quae

2402 3437 2569 3494 Deus
2598 3432 2891 3514 Optimus
2917 3431 3225 3497 unximus
3251 3432 3588 3517 peculiaris
3618 3455 3770 3502 suae
3825 3455 3964 3517 pro·

2398 3527 2712 3594 videntiae
2741 3547 2813 3593 ac
2842 3549 3154 3614 supernae
3185 3527 3494 3615 largitatis
3523 3531 3834 3598 beneflcio
3879 3533 3962 3598 iis

2400 3624 2710 3708 impertiri
2739 3624 2951 3701 solet,
2980 3647 3143 3710 quos
3172 3628 3248 3692 ad
3282 3647 3508 3714 magna
3558 3636 3797 3694 evocat.
3852 3632 3972 3718 His

2365 3753 2368 3758 ·
2399 3722 2700 3788 Camillus
2729 3719 3073 3805 proludens
3097 3767 3119 3799 ,
3146 3725 3391 3790 naviter
3416 3735 3737 3793 aversatus
3765 3725 3911 3792 vitia
3933 3770 3957 3801 ,

2400 3819 2629 3902 quibus
2656 3820 3031 3887 adolescens
3067 3820 3357 3888 foedatus
3416 3821 3658 3898 fuerat,
3718 3823 3964 3890 viribus

2404 3918 2549 3982 totis
2577 3916 2640 3979 in
2670 3918 3072 3983 christianam
3133 3919 3589 4003 perfectionem
3649 3920 3996 3985 incubuit.-

2401 4018 2533 4079 Jam
2563 4021 2693 4078 tum
2723 4034 2758 4079 a
2790 4016 3214 4081 conversionis
3244 4016 3511 4081 exordio
3537 4016 3961 4081 rudimentum

2401 4120 2865 4177 consummatae
2895 4113 3133 4202 virtutis
3163 4111 3491 4195 praebuit,
3521 4131 3682 4194 quae
3712 4114 3873 4177 adeo
3893 4113 3960 4176 in

2381 4208 2537 4274 dies
2562 4217 2662 4273 e‘st
2688 4217 2895 4284 aucta,
2925 4221 2990 4274 ut
3010 4218 3267 4276 Sanctus
3299 4211 3435 4295 ipse
3463 4210 3734 4276 aliorum
3770 4210 3963 4275 etiam

2400 4307 2665 4371 salutem
2697 4328 2838 4372 cum
2871 4326 3096 4391 magno
3125 4308 3468 4372 multorum
3502 4309 3678 4373 'bono
3735 4307 3964 4378 avidis-

2401 4405 2556 4469 sime
2585 4424 2657 4469 ac
2688 4399 3150 4469 studiosissime
3173 4407 3616 4488 procuraverit.
3642 4406 3736 4472 Ab
3755 4411 3837 4469 ‘se
3870 4405 3965 4467 in·

2398 4504 2613 4568 stituta
2635 4502 2968 4568 utilissima
3001 4502 3316 4569 Ecclesiae
3348 4504 3466 4567 toti
3498 4502 3963 4587 Religiosorum

2399 4600 2780 4665 clericorum
2798 4599 3072 4672 Familia,
3095 4621 3256 4682 quae
3266 4599 3735 4685 aegrotantibus
3750 4609 3815 4664 et
3833 4622 3965 4666 mo·

2397 4698 2699 4764 rientihus
2714 4696 3016 4779 spiritalia
3043 4695 3276 4762 auxilia
3291 4703 3602 4779 opemque
3614 4693 3963 4779 opportune

2399 4804 2715 4880 praestat,
2771 4793 3308 4878 flagrantissimam
3342 4794 3545 4878 ipsius
3591 4794 3957 4860 charitatem

2396 4894 2599 4977 magis
2627 4891 2952 4975 magisque
2983 4893 3404 4957 commendat.
3435 4900 3555 4957 Tot
3581 4892 3703 4957 alia
3736 4891 3967 4959 eximia

2403 4991 2598 5076 opera
2633 4999 2698 5055 et
2725 4992 2970 5075 egregia
3000 4991 3169 5057 facta
3192 4995 3221 5064 ,·'
3244 4991 3476 5073 quihus
3503 4979 3651 5054 dum
3681 4991 3919 5054 viveret
3941 5033 3964 5064 ‚

2398 5087 2697 5154 Camillus
2724 5087 2836 5150 Dei
2864 5086 3124 5169 gloriam
3163 5087 3495 5170 provexit,
3549 5085 3738 5173 longe
3794 5085 3954 5151 late-

2401 5208 2525 5270 que
2555 5181 2970 5249 illustriorem
3033 5184 3237 5265 ipsum
3295 5182 3601 5250 efficiunt.
3627 5182 3632 5186 ’
3659 5183 3960 5258 Quoniam

2399 5302 2551 5348 vero
2577 5280 2867 5363 pluribus
2896 5280 3084 5345 etiam
3116 5280 3354 5362 apertis
3409 5289 3478 5344 et
3534 5279 3957 5362 comprobatis

2404 5377 3002 5465 apostolicaesedis
3025 5377 3267 5462 judicio
3300 5377 3615 5442 miraculis
3644 5377 3963 5442 heroicam
4019 5397 4026 5405 ·
