4442 6300
1581 528 1929 598 Qumous
1970 523 2441 581 sanctonum
2482 528 2649 580 arc.
3335 576 3340 579 .
3427 526 3500 580 aa

436 669 661 760 qnippe
689 668 921 739 aunum
954 671 1227 739 nondum
1256 670 1631 755 impleverat
1654 722 1674 751 ‚
1705 696 1848 740 cum
1880 676 2020 739 rhi-

434 771 756 854 losopbiae
780 773 985 837 stadio
1006 774 1257 856 penitus
1272 790 1553 845 emenso,
1572 776 1737 839 inter
1761 776 1899 860 ejus
1928 774 2016 842 fa·

441 869 698 934 enitatis
752 875 1053 934 Doctores
1079 871 1315 936 relatus
1362 874 1773 956 estjuveaia,
1822 895 2011 957 quem

437 987 553 1033 suo
593 968 773 1050 quasi
814 969 1067 1032 nomine
1110 970 1521 1052 condiscipuli
1551 991 1621 1033 ae
1651 983 2015 1055 praecepto·

438 1084 542 1129 res
587 1074 877 1130 vocarent
909 1073 1244 1143 sapientam
1297 1075 1744 1144 Christianum,
1788 1092 2012 1138 omnes

437 1161 897 1226 demirarentur
917 1169 982 1226 et
1000 1174 1304 1228 amarent.
1338 1171 1554 1248 Neque
1581 1167 1724 1231 ideo
1752 1167 1885 1251 ipse
1910 1189 2011 1234 ae·

437 1278 560 1339 que
594 1259 887 1324 omnibus
920 1281 1061 1325 sese
1101 1264 1388 1327 tradebat
1416 1263 1479 1326 in
1510 1262 1819 1330 amicitias
1844 1310 1864 1339 ‚
1895 1268 2005 1331 sed

438 1376 578 1420 eum
612 1359 798 1422 bonis
841 1360 1165 1426 dumtaxat
1210 1362 1407 1425 inibat
1447 1366 1959 1429 consuetudinem
1985 1411 2005 1440 ,

437 1455 645 1537 iisque
674 1455 946 1521 libenter
969 1480 1038 1522 se
1069 1461 1489 1534 consociabat,
1521 1481 1661 1524 cum
1692 1464 1889 1543 probe
1918 1473 2008 1528 te-

436 1561 618 1616 neret
656 1574 728 1618 ec
767 1554 965 1620 vellet
1002 1556 1080 1619 ad
1114 1558 1208 1621 sui
1253 1558 1591 1623 utilitatem
1632 1571 2005 1625 convertere

438 1649 597 1716 illud
642 1652 891 1717 divinae
929 1654 1104 1723 vocis
1134 1656 1496 1728 oraculum,
1541 1678 1667 1739 quo
1697 1659 2005 1723 edoceba-

434 1755 572 1820 tur,
603 1749 869 1813 virtutes
895 1771 933 1815 a
960 1752 1173 1835 probis
1198 1754 1371 1826 viris,
1404 1754 1556 1819 vitia
1584 1755 1666 1818 ab
1696 1754 2004 1837 improbis

433 1845 728 1911 contrabi.
771 1874 795 1902 ι

567 1971 593 1997 ·
632 1950 902 2026 Jamque
921 1945 999 2011 ad
1026 1967 1276 2011 sacrum
1305 1954 1417 2015 lus
1445 1970 1517 2015 ac
1537 1949 1720 2015 civile
1744 1970 1853 2016 sua
1877 1962 2004 2016 stu-

442 2038 545 2110 dia
587 2051 1017 2116 converterat,
1062 2054 1129 2108 et
1169 2043 1359 2109 celeri
1406 2048 1823 2130 expeditaque
1865 2071 2006 2115 cur-

432 2155 509 2199 su
538 2137 1139 2204 Iurisconsultorum
1174 2162 1346 2207 sacra
1389 2142 1811 2224 pervadebat3
1844 2168 1998 2211 >cum

432 2233 621 2296 trium
654 2254 731 2297 ex
766 2236 1181 2302 nobilioribus
1212 2241 1464 2306 Sreviae
1496 2240 1743 2307 familiis
1772 2246 2005 2310 amico-

430 2350 571 2393 rum
598 2333 893 2413 precibus
914 2354 1127 2400 comes
1154 2347 1483 2419 cooptatur
1511 2341 1733 2424 agendi
1754 2362 1868 2424 per
1885 2349 2004 2407 Eu-

432 2447 650 2511 ropam
693 2430 1045 2496 universam
1081 2434 1323 2501 itineris
1343 2480 1364 2509 ,
1395 2438 1560 2520 quod
1604 2441 1766 2504 hene
1796 2462 1832 2505 e
1864 2462 2003 2506 sen·

426 2528 628 2592 'tentia
674 2529 1013 2593 credebant
1043 2552 1398 2606 cessurum,
1442 2536 1495 2600 si
1537 2532 2002 2606 laudatissimus

432 2641 513 2684 ex
552 2624 722 2688 omni
753 2627 988 2690 virtute
1018 2633 1259 2694 Marcus
1301 2630 1566 2697 adforet.
1610 2639 1736 2698 Nec
1781 2636 2003 2701 deesse

433 2717 546 2783 ille
588 2720 825 2796 voluit,
858 2724 1100 2795 ⁸certior
1138 2726 1553 2795 nibilominus
1591 2731 1791 2796 factus
1831 2736 2001 2815 quod

431 2813 627 2881 fuerit
671 2821 834 2902 apud
881 2842 1098 2886 eorum
1143 2834 1440 2906 parentes
1479 2829 1603 2891 iter
1642 2831 2000 2913 probatum.

434 2919 630 2979 Instat
671 2915 883 3016 itaque
911 2920 1036 3003 jam
1069 2920 1208 2986 dies
1249 2924 1648 2990 discessionis
1673 2969 1693 2999 ,
1736 2927 2000 3012 ejusque

431 3010 631 3077 officia
658 3014 1130 3094 persolvunturg
1163 3038 1302 3083 cum
1328 3027 1577 3088 Marcus
1606 3025 1778 3106 prius
1810 3047 1997 3108 quam

431 3108 571 3176 viee
600 3112 895 3184 sedaret.
918 3116 1154 3182 amicos
1182 3128 1590 3204 congregatos
1620 3121 1709 3186 sic
1738 3123 2001 3207 alloqui-

432 3213 556 3270 turt
577 3214 713 3292 Ego
739 3232 892 3276 vero
911 3213 1090 3277 vobis
1114 3214 1181 3277 ‘in
1211 3215 1308 3280 via
1330 3237 1545 3283 comes
1570 3219 2000 3287 adet-olibano

432 3315 499 3368 et
526 3304 800 3371 famulus
830 3310 882 3372 si
916 3312 1259 3386 merentis,
1291 3316 1402 3377 sed
1433 3315 1546 3379 bae
1576 3326 1720 3381 sunt
1749 3327 1999 3385 nostrae

432 3405 953 3488 peregrinationis
1000 3407 1177 3493 leges
1227 3431 1534 3495 nusquam
1582 3434 1704 3478 non
1755 3437 2004 3482 servan-

436 3500 591 3564 daez
624 3508 755 3568 Deo
778 3502 1064 3585 ›primum
1096 3515 1163 3571 ut
1194 3508 1443 3590 placere
1475 3513 1842 3578 studeamus
1863 3558 1883 3586 ‚
1927 3535 1999 3579 ac

431 3597 661 3663 deinde
687 3601 950 3667 invicem
985 3605 1166 3668 nobis
1183 3606 1344 3671 alter
1370 3609 1589 3672 atterit
1620 3609 1998 3694 nullumque

432 3694 713 3777 profecto
754 3719 836 3763 ex
874 3699 1095 3766 itinere
1135 3703 1634 3778 incommodum,
1677 3707 1788 3771 sed
1828 3708 1999 3774 volu-

434 3801 669 3874 ptatem
709 3796 1033 3876 capiemus
1072 3800 1254 3881 plane
1298 3802 1673 3887 singularem
1719 3814 1783 3870 et
1826 3807 1999 3873 inno·

426 3889 630 3964 xiam,
662 3893 833 3956 varia
864 3900 930 3957 et
968 3893 1339 3978 multiplicia
1372 3899 1480 3962 Dei
1508 3900 1824 3966 mirabilia
1854 3924 1999 3968 con-

432 3988 812 4070 templantes
832 4034 853 4064 ,
885 4013 1043 4073 quae
1074 3995 1149 4056 ad
1183 3994 1847 4077 ejusdem-referamus
1892 4003 2000 4064 be·

426 4085 847 4151 bedictionem
901 4098 1303 4172 nostramque
1351 4095 1636 4173 corporis
1685 4103 1750 4158 et
1802 4098 1993 4161 animi

428 4180 790 4245 utilitatem.
817 4183 1037 4249 Velitis
1065 4186 1594 4270 itaqueffubeatis,
1623 4192 1827 4267 amici,
1843 4191 1995 4259 baec

429 4288 639 4345 sancte
684 4302 754 4345 ac
795 4295 1105 4366 perpetuo
1131 4287 1486 4351 ciistodiri?
1513 4296 1699 4353 Suam
1720 4333 1740 4361 ‚
1771 4294 1862 4355 uti
1896 4314 1992 4357 ro·

428 4379 655 4461 gabat,
686 4378 779 4441 illi
808 4381 1198 4463 despondent
1231 4383 1418 4450 tidem
1443 4430 1463 4457 ,
1495 4396 1562 4452 et
1591 4385 1880 4453 alacriter
1905 4391 1995 4453 in-

426 4474 503 4539 de
534 4477 597 4538 in
627 4477 790 4542 viam
822 4498 889 4542 se
917 4483 1349 4554 committuntz
1378 4484 1501 4547 iter
1521 4487 1992 4569 aggrediuntur3

423 4582 794 4652 percurrunt
824 4574 957 4640 loca
984 4602 1004 4650 ς
1034 4578 1236 4641 visunt
1268 4580 1607 4654 civitaten
1638 4582 1992 4648 discurrunt

428 4667 812 4748 provinciam
869 4674 1216 4753 pervadunt
1258 4695 1485 4760 regna3
1528 4688 1993 4759 perscrutantur

424 4761 704 4828 locorum
732 4769 948 4843 situs,
993 4772 1363 4854 populorum
1410 4774 1692 4854 ingenia,
1736 4795 1989 4852 mores,

425 4861 819 4938 industriam,
842 4887 1051 4932 rerum
1082 4870 1359 4934 omnium
1383 4872 1765 4936 admirantur
1794 4875 1988 4940 varie·

426 4966 645 5025 tatem.
686 4963 847 5036 Quid
888 4964 1221 5045 pluribus?
1247 4975 1313 5030 tn
1347 4976 1591 5058 sextum
1624 4989 1851 5034 annum
1880 4992 1991 5054 pe·

426 5059 759 5142 regrinatio
798 5063 1101 5143 producta
1141 5074 1239 5128 est
1276 5073 1399 5129 tam
1427 5067 1743 5149 auspicato
1786 5068 1992 5135 incoe-

425 5165 531 5238 pta
552 5198 575 5230 ,
606 5168 673 5224 et
699 5159 1010 5240 plurimus
1044 5161 1220 5227 illius
1246 5164 1527 5229 constitit
1554 5164 1815 5230 fruetus.
1847 5174 1989 5231 Ete-

428 5255 553 5317 nim
591 5264 725 5322 tres
760 5258 805 5319 ii
842 5258 1093 5324 nobiles
1132 5261 1567 5327 adolescentes
1607 5264 1669 5325 in
1701 5270 1989 5346 cooptato

425 5351 655 5417 comite
695 5353 989 5433 pietatem
1024 5376 1367 5438 suspexere
1393 5360 1557 5423 adeo
1597 5357 1941 5423 ferventem
1967 5402 1989 5433 ,

426 5456 492 5508 ut
519 5458 585 5512 et
625 5448 745 5534 ipsi
774 5448 852 5517 ati
880 5450 1243 5517 imitandam
1287 5453 1421 5540 jugi
1450 5454 1747 5538 exemplo
1786 5456 1988 5520 incen-

2128 669 2426 734 derentur
2451 671 2635 737 unius
2662 671 2878 745 Marci,
2907 670 3020 754 qui
3051 669 3250 754 prima
3280 670 3564 752 quotidie
3595 670 3690 735 lu·

2124 786 2198 830 ee
2229 765 2462 848 primus
2490 769 2894 852 assurgebat,
2926 777 3115 850 atque
3147 767 3210 828 in
3243 787 3442 849 genua
3472 786 3691 849 provo·

2124 861 2292 928 lutus
2319 873 2618 931 aeternas*
2638 866 3060 929 meditabatur
3089 866 3426 929 veritatesz
3470 864 3691 929 funde-

2125 961 2357 1042 batque
2385 968 2521 1026 Deo
2560 963 2774 1028 enixas
2799 983 3023 1045 preces
3045 1006 3065 1035 ,
3098 962 3328 1044 quibus
3359 982 3555 1044 seque
3584 983 3688 1028 co-

2123 1059 2439 1140 mitesque
2473 1062 2989 1131 commendabat,
3035 1080 3113 1124 ne
3154 1059 3303 1141 quid
3330 1080 3404 1123 ea
3432 1059 3539 1123 die
3581 1060 3691 1124 de·

2122 1156 2398 1220 trimenti
2427 1178 2529 1221 res
2561 1178 2782 1223 eorum
2807 1166 3126 1241 caperent,
3157 1159 3269 1221 sed
3298 1178 3522 1222 omnes
3551 1165 3687 1221 tum

2119 1254 2531 1336 cogitationes
2561 1264 2693 1319 tum
2725 1278 2912 1322 voces
2940 1256 3382 1336 actioneque,
3413 1255 3687 1335 aspiran-

2120 1358 2181 1412 te
2212 1351 2480 1416 Numine
2500 1396 2520 1425 ,
2562 1353 2755 1417 satius
2782 1353 3201 1436 germinarent
3231 1351 3474 1417 fructus
3504 1351 3690 1417 bone⁴

2119 1448 2336 1521 statis,
2375 1459 2565 1531 atque
2601 1451 2678 1512 ad
2711 1450 2886 1515 illius
2916 1451 3178 1535 gloriam
3225 1450 3691 1532 dirigerentur,

2116 1567 2152 1610 a
2180 1566 2308 1628 quo
2335 1547 2494 1611 bona
2516 1556 2733 1612 cuncta
2759 1550 3102 1630 procedere
3122 1547 3538 1631 intelligebat.
3567 1548 3689 1611 Sed

2116 1663 2231 1708 nec
2273 1643 2400 1706 ulla
2449 1644 2765 1709 intercidit
2808 1646 2986 1716 dies,
3015 1647 3164 1728 quin
3196 1645 3555 1710 convolaret
3601 1646 3684 1710 ad

2117 1742 2421 1824 templum
2446 1786 2467 1815 ,
2501 1742 2609 1805 ubi
2641 1764 2888 1807 summa
2913 1764 3057 1808 cum
3092 1744 3399 1828 religione
3429 1741 3686 1808 sanctis·

2117 1839 2285 1903 simo
2314 1840 2585 1903 omnium
2607 1883 2628 1913 ‚
2660 1861 2823 1922 quae
2849 1851 3030 1905 antea
3059 1839 3343 1912 fuerunt,
3375 1839 3688 1906 Sacrificio

2114 1937 2200 2003 ita
2247 1937 2579 2009 adstabat,
2619 1945 2691 2002 ut
2730 1948 2871 2020 post
2914 1937 3341 2003 immolantem
3385 1938 3686 2003 Sacerdo-

2117 2045 2242 2098 tem
2269 2076 2290 2106 ,
2331 2035 2655 2116 conceptis
2696 2043 2760 2099 et
2800 2035 2932 2118 ipse
2975 2036 3139 2101 votis
3168 2034 3547 2117 piacularem
3578 2034 3687 2098 bo-

2116 2130 2293 2193 stiam
2325 2131 2601 2196 offerret.
2621 2137 3008 2215 Unoquoque
3038 2132 3292 2216 insuper
3320 2132 3423 2196 die
3454 2133 3514 2195 in
3548 2132 3686 2197 Dei-

2113 2247 2298 2308 parae
2331 2227 2550 2292 laudes
2576 2229 2945 2295 effundebat
2974 2251 3153 2305 sese,
3183 2251 3372 2312 quam
3397 2232 3684 2311 proxime

2113 2327 2194 2389 ab
2235 2333 2493 2391 aeterno
2524 2347 2730 2392 rerum
2759 2328 3035 2392 omnium
3067 2330 3401 2393 conditore
3429 2348 3683 2395 venera·

2119 2424 2301 2487 batur
2322 2469 2343 2498 ,
2381 2445 2520 2489 cum
2566 2425 2861 2491 recitaret
2896 2425 3150 2490 omnino
3179 2446 3435 2506 parvum
3459 2471 3480 2500 ‚
3510 2428 3682 2508 quod

2113 2517 2343 2583 dicitur
2381 2521 2787 2587 Beatissimae
2828 2523 3105 2605 Virginis
3135 2522 3410 2588 Officium
3434 2566 3455 2596 ,
3494 2530 3687 2589 totas·

2112 2637 2237 2698 que
2268 2616 2620 2699 quindecim
2644 2617 3078 2700 Angelicarum
3111 2619 3559 2684 salutationum
3582 2621 3690 2684 de·

2113 2714 2304 2779 cades
2342 2736 2396 2780 a·
2419 2715 2555 2781 viro
2597 2715 2989 2781 sanctissimo
3017 2717 3340 2782 Dominico
3372 2717 3686 2784 Gusmano

2115 2820 2290 2877 tanto
2317 2813 2567 2893 pietatis
2592 2814 2984 2889 incremento
3013 2835 3085 2877 ac
3113 2813 3396 2879 fidelium
3428 2817 3593 2881 bono
3620 2817 3684 2879 in

2113 2910 2462 2979 Ecclesiam
2494 2911 2769 2976 invectas
2791 2955 2810 2983 ,
2841 2912 3131 2994 sacrique
3167 2914 3401 2977 Rosarii
3430 2914 3682 2978 nomine

2110 3008 2405 3089 insignes.
2433 3009 2617 3075 Nulla
2637 3012 2954 3075 defluxere
2981 3011 3276 3081 Sabbata,
3302 3011 3536 3092 quibus
3563 3030 3684 3076 nou

2108 3107 2188 3171 ad
2230 3106 2768 3174 absolutissimam
2790 3108 2996 3186 carnis
3023 3128 3173 3175 suae
3203 3107 3686 3174 submissioum

2108 3213 2392 3271 uteretur
2435 3214 2501 3270 et.
2542 3206 2795 3289 spiritus
2824 3207 3203 3280 elationem,
3243 3206 3381 3272 solo
3409 3227 3566 3289 pane
3615 3215 3685 3271 et

2110 3324 2274 3386 aqua
2307 3305 2386 3368 iis
2415 3304 2642 3369 diebus
2672 3316 3026 3376 contentus,
3052 3305 3354 3388 quidquid
3384 3305 3682 3369 adv‘ersua

2113 3402 2266 3467 baec
2307 3403 2599 3468 suaderet
2638 3411 2957 3468 contracta
3003 3422 3192 3485 saepe
3229 3424 3310 3466 ex
3348 3402 3682 3465 itineribus

2107 3499 2419 3564 lassitudo
2443 3520 2515 3566 ac
2543 3500 3015 3566 reficiendarum
3043 3500 3270 3564 virium
3303 3501 3645 3565 necessitas
3663 3547 3678 3562 .

2110 3602 2394 3661 Annuum
2429 3607 2637 3662 autem
2668 3599 3073 3681 quadraginta
3106 3599 3345 3664 dierum
3361 3599 3678 3682 jejunium

2108 3695 2517 3776 purificandis
2550 3696 2778 3760 animis
2809 3709 3007 3779 atque
3052 3696 3422 3777 corporibus
3450 3718 3485 3760 a
3513 3696 3682 3760 Chri·

2110 3800 2208 3856 sto
2232 3793 2495 3856 Domino
2516 3794 2818 3857 sacratius
2845 3794 3545 3874 institutumtantopere
3565 3793 3678 3856 ob·

2113 3891 2403 3959 servavit,
2435 3899 2499 3953 ut
2535 3899 2785 3972 praeter
2812 3890 2974 3956 baud
3007 3892 3180 3955 vetiti
3212 3891 3338 3954 cibi
3369 3898 3676 3972 potusque

2109 3987 2472 4068 parcitatem
2492 4029 2512 4059 ‚
2546 3989 2833 4051 membra
2864 3987 3072 4052 ferreo
3100 3987 3303 4052 cilicio
3333 3986 3675 4068 presserit,

2107 4085 2375 4168 flagellis
2416 4086 2610 4149 etiam
2657 4093 2841 4150 noctu
2891 4086 3270 4169 impetierit,
3317 4106 3388 4149 ac
3431 4084 3680 4166 saepius

2108 4184 2547 4247 cruentaverit.
2595 4184 2972 4248 Levissimas
3014 4195 3442 4265 quascumque
3482 4181 3680 4246 animi

2107 4280 2330 4343 sordes
2361 4299 2441 4342 ex
2461 4278 2768 4344 humanae
2795 4279 3233 4345 imbecillitate
3255 4289 3515 4342 naturae
3536 4299 3681 4343 con·

2106 4386 2337 4441 traetas
2380 4379 2460 4442 de
2507 4377 2822 4441 mundano
2861 4378 3114 4458 pulvere
3155 4377 3312 4459 ipsis
3352 4376 3448 4441 vel
3488 4376 3676 4460 justis

2103 4473 2480 4547 inevitabili,
2511 4475 2932 4558 poenitentiae
2960 4482 3348 4539 sacramento
3387 4473 3680 4555 frequen·

2106 4580 2204 4635 ter
2232 4572 2644 4655 detergebat,
2684 4573 3057 4654 divinaeque
3097 4561 3372 4636 indidem
3419 4589 3674 4635 mensae

2104 4669 2183 4733 de
2229 4670 2498 4752 mystico
2538 4690 2697 4752 pane
2726 4671 3236 4734 communicabat
3265 4668 3459 4733 semel
3507 4675 3676 4733 certe

2104 4766 2167 4828 in
2201 4787 2493 4840 menses,
2523 4768 2642 4832 sed
2669 4767 2935 4851 siugulis
2966 4775 3290 4848 praeterea
3321 4767 3545 4831 diebus
3576 4764 3667 4827 fe·

2102 4864 2213 4927 stis
2260 4864 2444 4928 alicui
2487 4864 2788 4947 Deiparae
2821 4864 3086 4947 Virginis
3116 4864 3466 4938 memoriae¹
3499 4860 3672 4925 dedi·

2101 4962 2261 5027 catis
2291 4960 2688 5043 aliorumque
2719 4968 2844 5026 Deo
2872 4961 3281 5025 assidentium
3305 4966 3669 5026 Sanc-torum

2103 5060 2480 5141 spirituum,
2526 5078 2794 5140 quorum
2844 5059 2906 5121 in
2957 5058 3221 5122 tutelam
3264 5077 3334 5121 se
3375 5055 3671 5120 fidentius

2102 5156 2468 5238 recepisset.
2520 5156 2682 5232 Quid
2726 5164 2935 5220 autem
2979 5153 3248 5219 referam
3299 5153 3557 5219 effusam
3601 5151 3669 5214 in

2101 5274 2411 5339 pauperes
2446 5254 2939 5320 misericordiam
2965 5275 3039 5318 ac
3069 5251 3516 5316 liberalitatem
3538 5294 3559 5321 ,
3605 5251 3667 5313 in

2102 5362 2504 5439 aegrotantes
2543 5354 2817 5434 publicis
2867 5353 3129 5416 maxime
3158 5350 3442 5432 hospitiis
3490 5370 3671 5414 exce·

2102 5461 2248 5535 ptos
2273 5453 2722 5536 benignitatem
2753 5472 2825 5517 ac
2857 5449 3126 5516 studium
3159 5469 3352 5532 prope
3397 5448 3670 5532 siugula-
