4442 6300
954 464 1061 516 310

1977 467 2186 521 Atyn
2224 465 2878 522 cmontzn·10ms

787 615 858 673 1).
889 608 1241 671 Advocatus
1282 607 1652 690 genuflexus
1708 607 1984 694 rogavit,
2038 609 2348 676 instanter
2460 616 2934 689 capuccinorum
2956 656 2979 688 ‚
3010 632 3080 676 ac
3110 617 3319 677 beatae
3351 616 3715 680 Catltarinas
3745 623 3814 679 ds
3885 619 4031 703 Βδε-

786 716 887 790 pet
901 726 1015 771 ens
1035 747 1055 776 ‚
1086 711 1156 765 ut
1186 705 1409 768 beatos
1439 705 1718 770 Fidelem
1749 748 1773 782 ,
1824 706 2160 779 Camillum
2190 751 2209 780 ,
2240 714 2350 771 Pe·

2457 712 2573 771 ciis
2609 713 2842 787 Viryini
2869 713 3137 774 Moniali
3164 731 3248 773 ex
3294 714 3529 789 inclyta
3588 715 3650 776 S.
3714 716 4035 777 Dominiei

787 812 992 873 irum,
1034 808 1098 865 et
1156 802 1545 885 losephum,
1605 809 1671 867 el
1718 802 2121 877 §atharinam
2184 804 2349 870 inter
2463 809 2798 881 Religione.
2833 810 2908 868 In
2940 812 3182 870 coelesti
3238 819 3441 869 autem
3495 813 3606 870 hac
3665 813 4030 886 sempiterni

789 905 1039 964 sanctos
1072 920 1136 963 re
1151 896 1366 963 ferret.

1185 1097 1645 1157 BEATtsStME
1675 1098 1950 1156 PATER.

913 1290 1460 1348 Reverendissimus
1506 1288 1578 1346 D.
1644 1289 2002 1347 cardinalis
2063 1286 2349 1347 Joachim

2462 907 2749 977 triumphi
2779 922 2960 966 causa
2990 908 3144 965 nihil
3194 924 3341 967 sanc
3395 912 3810 981 praetermisit
3865 910 4035 970 San·

2460 1003 2763 1061 alissimus
2797 1004 2997 1073 Pater,
3033 1007 3194 1079 quod
3209 1008 3405 1079 juxta
3428 1008 3885 1079 sapientissima
3907 1006 4032 1066 An-

2459 1108 2806 1161 tecessorum
2840 1118 3082 1160 suorum
3114 1104 3513 1161 Romanorum
3547 1104 3908 1179 Pontificum
3932 1107 4035 1162 in-

2459 1198 2672 1255 stituta
2703 1207 2809 1256 aut
2841 1201 3171 1272 disquirere
3203 1202 3465 1271 potuerit
3496 1202 3700 1259 debita
3727 1202 3795 1258 in
3850 1201 4035 1260 rebus

2458 1302 2738 1352 accurate
2773 1296 3021 1369 agendis
3073 1297 3448 1368 prudentias
3514 1306 3619 1355 aut
3680 1300 4025 1369 impetrare
4105 1340 4114 1355 ,

783 1387 1224 1447 Portocarrero
1258 1389 1356 1445 hie
1381 1402 1662 1460 praesens
1689 1388 1992 1444 instanter
2024 1388 2181 1458 petit
2237 1402 2354 1459 per
2452 1392 2651 1459 possit
2684 1391 3027 1449 christiana
3048 1392 3251 1465 pietas
3282 1407 3417 1449 cum
3443 1393 3715 1469 assiduis
3744 1395 4028 1463 obsecra-

782 1485 1185 1544 Sanctitatem
1224 1483 1492 1543 Vestram
1525 1484 1813 1556 catalogo
1845 1482 2207 1541 Sanctorum
2230 1484 2347 1544 Do·
2460 1486 2691 1545 tionum
2719 1485 3022 1560 suffragiis
3042 1526 3064 1556 ‚
3078 1487 3337 1562 jejuniis
3365 1496 3422 1545 et
3455 1488 3842 1562 eleemosynis
3869 1506 4026 1548 con-

781 1585 939 1642 mini
968 1583 1188 1641 Nostri
1215 1581 1257 1641 J
1265 1599 1370 1640 esu
1406 1582 1636 1639 Christi
1649 1580 1935 1647 adscribi,
1967 1587 2022 1638 et
2053 1587 2346 1655 tanquam
2445 1584 2687 1656 juncta.
2739 1583 2958 1659 ltaque
3013 1598 3376 1655 persuasum
3426 1585 3602 1644 habet
3657 1586 3779 1661 sore
3838 1587 4032 1644 nimi-

785 1681 1042 1741 Sanctos
1074 1682 1147 1739 ab
1181 1679 1457 1737 omnibus
1525 1676 2020 1751 christifidelibus
2073 1692 2342 1751 pronun·

786 1780 942 1838 ciari
966 1780 1346 1836 venerandos
1374 1813 1397 1839 0
1422 1776 1661 1833 beatum
1696 1775 1965 1834 Fidelem
2027 1790 2063 1832 a
2117 1776 2352 1849 Siqma·

782 1878 962 1949 rinqa
992 1871 1239 1933 Ordinis
1276 1874 1590 1932 Minorum
1617 1870 1679 1930 S.
1736 1871 2053 1931 Francisci
2112 1874 2349 1942 capue-

787 1975 1063 2031 cinorum
1085 2012 1105 2043 ,
1136 1973 1374 2030 beatum
1408 1970 1727 2027 Camillum
1756 1971 1827 2026 de
1863 1968 2049 2026 Lellis
2088 1970 2130 2024 C
2136 1970 2350 2027 lerico·

789 2085 921 2129 rum
960 2070 1347 2143 Regularium
1379 2065 1879 2126 Ministrantium
1913 2066 2172 2139 Infit-mis
2200 2068 2356 2125 Fun-

791 2170 1109 2232 datorem‚
1136 2167 1376 2222 beatum
1411 2163 1653 2220 Petrum
1689 2163 2045 2235 Reqalatum
2074 2166 2346 2238 ejusdem

792 2260 1035 2323 Ordinis
1068 2261 1321 2320 Minoris
1353 2262 1421 2317 de
1456 2255 1862 2317 Obseruantia
1887 2299 1907 2327 ,
1957 2260 2197 2319 beatum
2250 2257 2353 2318 Jo-

788 2362 1036 2433 sephum
1070 2375 1109 2418 a
1141 2358 1426 2418 Leonissa
1457 2357 1736 2415 recensiti
1768 2352 2012 2414 Ordinis
2044 2356 2353 2415 Minorum

798 2459 1317 2531 capuccinorum,
1345 2461 1401 2512 et
1431 2455 1666 2511 beatam
1693 2454 2089 2514 catharinam
2117 2457 2187 2513 de
2212 2455 2349 2513 ttic-

792 2557 905 2617 ciis
945 2552 1190 2614 Ordinis
1219 2550 1284 2611 S.
1310 2551 1644 2610 Dominici.

918 2750 1075 2807 Dum
1106 2741 1262 2806 haee
1277 2741 1441 2805 circa
1470 2738 1703 2804 Solium
1726 2745 2133 2824 peraguntur,
2159 2739 2200 2802 ii
2229 2750 2357 2806 tan·

793 2849 924 2904 tum
956 2840 1061 2921 qui
1088 2839 1152 2900 in
1184 2836 1308 2902 iilo
1336 2837 1549 2901 locum
1584 2835 1869 2900 obtinent
1890 2879 1911 2908 ‚
1944 2842 2147 2912 stan13
2191 2847 2359 2902 eete-

793 2938 848 3000 ri
875 2937 936 2997 in
970 2939 1099 2999 suis
1132 2935 1284 2998 loeis
1314 2930 1534 2998 sedent
1556 2975 1577 3005 ‚
1621 2930 1902 2995 candelis
1960 2952 2354 3015 nequaquam

795 3033 1109 3098 extinctis.
1144 3037 1277 3096 Non
1309 3031 1443 3095 sine
1476 3035 1810 3093 Beatorum
1872 3028 2162 3094 laudibus
2217 3031 2360 3095 huic

794 3133 1110 3215 postulato
1138 3131 1459 3212 respondit
1487 3134 1558 3192 D.
1601 3129 1935 3213 cajetanus
1991 3135 2218 3195 Amata
2275 3132 2356 3194 ab

794 3231 1096 3313 Episloiis
1124 3232 1199 3294 ad
1238 3227 1591 3309 Principes,
1627 3227 1818 3290 rubro
1836 3228 2064 3290 amictu
2097 3228 2361 3292 circum·

795 3332 977 3394 datus
1006 3332 1085 3392 de
1121 3346 1298 3392 more
1355 3324 1720 3386 intimorum
1778 3323 2355 3402 eumentes-iorum,

807 3439 871 3490 et
899 3437 1067 3491 stans
1099 3427 1159 3487 in
1191 3423 1449 3507 planitie
1482 3420 1632 3485 Solii
1665 3421 1742 3483 ad
1770 3422 2090 3484 sinistram
2124 3429 2354 3503 Papae,

806 3545 994 3607 quem
1025 3523 1189 3586 flexo
1220 3540 1384 3604 genu
1414 3517 1606 3583 coluit
1633 3516 1696 3578 in
1733 3517 2032 3599 principio
2053 3560 2072 3591 ,
2102 3528 2166 3582 et
2208 3539 2363 3600 quo·

800 3625 924 3688 ties
956 3622 1118 3684 inter
1145 3616 1482 3683 dicendum
1515 3612 1877 3677 nominavit.

1096 3817 1200 3873 AD
1229 3813 1535 3874 PmMAM
1565 3810 2061 3870 INSTANTl-AH.

932 4007 1276 4066 Maximam
1304 4004 1571 4064 omnium
1602 4004 1669 4060 in
1696 4002 1807 4060 ltac
1842 3999 2017 4060 Alma
2058 4002 2213 4062 Urbe
2267 4019 2364 4064 sa·

802 4106 1128 4166 cratissimi
1154 4104 1333 4178 liujus
1362 4102 1484 4158 diei
1509 4101 1919 4158 celebritatem
1939 4102 2168 4170 sanctis
2204 4098 2364 4175 Apo·

797 4206 1090 4264 stolorum
1122 4199 1520 4270 Principibus
1551 4197 1725 4255 Petro
1758 4204 1815 4253 et
1850 4197 2081 4264 Paulo,
2112 4212 2364 4270 quorum

800 4316 976 4360 saera
998 4300 1269 4373 pignora
1304 4308 1505 4353 coram
1531 4305 1912 4362 veneramur,
1943 4303 2365 4353 consecratam

801 4397 1050 4471 mirifice
1083 4400 1301 4454 ornant
1330 4400 1387 4449 et
1419 4400 1642 4463 auqent
1672 4392 1911 4450 oblatae
1939 4406 2148 4463 preces
2174 4432 2194 4462 ‚
2227 4393 2363 4466 qui·

803 4497 912 4554 bus
944 4502 1033 4553 tot
1065 4490 1557 4565 Christifidelium
1589 4492 1858 4546 omnium
1894 4485 2191 4547 Ordinum
2251 4505 2362 4547 no·

800 4594 961 4651 mine
988 4592 1285 4649 instanter
1305 4587 1572 4659 petitur,
1603 4593 1668 4642 ut
1710 4586 1993 4658 publicus
2054 4587 2366 4643 solemnis·

801 4708 914 4768 que
947 4691 1145 4749 cultus
1175 4702 1212 4746 a
1242 4697 1527 4756 supremo
1574 4682 1964 4741 Sanctissimi
2024 4682 2230 4741 Patris
2290 4699 2364 4741 ac

805 4787 1047 4850 Domini
1077 4783 1280 4846 Nostri
1291 4782 1531 4856 judicio
1561 4783 1923 4838 decernatur
1947 4782 2138 4839 beatis
2171 4780 2372 4840 Fideli

803 4906 842 4950 a
872 4884 1250 4959 Siymarinqa
1280 4878 1691 4937 laudatissimi
1745 4874 2001 4936 Ordinis
2057 4878 2364 4936 Minorum

810 4985 871 5044 S.
911 4980 1229 5042 Francisci
1259 4977 1747 5049 capuccinorum
1771 5012 1791 5043 ,
1824 4975 2076 5034 Camillo
2110 4978 2181 5033 de
2224 4976 2360 5034 Lel-

803 5084 880 5141 lis
908 5073 1409 5151 Conqreqationis
1430 5073 1799 5131 clericorum
1832 5071 2222 5145 Reqularium
2244 5073 2365 5132 Mi-

803 5175 1192 5238 nistrantium
1226 5171 1491 5244 Infirmis
1528 5168 1899 5240 Fundatori,
1945 5170 2121 5246 Petro
2174 5170 2364 5244 Repa-

807 5277 938 5335 lato
968 5273 1232 5347 ejusaem
1269 5263 1510 5325 Ordinis
1546 5267 1858 5325 Minorum
1890 5270 1958 5326 de
2023 5264 2361 5327 Observan-

2457 1693 2587 1737 rum
2611 1718 2631 1747 ,
2659 1688 2727 1737 ut
2756 1681 3104 1752 singulares
3132 1683 3466 1741 eorumdem
3521 1682 3844 1739 Beatorum
3896 1682 4032 1742 cir·

2460 1782 2616 1833 tutes
2638 1815 2658 1844 ,
2687 1791 2778 1835 res
2805 1778 3125 1849 praeclare
3159 1785 3400 1851 vestae,
3434 1779 3712 1837 illustria
3743 1781 4037 1852 eoeempla

2457 1882 2637 1948 atque
2669 1876 2942 1949 insignia
2967 1878 3219 1945 merita,
3250 1883 3337 1933 tot
3369 1875 3549 1933 etiam
3609 1876 3682 1933 ab
3741 1876 4023 1950 omnipo-

2462 1974 2614 2030 tenti
2643 1973 2764 2030 Deo
2800 1976 2877 2032 ad
2922 1974 3194 2043 ipsorum
3255 1973 3704 2031 invocationem
3755 1976 4037 2046 patratis

2464 2071 2778 2129 miraculis
2811 2071 3206 2142 comprobata
3263 2070 3329 2125 in
3362 2071 3521 2128 sacri
3573 2070 3771 2128 cultus
3826 2071 4038 2130 incre·

2462 2176 2726 2225 mentum
2755 2170 3060 2241 divinique
3090 2167 3354 2223 nominis
3383 2167 3650 2240 gloriam
3678 2170 3931 2237 cedant3
3959 2170 4035 2228 in

2464 2265 2800 2323 catholicae
2838 2264 3172 2337 Religionis
3204 2263 3698 2338 christianaeque
3746 2265 4034 2337 discipli-

2465 2375 2582 2419 nae
2613 2361 2944 2421 utilitatem
2977 2369 3032 2417 et
3062 2368 3483 2433 ornamentum
3517 2364 3848 2429 redundent
3867 2379 3892 2430 ,-
3950 2365 4035 2421 ad

2467 2459 2804 2517 imitandas
2834 2460 3092 2516 virtutes
3119 2495 3141 2526 ,
3168 2458 3642 2533 aemulandaque
3699 2458 4037 2518 charisma·

2467 2559 2530 2611 ta
2560 2555 2855 2629 ejusmodi
2885 2555 3151 2612 studium
3181 2562 3236 2610 et
3266 2554 3726 2612 incitamentum
3746 2554 4031 2630 afferant,

2468 2659 2526 2708 et
2555 2659 2964 2721 opportunum
2995 2651 3253 2723 denique
3287 2663 3358 2707 ac
3415 2650 3681 2711 salutare
3738 2652 3913 2708 nobis
3961 2653 4033 2710 in

2468 2748 2963 2807 tribulationibus
3006 2753 3061 2805 et
3123 2746 3578 2804 calamitatibus
3634 2747 3901 2821 undique
3955 2747 4039 2805 ir·

2465 2846 2780 2903 ruentibus
2808 2844 3079 2903 levamen
3128 2857 3203 2902 ac
3259 2844 3641 2916 praesidium
3699 2845 3768 2904 de
3829 2843 4036 2903 Caelis

2461 2948 2942 3012 promereantur.
3004 2939 3342 3011 Eapropter
3406 2938 3765 2997 hodiernum
3834 2939 4029 3009 diem,

2471 3040 2577 3111 qui
2608 3039 2882 3096 omnibus
2911 3038 3168 3094 laetitiis
3189 3039 3467 3110 verisque
3499 3037 3741 3109 aaudiis
3770 3037 4032 3094 celebra·

2469 3136 2882 3209 riquotannis
2925 3135 3277 3200 consuevit,
3333 3132 3802 3206 splendidiorem
3859 3132 4035 3192 solito

2468 3234 2669 3289 veluti
2693 3231 2979 3290 illuxisse
3021 3238 3240 3302 putat,
3300 3245 3419 3303 quo
3478 3230 3586 3302 pia
3645 3238 3700 3286 et
3759 3229 4037 3288 ardentia

2470 3329 2936 3386 christianorum
2971 3326 3339 3398 Papularum
3358 3362 3378 3391 ‚
3405 3326 3783 3397 inclytarum
3814 3322 4030 3382 Natio·

2470 3441 2617 3481 num
2656 3440 2727 3482 ac
2751 3422 3132 3495 potissimum
3164 3421 3423 3489 ltaliae,
3484 3430 3540 3479 et
3601 3422 4039 3494 Reli9iosomtn

2476 3518 2780 3580 Ordinum
2805 3528 2954 3578 vota
2984 3521 3219 3577 tandem
3251 3527 3394 3577 rata
3423 3520 3614 3594 saciat
3671 3527 3728 3577 et
3758 3522 4030 3580 cumula·

2478 3623 2700 3677 tissime
2736 3619 3040 3692 laetificet.
3084 3616 3294 3675 Verum
3324 3635 3456 3677 cum
3497 3618 3845 3690 hujusmodi
3899 3633 4039 3692 qra-

2472 3715 2816 3785 vissimum‚
2849 3714 3012 3788 quod
3039 3712 3161 3770 Deo
3184 3691 3434 3771 auctore
3492 3714 3801 3786 suscepit,
3859 3729 4039 3787 nepo·

2475 3812 2624 3867 tium
2655 3825 2964 3869 commune
2986 3810 3067 3867 sit
3099 3808 3448 3868 caelestium
3482 3815 3663 3882 atque
3693 3812 4038 3871 mortalium

2484 3908 2720 3966 Civium
2741 3926 2765 3975 ‚-
2795 3914 2863 3964 ut
2891 3910 3097 3965 eodem
3127 3919 3387 3976 superno
3420 3904 3681 3963 Numine
3708 3909 4031 3980 adspiran-

2475 4013 2529 4063 te
2551 4044 2572 4074 .,
2602 4008 2712 4063 rite
2743 4012 3068 4078 sancteque
3090 4004 3362 4077 perficiat
3382 4041 3400 4071 ,
3430 4004 3879 4074 sapientissime
3902 4019 4039 4062 cen·

2477 4111 2601 4171 set,
2633 4104 2770 4161 inde
2803 4102 3202 4160 invocandum
3232 4116 3350 4158 esse
3381 4099 3587 4156 lumen
3608 4140 3628 4170 ‚
3687 4103 3843 4159 unde
3881 4101 4033 4160 Bea-

2478 4204 2556 4260 tis
2584 4200 2720 4258 istis
2751 4206 2925 4257 tanta
2953 4201 3102 4258 data
3131 4204 3219 4254 est
3249 4198 3564 4269 sapientia
3594 4214 3664 4256 ac
3698 4199 3920 4270 virtus,
3962 4206 4032 4258 ut

2472 4300 2905 4366 vincerent‚et
2934 4295 3332 4354 immortalem
3358 4297 3478 4353 sibi
3519 4296 3590 4352 in
3651 4296 3864 4360 Caelis
3907 4297 4038 4371 plo·

2472 4397 2625 4453 riam
2650 4400 3104 4467 compararent.
3124 4391 3305 4450 Jubet
3329 4393 3580 4465 proinde
3604 4407 3834 4461 omnes,
3864 4401 4037 4468 quot·

2474 4500 2619 4567 quot
2650 4493 2744 4551 hic
2771 4493 3111 4568 frequentes
3152 4494 3415 4563 adsunt,
3475 4492 3903 4566 Christifideles
3956 4507 4033 4552 aa

2472 4591 2825 4663 praesertim
2861 4588 3237 4649 Venerabiles
3274 4590 3511 4648 Fratres
3539 4605 3682 4647 sues
3736 4589 3799 4648 S.
3854 4592 3926 4649 tt.
3958 4590 4034 4650 B.

2485 4688 2840 4747 Cardinales
2861 4725 2880 4754 ‚
2914 4694 3257 4759 ceterosque
3316 4688 3583 4759 insignes
3642 4683 3901 4746 Ordines
3955 4690 4037 4748 ad

2475 4785 2636 4843 lianc
2665 4784 2995 4857 principem
3029 4779 3205 4841 Aram
3227 4784 3296 4839 in
3324 4796 3520 4856 genua
3543 4785 3901 4854 provolutos
3924 4785 4039 4844 mi·

2474 4881 2941 4939 sericordiarun·
2973 4877 3216 4938 Patrem
3245 4886 3302 4936 et
3333 4878 3521 4936 Deum
3569 4880 3765 4937 totius
3828 4895 4037 4940 conso-

2476 4979 2725 5037 lationis
2755 4991 2881 5035 una
2908 4991 3112 5034 secum
3145 4976 3453 5036 obsecrare
3476 5014 3497 5044 2
3554 4986 3619 5033 ut
3681 4977 4038 5039 beatissima

2472 5075 2539 5130 in
2566 5074 2780 5145 primis
2818 5073 2926 5129 Dei
2960 5068 3521 5145 Genitrice·semper
3558 5070 3791 5145 Virgine
3827 5073 4039 5141 Maria

2473 5173 2826 5242 deprecante
2852 5211 2872 5241 ,
2903 5178 3088 5244 atque
3113 5171 3333 5228 iisdem
3371 5168 3796 5241 Apostolorum
3859 5170 4033 5230 Prin·

2476 5270 2707 5340 cipibus
2736 5270 3079 5340 sanctisque
3113 5269 3381 5326 omnibus
3440 5265 3907 5340 suffraqantibus
3962 5285 4035 5327 ac

810 5374 939 5442 tia,
967 5368 1226 5442 Joseplno
1261 5381 1296 5425 a
1332 5364 1615 5424 Leonissa
1646 5366 1793 5422 dicti
1839 5366 2046 5423 itidem
2111 5363 2357 5425 Ordinis
2478 5368 2620 5424 bene
2654 5366 3002 5440 faventibus
3027 5403 3046 5432 ,
3073 5380 3188 5436 per
3209 5364 3611 5437 Apostolicam
3667 5366 4034 5425 sententiam
