<?xml version="1.0" encoding="UTF-8"?>
<!DOCTYPE html PUBLIC "-//W3C//DTD XHTML 1.0 Transitional//EN"
    "http://www.w3.org/TR/xhtml1/DTD/xhtml1-transitional.dtd">
<html xmlns="http://www.w3.org/1999/xhtml" xml:lang="en" lang="en">
 <head>
  <title>
</title>
<meta http-equiv="Content-Type" content="text/html;charset=utf-8" />
  <meta name='ocr-system' content='tesseract 3.04.00' />
  <meta name='ocr-capabilities' content='ocr_page ocr_carea ocr_par ocr_line ocrx_word'/>
</head>
<body>
  <div class='ocr_page' id='page_1' title='image "benedictixivpon00benegoog_0253.png"; bbox 0 0 4442 6300; ppageno 0'>
   <div class='ocr_carea' id='block_1_1' title="bbox 1632 474 3616 563">
    <p class='ocr_par' dir='ltr' id='par_1_1' title="bbox 1632 474 3616 563">
     <span class='ocr_line' id='line_1_1' title="bbox 1632 474 3616 563; baseline -0.002 -32"><span class='ocrx_word' id='word_1_1' title='bbox 1632 476 1976 548; x_wconf 68' lang='lat' dir='ltr'><strong>Qttxqtta</strong></span> <span class='ocrx_word' id='word_1_2' title='bbox 2017 474 2482 563; x_wconf 56' lang='lat' dir='ltr'><strong>saxo-roam</strong></span> <span class='ocrx_word' id='word_1_3' title='bbox 2528 476 2693 532; x_wconf 70' lang='lat' dir='ltr'><strong>mc.</strong></span> <span class='ocrx_word' id='word_1_4' title='bbox 3504 475 3616 531; x_wconf 70' lang='lat'><strong>219</strong></span> 
     </span>
    </p>
   </div>
   <div class='ocr_carea' id='block_1_2' title="bbox 442 610 3798 5547">
    <p class='ocr_par' dir='ltr' id='par_1_2' title="bbox 442 610 3798 3078">
     <span class='ocr_line' id='line_1_2' title="bbox 570 610 3788 730; baseline -0.003 -25"><span class='ocrx_word' id='word_1_5' title='bbox 570 649 725 705; x_wconf 77' lang='lat' dir='ltr'><strong>non</strong></span> <span class='ocrx_word' id='word_1_6' title='bbox 764 649 943 703; x_wconf 76' lang='lat' dir='ltr'><strong>vero</strong></span> <span class='ocrx_word' id='word_1_7' title='bbox 978 622 1151 730; x_wconf 81' lang='lat' dir='ltr'><strong>quia</strong></span> <span class='ocrx_word' id='word_1_8' title='bbox 1189 622 1378 707; x_wconf 67' lang='lat' dir='ltr'><strong>vitae</strong></span> <span class='ocrx_word' id='word_1_9' title='bbox 1415 618 1749 730; x_wconf 80' lang='lat' dir='ltr'><strong>spiritum</strong></span> <span class='ocrx_word' id='word_1_10' title='bbox 1788 610 2381 705; x_wconf 58' lang='lat' dir='ltr'><strong>interm-animus</strong></span> <span class='ocrx_word' id='word_1_11' title='bbox 2413 650 2874 727; x_wconf 76' lang='lat' dir='ltr'><strong>nequaquam</strong></span> <span class='ocrx_word' id='word_1_12' title='bbox 2913 622 3314 703; x_wconf 69' lang='lat' dir='ltr'><strong>emisisset:</strong></span> <span class='ocrx_word' id='word_1_13' title='bbox 3374 626 3738 700; x_wconf 58' lang='lat' dir='ltr'><strong>Praxeas</strong></span> <span class='ocrx_word' id='word_1_14' title='bbox 3766 672 3788 708; x_wconf 88' lang='lat'><strong>,</strong></span> 
     </span>
     <span class='ocr_line' id='line_1_3' title="bbox 552 744 3792 849; baseline -0.002 -31"><span class='ocrx_word' id='word_1_15' title='bbox 552 744 859 849; x_wconf 69' lang='lat' dir='ltr'><strong>inquit,</strong></span> <span class='ocrx_word' id='word_1_16' title='bbox 894 746 988 819; x_wconf 83' lang='lat' dir='ltr'><strong>de</strong></span> <span class='ocrx_word' id='word_1_17' title='bbox 1009 752 1436 848; x_wconf 76' lang='lat' dir='ltr'><strong>jactatione</strong></span> <span class='ocrx_word' id='word_1_18' title='bbox 1472 754 1819 846; x_wconf 69' lang='grc' dir='ltr'><strong>ηιανζφϊίἰ</strong></span> <span class='ocrx_word' id='word_1_19' title='bbox 1849 746 2164 845; x_wconf 74' lang='lat' dir='ltr'><strong>inflatus</strong></span> <span class='ocrx_word' id='word_1_20' title='bbox 2198 747 2293 818; x_wconf 81' lang='lat' dir='ltr'><strong>ob</strong></span> <span class='ocrx_word' id='word_1_21' title='bbox 2326 747 2566 821; x_wconf 67' lang='lat' dir='ltr'><strong>solum</strong></span> <span class='ocrx_word' id='word_1_22' title='bbox 2602 762 2673 817; x_wconf 70' lang='lat' dir='ltr'><strong>et</strong></span> <span class='ocrx_word' id='word_1_23' title='bbox 2708 746 3031 843; x_wconf 74' lang='lat' dir='ltr'><strong>simplex</strong></span> <span class='ocrx_word' id='word_1_24' title='bbox 3066 760 3137 817; x_wconf 73' lang='lat' dir='ltr'><strong>et</strong></span> <span class='ocrx_word' id='word_1_25' title='bbox 3183 744 3398 817; x_wconf 62' lang='lat' dir='ltr'><strong>breve</strong></span> <span class='ocrx_word' id='word_1_26' title='bbox 3455 744 3792 815; x_wconf 49' lang='lat' dir='ltr'><strong>can-ewa</strong></span> 
     </span>
     <span class='ocr_line' id='line_1_4' title="bbox 573 852 3788 965; baseline -0.004 -28"><span class='ocrx_word' id='word_1_27' title='bbox 573 865 933 938; x_wconf 70' lang='lat' dir='ltr'><strong>taedmm.</strong></span> <span class='ocrx_word' id='word_1_28' title='bbox 967 859 1055 936; x_wconf 92' lang='lat' dir='ltr'><strong>Id</strong></span> <span class='ocrx_word' id='word_1_29' title='bbox 1089 864 1306 935; x_wconf 80' lang='lat' dir='ltr'><strong>etiam</strong></span> <span class='ocrx_word' id='word_1_30' title='bbox 1345 861 1413 936; x_wconf 90' lang='lat' dir='ltr'><strong>S.</strong></span> <span class='ocrx_word' id='word_1_31' title='bbox 1452 862 1499 935; x_wconf 82' lang='grc' dir='ltr'><strong>.Ῐ</strong></span> <span class='ocrx_word' id='word_1_32' title='bbox 1501 864 1753 935; x_wconf 81' lang='grc'><strong>0311013</strong></span> <span class='ocrx_word' id='word_1_33' title='bbox 1785 859 2287 965; x_wconf 71' lang='lat' dir='ltr'><strong>Evangelistne</strong></span> <span class='ocrx_word' id='word_1_34' title='bbox 2323 859 2595 935; x_wconf 88' lang='lat' dir='ltr'><strong>celebri</strong></span> <span class='ocrx_word' id='word_1_35' title='bbox 2633 857 2970 963; x_wconf 84' lang='lat' dir='ltr'><strong>exemplo</strong></span> <span class='ocrx_word' id='word_1_36' title='bbox 3016 854 3546 963; x_wconf 75' lang='lat' dir='ltr'><strong>comprobatur</strong></span> <span class='ocrx_word' id='word_1_37' title='bbox 3573 907 3602 945; x_wconf 84' lang='lat'><strong>,</strong></span> <span class='ocrx_word' id='word_1_38' title='bbox 3656 852 3788 955; x_wconf 85' lang='lat' dir='ltr'><strong>qui</strong></span> 
     </span>
     <span class='ocr_line' id='line_1_5' title="bbox 573 975 3788 1081; baseline -0.003 -27"><span class='ocrx_word' id='word_1_39' title='bbox 573 980 650 1054; x_wconf 89' lang='lat' dir='ltr'><strong>in</strong></span> <span class='ocrx_word' id='word_1_40' title='bbox 689 977 963 1053; x_wconf 88' lang='lat' dir='ltr'><strong>dolium</strong></span> <span class='ocrx_word' id='word_1_41' title='bbox 1006 977 1361 1055; x_wconf 84' lang='lat' dir='ltr'><strong>ferventis</strong></span> <span class='ocrx_word' id='word_1_42' title='bbox 1396 978 1536 1054; x_wconf 90' lang='lat' dir='ltr'><strong>olei</strong></span> <span class='ocrx_word' id='word_1_43' title='bbox 1574 977 1964 1069; x_wconf 87' lang='lat' dir='ltr'><strong>demissus,</strong></span> <span class='ocrx_word' id='word_1_44' title='bbox 2002 977 2166 1052; x_wconf 82' lang='lat' dir='ltr'><strong>licet</strong></span> <span class='ocrx_word' id='word_1_45' title='bbox 2206 976 2587 1053; x_wconf 78' lang='lat' dir='ltr'><strong>incolumis</strong></span> <span class='ocrx_word' id='word_1_46' title='bbox 2621 1003 2707 1051; x_wconf 85' lang='lat' dir='ltr'><strong>ex</strong></span> <span class='ocrx_word' id='word_1_47' title='bbox 2773 975 2898 1051; x_wconf 87' lang='lat' dir='ltr'><strong>illo</strong></span> <span class='ocrx_word' id='word_1_48' title='bbox 2955 978 3364 1081; x_wconf 85' lang='lat' dir='ltr'><strong>prodierit,</strong></span> <span class='ocrx_word' id='word_1_49' title='bbox 3425 989 3506 1047; x_wconf 86' lang='lat' dir='ltr'><strong>et</strong></span> <span class='ocrx_word' id='word_1_50' title='bbox 3554 994 3788 1073; x_wconf 77' lang='lat' dir='ltr'><strong>usque</strong></span> 
     </span>
     <span class='ocr_line' id='line_1_6' title="bbox 558 1086 3795 1199; baseline -0.003 -29.966"><span class='ocrx_word' id='word_1_51' title='bbox 558 1090 660 1169; x_wconf 85' lang='grc'><strong>3(1</strong></span> <span class='ocrx_word' id='word_1_52' title='bbox 732 1086 1059 1171; x_wconf 79' lang='lat' dir='ltr'><strong>ultimam</strong></span> <span class='ocrx_word' id='word_1_53' title='bbox 1118 1111 1569 1171; x_wconf 87' lang='lat' dir='ltr'><strong>senectutem</strong></span> <span class='ocrx_word' id='word_1_54' title='bbox 1644 1098 1719 1168; x_wconf 91' lang='lat' dir='ltr'><strong>in</strong></span> <span class='ocrx_word' id='word_1_55' title='bbox 1783 1120 1960 1199; x_wconf 77' lang='lat' dir='ltr'><strong>pace</strong></span> <span class='ocrx_word' id='word_1_56' title='bbox 2030 1098 2250 1195; x_wconf 72' lang='lat' dir='ltr'><strong>vitam</strong></span> <span class='ocrx_word' id='word_1_57' title='bbox 2324 1093 2764 1185; x_wconf 84' lang='lat' dir='ltr'><strong>absolverit,</strong></span> <span class='ocrx_word' id='word_1_58' title='bbox 2825 1110 3067 1171; x_wconf 81' lang='lat' dir='ltr'><strong>tamen</strong></span> <span class='ocrx_word' id='word_1_59' title='bbox 3095 1093 3449 1196; x_wconf 68' lang='lat' dir='ltr'><strong>Maityris</strong></span> <span class='ocrx_word' id='word_1_60' title='bbox 3493 1086 3795 1162; x_wconf 74' lang='lat' dir='ltr'><strong>titulum</strong></span> 
     </span>
     <span class='ocr_line' id='line_1_7' title="bbox 464 1192 3792 1311; baseline -0.002 -30"><span class='ocrx_word' id='word_1_61' title='bbox 464 1280 471 1281; x_wconf 18' lang='lat' dir='ltr'><em>ff</em></span> <span class='ocrx_word' id='word_1_62' title='bbox 566 1241 609 1287; x_wconf 85' lang='lat' dir='ltr'><strong>a</strong></span> <span class='ocrx_word' id='word_1_63' title='bbox 644 1196 1015 1287; x_wconf 83' lang='lat' dir='ltr'><strong>Fidelibus</strong></span> <span class='ocrx_word' id='word_1_64' title='bbox 1053 1212 1399 1287; x_wconf 81' lang='lat' dir='ltr'><strong>obtinuit.</strong></span> <span class='ocrx_word' id='word_1_65' title='bbox 1436 1213 1557 1287; x_wconf 85' lang='lat' dir='ltr'><strong>Ob</strong></span> <span class='ocrx_word' id='word_1_66' title='bbox 1588 1212 1922 1293; x_wconf 83' lang='lat' dir='ltr'><strong>eandem</strong></span> <span class='ocrx_word' id='word_1_67' title='bbox 1936 1215 2295 1289; x_wconf 80' lang='lat' dir='ltr'><strong>rationem</strong></span> <span class='ocrx_word' id='word_1_68' title='bbox 2333 1228 2579 1289; x_wconf 81' lang='lat' dir='ltr'><strong>sancta</strong></span> <span class='ocrx_word' id='word_1_69' title='bbox 2618 1192 2893 1286; x_wconf 79' lang='lat' dir='ltr'><strong>Thecla</strong></span> <span class='ocrx_word' id='word_1_70' title='bbox 2929 1214 3444 1311; x_wconf 79' lang='lat' dir='ltr'><strong>Protomartyr</strong></span> <span class='ocrx_word' id='word_1_71' title='bbox 3477 1236 3517 1280; x_wconf 89' lang='lat' dir='ltr'><strong>a</strong></span> <span class='ocrx_word' id='word_1_72' title='bbox 3545 1205 3792 1280; x_wconf 86' lang='lat' dir='ltr'><strong>Patri-</strong></span> 
     </span>
     <span class='ocr_line' id='line_1_8' title="bbox 569 1324 3788 1434; baseline -0.002 -32"><span class='ocrx_word' id='word_1_73' title='bbox 569 1328 706 1403; x_wconf 88' lang='lat' dir='ltr'><strong>bus</strong></span> <span class='ocrx_word' id='word_1_74' title='bbox 738 1346 1265 1433; x_wconf 81' lang='lat' dir='ltr'><strong>nuncupatur,</strong></span> <span class='ocrx_word' id='word_1_75' title='bbox 1299 1356 1390 1404; x_wconf 91' lang='lat' dir='ltr'><strong>eo</strong></span> <span class='ocrx_word' id='word_1_76' title='bbox 1424 1329 1625 1433; x_wconf 82' lang='lat' dir='ltr'><strong>quod</strong></span> <span class='ocrx_word' id='word_1_77' title='bbox 1668 1334 1903 1432; x_wconf 78' lang='lat' dir='ltr'><strong>prima</strong></span> <span class='ocrx_word' id='word_1_78' title='bbox 1938 1332 2135 1404; x_wconf 89' lang='lat' dir='ltr'><strong>inter</strong></span> <span class='ocrx_word' id='word_1_79' title='bbox 2168 1329 2518 1410; x_wconf 83' lang='lat' dir='ltr'><strong>mulieres</strong></span> <span class='ocrx_word' id='word_1_80' title='bbox 2545 1332 2876 1434; x_wconf 73' lang='lat' dir='ltr'><strong>martyrii</strong></span> <span class='ocrx_word' id='word_1_81' title='bbox 2914 1328 3212 1432; x_wconf 79' lang='lat' dir='ltr'><strong>gloriam</strong></span> <span class='ocrx_word' id='word_1_82' title='bbox 3253 1354 3396 1431; x_wconf 87' lang='lat' dir='ltr'><strong>pro</strong></span> <span class='ocrx_word' id='word_1_83' title='bbox 3447 1324 3788 1399; x_wconf 73' lang='lat' dir='ltr'><strong>christia-</strong></span> 
     </span>
     <span class='ocr_line' id='line_1_9' title="bbox 442 1436 3796 1555; baseline -0.002 -36"><span class='ocrx_word' id='word_1_84' title='bbox 442 1476 455 1485; x_wconf 46' lang='lat'>2</span> <span class='ocrx_word' id='word_1_85' title='bbox 570 1473 663 1519; x_wconf 83' lang='lat' dir='ltr'><strong>na</strong></span> <span class='ocrx_word' id='word_1_86' title='bbox 700 1445 880 1520; x_wconf 84' lang='lat' dir='ltr'><strong>Fide</strong></span> <span class='ocrx_word' id='word_1_87' title='bbox 904 1463 1307 1520; x_wconf 85' lang='lat' dir='ltr'><strong>consecuta</strong></span> <span class='ocrx_word' id='word_1_88' title='bbox 1341 1464 1495 1521; x_wconf 88' lang='lat' dir='ltr'><strong>est:</strong></span> <span class='ocrx_word' id='word_1_89' title='bbox 1532 1448 1830 1551; x_wconf 86' lang='lat' dir='ltr'><strong>Quippe</strong></span> <span class='ocrx_word' id='word_1_90' title='bbox 1869 1446 2203 1555; x_wconf 82' lang='lat' dir='ltr'><strong>damnata</strong></span> <span class='ocrx_word' id='word_1_91' title='bbox 2241 1447 2329 1521; x_wconf 88' lang='lat' dir='ltr'><strong>ad</strong></span> <span class='ocrx_word' id='word_1_92' title='bbox 2367 1447 2677 1536; x_wconf 83' lang='lat' dir='ltr'><strong>bestias,</strong></span> <span class='ocrx_word' id='word_1_93' title='bbox 2713 1445 3326 1551; x_wconf 69' lang='lat' dir='ltr'><strong>quemadmodum</strong></span> <span class='ocrx_word' id='word_1_94' title='bbox 3364 1469 3451 1517; x_wconf 71' lang='lat' dir='ltr'><strong>ex</strong></span> <span class='ocrx_word' id='word_1_95' title='bbox 3487 1436 3796 1516; x_wconf 84' lang='lat' dir='ltr'><strong>Annali-</strong></span> 
     </span>
     <span class='ocr_line' id='line_1_10' title="bbox 534 1562 3797 1671; baseline -0.002 -34"><span class='ocrx_word' id='word_1_96' title='bbox 534 1563 715 1638; x_wconf 80' lang='lat' dir='ltr'><strong>&#39;bus</strong></span> <span class='ocrx_word' id='word_1_97' title='bbox 747 1562 1109 1638; x_wconf 72' lang='lat' dir='ltr'><strong>Ecclesiae</strong></span> <span class='ocrx_word' id='word_1_98' title='bbox 1147 1564 1818 1671; x_wconf 74' lang='lat' dir='ltr'><strong>deprehendimu3‚</strong></span> <span class='ocrx_word' id='word_1_99' title='bbox 1851 1590 2019 1639; x_wconf 86' lang='lat' dir='ltr'><strong>cnm</strong></span> <span class='ocrx_word' id='word_1_100' title='bbox 2055 1562 2341 1643; x_wconf 86' lang='lat' dir='ltr'><strong>nullum</strong></span> <span class='ocrx_word' id='word_1_101' title='bbox 2376 1564 2466 1639; x_wconf 84' lang='lat' dir='ltr'><strong>ab</strong></span> <span class='ocrx_word' id='word_1_102' title='bbox 2489 1563 2636 1638; x_wconf 86' lang='grc'><strong>11113</strong></span> <span class='ocrx_word' id='word_1_103' title='bbox 2659 1563 3184 1638; x_wconf 69' lang='lat' dir='ltr'><strong>detrimentum</strong></span> <span class='ocrx_word' id='word_1_104' title='bbox 3223 1563 3636 1664; x_wconf 81' lang='lat' dir='ltr'><strong>accepisset,</strong></span> <span class='ocrx_word' id='word_1_105' title='bbox 3670 1582 3797 1630; x_wconf 87' lang='lat' dir='ltr'><strong>re-</strong></span> 
     </span>
     <span class='ocr_line' id='line_1_11' title="bbox 561 1659 3798 1787; baseline -0.002 -34"><span class='ocrx_word' id='word_1_106' title='bbox 561 1679 855 1784; x_wconf 76' lang='lat' dir='ltr'><strong>liquum</strong></span> <span class='ocrx_word' id='word_1_107' title='bbox 891 1704 1061 1755; x_wconf 87' lang='lat' dir='ltr'><strong>suae</strong></span> <span class='ocrx_word' id='word_1_108' title='bbox 1098 1685 1287 1759; x_wconf 81' lang='lat' dir='ltr'><strong>vitae</strong></span> <span class='ocrx_word' id='word_1_109' title='bbox 1324 1698 1613 1787; x_wconf 87' lang='lat' dir='ltr'><strong>tempus</strong></span> <span class='ocrx_word' id='word_1_110' title='bbox 1648 1659 2020 1756; x_wconf 72' lang='lat' dir='ltr'><strong>solitudini</strong></span> <span class='ocrx_word' id='word_1_111' title='bbox 2072 1684 2488 1773; x_wconf 79' lang='lat' dir='ltr'><strong>mandavit,</strong></span> <span class='ocrx_word' id='word_1_112' title='bbox 2547 1682 2675 1757; x_wconf 82' lang='lat' dir='ltr'><strong>ubi</strong></span> <span class='ocrx_word' id='word_1_113' title='bbox 2735 1681 2960 1787; x_wconf 85' lang='lat' dir='ltr'><strong>longo</strong></span> <span class='ocrx_word' id='word_1_114' title='bbox 3014 1684 3215 1755; x_wconf 87' lang='lat' dir='ltr'><strong>senio</strong></span> <span class='ocrx_word' id='word_1_115' title='bbox 3277 1678 3661 1765; x_wconf 87' lang='lat' dir='ltr'><strong>confecta,</strong></span> <span class='ocrx_word' id='word_1_116' title='bbox 3719 1688 3798 1747; x_wconf 84' lang='lat' dir='ltr'><strong>et</strong></span> 
     </span>
     <span class='ocr_line' id='line_1_12' title="bbox 574 1740 3795 1904; baseline -0.004 -30"><span class='ocrx_word' id='word_1_117' title='bbox 574 1795 876 1875; x_wconf 88' lang='lat' dir='ltr'><strong>vinculis</strong></span> <span class='ocrx_word' id='word_1_118' title='bbox 910 1801 1249 1904; x_wconf 82' lang='lat' dir='ltr'><strong>corporis</strong></span> <span class='ocrx_word' id='word_1_119' title='bbox 1280 1797 1571 1887; x_wconf 80' lang='lat' dir='ltr'><strong>soluta</strong></span> <span class='ocrx_word' id='word_1_120' title='bbox 1553 1828 1624 1872; x_wconf 81' lang='lat' dir='ltr'><strong>in</strong></span> <span class='ocrx_word' id='word_1_121' title='bbox 1667 1797 1963 1873; x_wconf 89' lang='lat' dir='ltr'><strong>Caelum</strong></span> <span class='ocrx_word' id='word_1_122' title='bbox 2003 1797 2289 1903; x_wconf 84' lang='lat' dir='ltr'><strong>placide</strong></span> <span class='ocrx_word' id='word_1_123' title='bbox 2329 1740 2658 1876; x_wconf 80' lang='lat' dir='ltr'><strong>evolavit.</strong></span> <span class='ocrx_word' id='word_1_124' title='bbox 2699 1800 2819 1873; x_wconf 87' lang='lat' dir='ltr'><strong>Ob</strong></span> <span class='ocrx_word' id='word_1_125' title='bbox 2887 1800 3066 1881; x_wconf 82' lang='lat' dir='ltr'><strong>haec</strong></span> <span class='ocrx_word' id='word_1_126' title='bbox 3126 1793 3486 1899; x_wconf 82' lang='lat' dir='ltr'><strong>Theologi</strong></span> <span class='ocrx_word' id='word_1_127' title='bbox 3546 1792 3795 1894; x_wconf 83' lang='lat' dir='ltr'><strong>inqui-</strong></span> 
     </span>
     <span class='ocr_line' id='line_1_13' title="bbox 488 1902 3797 2021; baseline -0.002 -30"><span class='ocrx_word' id='word_1_128' title='bbox 488 1954 495 1959; x_wconf 86' lang='grc'><em>·</em></span> <span class='ocrx_word' id='word_1_129' title='bbox 570 1932 809 2004; x_wconf 81' lang='lat' dir='ltr'><strong>runt,</strong></span> <span class='ocrx_word' id='word_1_130' title='bbox 845 1933 1093 1990; x_wconf 84' lang='lat' dir='ltr'><strong>utrum</strong></span> <span class='ocrx_word' id='word_1_131' title='bbox 1134 1920 1348 1990; x_wconf 79' lang='lat' dir='ltr'><strong>etiam</strong></span> <span class='ocrx_word' id='word_1_132' title='bbox 1386 1942 1587 1991; x_wconf 85' lang='grc'><strong>1111113</strong></span> <span class='ocrx_word' id='word_1_133' title='bbox 1622 1917 1783 1991; x_wconf 78' lang='lat' dir='ltr'><strong>Mai</strong></span> <span class='ocrx_word' id='word_1_134' title='bbox 1788 1919 1987 2020; x_wconf 79' lang='lat' dir='ltr'><strong>tyris</strong></span> <span class='ocrx_word' id='word_1_135' title='bbox 2003 1943 2272 1991; x_wconf 78' lang='lat' dir='ltr'><strong>nomen</strong></span> <span class='ocrx_word' id='word_1_136' title='bbox 2310 1936 2482 2021; x_wconf 82' lang='lat' dir='ltr'><strong>apte</strong></span> <span class='ocrx_word' id='word_1_137' title='bbox 2518 1919 2909 1993; x_wconf 82' lang='lat' dir='ltr'><strong>conveniat</strong></span> <span class='ocrx_word' id='word_1_138' title='bbox 2946 1916 3133 2006; x_wconf 86' lang='lat' dir='ltr'><strong>illis,</strong></span> <span class='ocrx_word' id='word_1_139' title='bbox 3183 1916 3313 2018; x_wconf 90' lang='lat' dir='ltr'><strong>qui</strong></span> <span class='ocrx_word' id='word_1_140' title='bbox 3341 1902 3797 2018; x_wconf 80' lang='lat' dir='ltr'><strong>superstites</strong></span> 
     </span>
     <span class='ocr_line' id='line_1_14' title="bbox 564 2029 3795 2145; baseline -0.002 -38"><span class='ocrx_word' id='word_1_141' title='bbox 564 2031 880 2107; x_wconf 73' lang='lat' dir='ltr'><strong>fuerunt</strong></span> <span class='ocrx_word' id='word_1_142' title='bbox 914 2035 1359 2107; x_wconf 84' lang='lat' dir='ltr'><strong>cruciatibus</strong></span> <span class='ocrx_word' id='word_1_143' title='bbox 1388 2087 1407 2127; x_wconf 87' lang='lat'><strong>,</strong></span> <span class='ocrx_word' id='word_1_144' title='bbox 1441 2048 1761 2137; x_wconf 80' lang='lat' dir='ltr'><strong>quorum</strong></span> <span class='ocrx_word' id='word_1_145' title='bbox 1799 2033 2196 2145; x_wconf 81' lang='lat' dir='ltr'><strong>acerbitate</strong></span> <span class='ocrx_word' id='word_1_146' title='bbox 2237 2041 2448 2111; x_wconf 83' lang='lat' dir='ltr'><strong>vitam</strong></span> <span class='ocrx_word' id='word_1_147' title='bbox 2479 2036 2951 2139; x_wconf 75' lang='lat' dir='ltr'><strong>profundere</strong></span> <span class='ocrx_word' id='word_1_148' title='bbox 2990 2034 3432 2119; x_wconf 87' lang='lat' dir='ltr'><strong>debuissent,</strong></span> <span class='ocrx_word' id='word_1_149' title='bbox 3467 2029 3590 2104; x_wconf 87' lang='lat' dir='ltr'><strong>sed</strong></span> <span class='ocrx_word' id='word_1_150' title='bbox 3628 2042 3795 2132; x_wconf 84' lang='lat' dir='ltr'><strong>post</strong></span> 
     </span>
     <span class='ocr_line' id='line_1_15' title="bbox 571 2138 3791 2257; baseline -0.002 -33"><span class='ocrx_word' id='word_1_151' title='bbox 571 2149 835 2239; x_wconf 82' lang='lat' dir='ltr'><strong>inultos</strong></span> <span class='ocrx_word' id='word_1_152' title='bbox 870 2174 1097 2242; x_wconf 79' lang='lat' dir='ltr'><strong>annos</strong></span> <span class='ocrx_word' id='word_1_153' title='bbox 1130 2149 1404 2226; x_wconf 86' lang='lat' dir='ltr'><strong>lectulo</strong></span> <span class='ocrx_word' id='word_1_154' title='bbox 1441 2168 1527 2225; x_wconf 87' lang='lat' dir='ltr'><strong>ut</strong></span> <span class='ocrx_word' id='word_1_155' title='bbox 1549 2150 1756 2253; x_wconf 84' lang='lat' dir='ltr'><strong>ajunt</strong></span> <span class='ocrx_word' id='word_1_156' title='bbox 1788 2176 1922 2225; x_wconf 87' lang='lat' dir='ltr'><strong>suo</strong></span> <span class='ocrx_word' id='word_1_157' title='bbox 1954 2138 2272 2252; x_wconf 76' lang='lat' dir='ltr'><strong>jacentes</strong></span> <span class='ocrx_word' id='word_1_158' title='bbox 2310 2160 2758 2257; x_wconf 82' lang='lat' dir='ltr'><strong>postremum</strong></span> <span class='ocrx_word' id='word_1_159' title='bbox 2798 2152 2989 2226; x_wconf 88' lang='lat' dir='ltr'><strong>‹liem</strong></span> <span class='ocrx_word' id='word_1_160' title='bbox 3018 2153 3393 2241; x_wconf 88' lang='lat' dir='ltr'><strong>obierunt,</strong></span> <span class='ocrx_word' id='word_1_161' title='bbox 3427 2166 3503 2223; x_wconf 87' lang='lat' dir='ltr'><strong>et</strong></span> <span class='ocrx_word' id='word_1_162' title='bbox 3534 2163 3791 2222; x_wconf 86' lang='lat' dir='ltr'><strong>utrum</strong></span> 
     </span>
     <span class='ocr_line' id='line_1_16' title="bbox 571 2254 3795 2381; baseline -0.002 -39"><span class='ocrx_word' id='word_1_163' title='bbox 571 2272 720 2342; x_wconf 80' lang='lat' dir='ltr'><strong>ritu</strong></span> <span class='ocrx_word' id='word_1_164' title='bbox 759 2266 1057 2345; x_wconf 80' lang='lat' dir='ltr'><strong>solemni</strong></span> <span class='ocrx_word' id='word_1_165' title='bbox 1088 2272 1312 2371; x_wconf 83' lang='lat' dir='ltr'><strong>etiam</strong></span> <span class='ocrx_word' id='word_1_166' title='bbox 1351 2295 1550 2343; x_wconf 91' lang='lat' dir='ltr'><strong>nunc</strong></span> <span class='ocrx_word' id='word_1_167' title='bbox 1588 2275 1785 2343; x_wconf 85' lang='lat' dir='ltr'><strong>inter</strong></span> <span class='ocrx_word' id='word_1_168' title='bbox 1819 2285 2103 2342; x_wconf 88' lang='lat' dir='ltr'><strong>sanctos</strong></span> <span class='ocrx_word' id='word_1_169' title='bbox 2137 2273 2211 2345; x_wconf 91' lang='lat' dir='ltr'>M</span> <span class='ocrx_word' id='word_1_170' title='bbox 2216 2287 2500 2381; x_wconf 79' lang='lat' dir='ltr'><strong>·irtyres</strong></span> <span class='ocrx_word' id='word_1_171' title='bbox 2538 2272 2900 2345; x_wconf 81' lang='lat' dir='ltr'><strong>recenseri</strong></span> <span class='ocrx_word' id='word_1_172' title='bbox 2941 2273 3240 2373; x_wconf 81' lang='lat' dir='ltr'><strong>possint.</strong></span> <span class='ocrx_word' id='word_1_173' title='bbox 3281 2262 3653 2343; x_wconf 87' lang='lat' dir='ltr'><strong>Nonnulli</strong></span> <span class='ocrx_word' id='word_1_174' title='bbox 3720 2254 3795 2337; x_wconf 78' lang='lat' dir='ltr'><strong>id</strong></span> 
     </span>
     <span class='ocr_line' id='line_1_17' title="bbox 572 2382 3790 2493; baseline -0.002 -33"><span class='ocrx_word' id='word_1_175' title='bbox 572 2384 732 2461; x_wconf 83' lang='lat' dir='ltr'><strong>fieri</strong></span> <span class='ocrx_word' id='word_1_176' title='bbox 766 2411 974 2493; x_wconf 82' lang='lat' dir='ltr'><strong>posse</strong></span> <span class='ocrx_word' id='word_1_177' title='bbox 1011 2404 1505 2476; x_wconf 83' lang='lat' dir='ltr'><strong>censuerunt3</strong></span> <span class='ocrx_word' id='word_1_178' title='bbox 1545 2403 1776 2489; x_wconf 87' lang='lat' dir='ltr'><strong>utque</strong></span> <span class='ocrx_word' id='word_1_179' title='bbox 1812 2387 2067 2463; x_wconf 85' lang='lat' dir='ltr'><strong>obviae</strong></span> <span class='ocrx_word' id='word_1_180' title='bbox 2106 2405 2503 2463; x_wconf 86' lang='lat' dir='ltr'><strong>occurrant</strong></span> <span class='ocrx_word' id='word_1_181' title='bbox 2542 2386 3011 2478; x_wconf 82' lang='lat' dir='ltr'><strong>difficultati,</strong></span> <span class='ocrx_word' id='word_1_182' title='bbox 3047 2412 3314 2490; x_wconf 82' lang='lat' dir='ltr'><strong>nempe</strong></span> <span class='ocrx_word' id='word_1_183' title='bbox 3348 2382 3637 2486; x_wconf 89' lang='lat' dir='ltr'><strong>reliquo</strong></span> <span class='ocrx_word' id='word_1_184' title='bbox 3677 2383 3790 2457; x_wconf 78' lang='lat' dir='ltr'><strong>vi·-</strong></span> 
     </span>
     <span class='ocr_line' id='line_1_18' title="bbox 567 2502 3790 2610; baseline -0.002 -30"><span class='ocrx_word' id='word_1_185' title='bbox 567 2519 683 2580; x_wconf 85' lang='lat' dir='ltr'><strong>tae</strong></span> <span class='ocrx_word' id='word_1_186' title='bbox 725 2508 959 2610; x_wconf 79' lang='lat' dir='ltr'><strong>spatio</strong></span> <span class='ocrx_word' id='word_1_187' title='bbox 995 2507 1365 2607; x_wconf 84' lang='lat' dir='ltr'><strong>inquinari</strong></span> <span class='ocrx_word' id='word_1_188' title='bbox 1403 2507 1723 2608; x_wconf 81' lang='lat' dir='ltr'><strong>potuisse</strong></span> <span class='ocrx_word' id='word_1_189' title='bbox 1759 2508 2039 2608; x_wconf 80' lang='lat' dir='ltr'><strong>peccati</strong></span> <span class='ocrx_word' id='word_1_190' title='bbox 2078 2502 2248 2579; x_wconf 83' lang='lat' dir='ltr'><strong>labe</strong></span> <span class='ocrx_word' id='word_1_191' title='bbox 2288 2530 2463 2595; x_wconf 84' lang='lat' dir='ltr'><strong>eos,</strong></span> <span class='ocrx_word' id='word_1_192' title='bbox 2519 2509 2650 2607; x_wconf 89' lang='lat' dir='ltr'><strong>qui</strong></span> <span class='ocrx_word' id='word_1_193' title='bbox 2710 2521 2879 2609; x_wconf 84' lang='lat' dir='ltr'><strong>post</strong></span> <span class='ocrx_word' id='word_1_194' title='bbox 2936 2519 3304 2591; x_wconf 82' lang='lat' dir='ltr'><strong>tormenta</strong></span> <span class='ocrx_word' id='word_1_195' title='bbox 3367 2502 3790 2605; x_wconf 73' lang='lat' dir='ltr'><strong>superstites</strong></span> 
     </span>
     <span class='ocr_line' id='line_1_19' title="bbox 570 2613 3791 2725; baseline -0.001 -28"><span class='ocrx_word' id='word_1_196' title='bbox 570 2620 935 2713; x_wconf 84' lang='lat' dir='ltr'><strong>fuerunt,</strong></span> <span class='ocrx_word' id='word_1_197' title='bbox 970 2613 1437 2725; x_wconf 83' lang='lat' dir='ltr'><strong>respondent</strong></span> <span class='ocrx_word' id='word_1_198' title='bbox 1469 2620 1758 2697; x_wconf 86' lang='lat' dir='ltr'><strong>divinae</strong></span> <span class='ocrx_word' id='word_1_199' title='bbox 1792 2621 2117 2695; x_wconf 85' lang='lat' dir='ltr'><strong>bonitati</strong></span> <span class='ocrx_word' id='word_1_200' title='bbox 2138 2639 2463 2697; x_wconf 84' lang='lat' dir='ltr'><strong>consent</strong></span> <span class='ocrx_word' id='word_1_201' title='bbox 2448 2646 2712 2696; x_wconf 85' lang='lat' dir='ltr'><strong>meum</strong></span> <span class='ocrx_word' id='word_1_202' title='bbox 2741 2616 2984 2700; x_wconf 87' lang='lat' dir='ltr'><strong>videri</strong></span> <span class='ocrx_word' id='word_1_203' title='bbox 3018 2676 3041 2713; x_wconf 89' lang='lat'><strong>,</strong></span> <span class='ocrx_word' id='word_1_204' title='bbox 3074 2619 3280 2724; x_wconf 86' lang='lat' dir='ltr'><strong>quod</strong></span> <span class='ocrx_word' id='word_1_205' title='bbox 3305 2644 3474 2695; x_wconf 80' lang='lat' dir='ltr'><strong>eos</strong></span> <span class='ocrx_word' id='word_1_206' title='bbox 3487 2624 3564 2694; x_wconf 89' lang='lat' dir='ltr'><strong>in</strong></span> <span class='ocrx_word' id='word_1_207' title='bbox 3619 2640 3791 2693; x_wconf 83' lang='lat' dir='ltr'><strong>cac-</strong></span> 
     </span>
     <span class='ocr_line' id='line_1_20' title="bbox 567 2736 3793 2843; baseline -0.002 -29"><span class='ocrx_word' id='word_1_208' title='bbox 567 2737 747 2814; x_wconf 76' lang='lat' dir='ltr'><strong>lesti‘</strong></span> <span class='ocrx_word' id='word_1_209' title='bbox 763 2742 996 2843; x_wconf 81' lang='lat' dir='ltr'><strong>gratia</strong></span> <span class='ocrx_word' id='word_1_210' title='bbox 1034 2737 1470 2829; x_wconf 85' lang='lat' dir='ltr'><strong>confirmet,</strong></span> <span class='ocrx_word' id='word_1_211' title='bbox 1502 2742 1638 2841; x_wconf 80' lang='lat' dir='ltr'><strong>qui</strong></span> <span class='ocrx_word' id='word_1_212' title='bbox 1678 2736 2021 2842; x_wconf 78' lang='lat' dir='ltr'><strong>singulari</strong></span> <span class='ocrx_word' id='word_1_213' title='bbox 2058 2760 2190 2813; x_wconf 87' lang='lat' dir='ltr'><strong>suo</strong></span> <span class='ocrx_word' id='word_1_214' title='bbox 2228 2740 2586 2815; x_wconf 86' lang='lat' dir='ltr'><strong>beneficio</strong></span> <span class='ocrx_word' id='word_1_215' title='bbox 2638 2736 2780 2817; x_wconf 84' lang='lat' dir='ltr'><strong>vim</strong></span> <span class='ocrx_word' id='word_1_216' title='bbox 2854 2754 3397 2814; x_wconf 84' lang='lat' dir='ltr'><strong>tormentorum</strong></span> <span class='ocrx_word' id='word_1_217' title='bbox 3460 2752 3793 2811; x_wconf 87' lang='lat' dir='ltr'><strong>certum-</strong></span> 
     </span>
     <span class='ocr_line' id='line_1_21' title="bbox 484 2832 3789 2972; baseline -0.002 -39"><span class='ocrx_word' id='word_1_218' title='bbox 484 2926 527 2961; x_wconf 20' lang='lat'><strong>,2</strong></span> <span class='ocrx_word' id='word_1_219' title='bbox 564 2878 713 2959; x_wconf 88' lang='lat' dir='ltr'><strong>que</strong></span> <span class='ocrx_word' id='word_1_220' title='bbox 752 2858 1004 2929; x_wconf 84' lang='lat' dir='ltr'><strong>mortis</strong></span> <span class='ocrx_word' id='word_1_221' title='bbox 1038 2854 1474 2972; x_wconf 72' lang='lat' dir='ltr'><strong>discrimen,</strong></span> <span class='ocrx_word' id='word_1_222' title='bbox 1512 2853 1716 2969; x_wconf 87' lang='lat' dir='ltr'><strong>quod</strong></span> <span class='ocrx_word' id='word_1_223' title='bbox 1753 2872 1893 2959; x_wconf 86' lang='lat' dir='ltr'><strong>pro</strong></span> <span class='ocrx_word' id='word_1_224' title='bbox 1931 2855 2220 2932; x_wconf 81' lang='lat' dir='ltr'><strong>Christo</strong></span> <span class='ocrx_word' id='word_1_225' title='bbox 2256 2832 2683 2949; x_wconf 82' lang='lat' dir='ltr'><strong>subierant,</strong></span> <span class='ocrx_word' id='word_1_226' title='bbox 2716 2870 3278 2963; x_wconf 84' lang='lat' dir='ltr'><strong>superaverunt.</strong></span> <span class='ocrx_word' id='word_1_227' title='bbox 3313 2856 3464 2935; x_wconf 85' lang='lat' dir='ltr'><strong>Nos</strong></span> <span class='ocrx_word' id='word_1_228' title='bbox 3497 2854 3590 2930; x_wconf 91' lang='lat' dir='ltr'><strong>de</strong></span> <span class='ocrx_word' id='word_1_229' title='bbox 3653 2854 3789 2929; x_wconf 88' lang='lat' dir='ltr'><strong>bac</strong></span> 
     </span>
     <span class='ocr_line' id='line_1_22' title="bbox 540 2960 3782 3079; baseline -0 -32"><span class='ocrx_word' id='word_1_230' title='bbox 540 2974 718 3078; x_wconf 75' lang='lat' dir='ltr'><strong>ipsa</strong></span> <span class='ocrx_word' id='word_1_231' title='bbox 756 2999 839 3047; x_wconf 92' lang='lat' dir='ltr'><strong>re</strong></span> <span class='ocrx_word' id='word_1_232' title='bbox 875 2971 1105 3047; x_wconf 81' lang='lat' dir='ltr'><strong>fusius</strong></span> <span class='ocrx_word' id='word_1_233' title='bbox 1137 2960 1410 3076; x_wconf 80' lang='lat' dir='ltr'><strong>egimus</strong></span> <span class='ocrx_word' id='word_1_234' title='bbox 1446 2972 1529 3050; x_wconf 82' lang='lat' dir='ltr'><strong>in</strong></span> <span class='ocrx_word' id='word_1_235' title='bbox 1557 2973 1820 3045; x_wconf 88' lang='lat' dir='ltr'><strong>nostris</strong></span> <span class='ocrx_word' id='word_1_236' title='bbox 1864 2962 2416 3051; x_wconf 79' lang='lat' dir='ltr'><strong>Commentariis</strong></span> <span class='ocrx_word' id='word_1_237' title='bbox 2471 2979 2566 3053; x_wconf 81' lang='lat' dir='ltr'><strong>de</strong></span> <span class='ocrx_word' id='word_1_238' title='bbox 2636 2980 2965 3079; x_wconf 60' lang='lat' dir='ltr'><strong>Canon&amp;</strong></span> <span class='ocrx_word' id='word_1_239' title='bbox 2960 2984 3222 3052; x_wconf 79' lang='lat' dir='ltr'><strong>atione</strong></span> <span class='ocrx_word' id='word_1_240' title='bbox 3282 2976 3782 3060; x_wconf 78' lang='lat' dir='ltr'><strong>Sanctorum</strong></span> 
     </span>
    </p>

    <p class='ocr_par' dir='ltr' id='par_1_3' title="bbox 542 3072 3794 3196">
     <span class='ocr_line' id='line_1_23' title="bbox 542 3072 3794 3196; baseline -0.001 -30"><span class='ocrx_word' id='word_1_241' title='bbox 542 3091 693 3167; x_wconf 83' lang='lat' dir='ltr'><strong>ubi</strong></span> <span class='ocrx_word' id='word_1_242' title='bbox 733 3090 1042 3165; x_wconf 79' lang='lat' dir='ltr'><strong>Sanctae</strong></span> <span class='ocrx_word' id='word_1_243' title='bbox 1079 3089 1285 3166; x_wconf 85' lang='lat' dir='ltr'><strong>Sedis</strong></span> <span class='ocrx_word' id='word_1_244' title='bbox 1319 3086 1777 3193; x_wconf 84' lang='lat' dir='ltr'><strong>Apostolicae</strong></span> <span class='ocrx_word' id='word_1_245' title='bbox 1811 3091 2323 3174; x_wconf 84' lang='lat' dir='ltr'><strong>consuetudini</strong></span> <span class='ocrx_word' id='word_1_246' title='bbox 2365 3072 2825 3168; x_wconf 81' lang='lat' dir='ltr'><strong>inhaerentes</strong></span> <span class='ocrx_word' id='word_1_247' title='bbox 2852 3090 3068 3196; x_wconf 79' lang='lat' dir='ltr'><strong>plane</strong></span> <span class='ocrx_word' id='word_1_248' title='bbox 3098 3089 3578 3181; x_wconf 82' lang='lat' dir='ltr'><strong>ostendimus,</strong></span> <span class='ocrx_word' id='word_1_249' title='bbox 3589 3091 3794 3164; x_wconf 80' lang='lat' dir='ltr'><strong>Mar-</strong></span> 
     </span>
    </p>

    <p class='ocr_par' dir='ltr' id='par_1_4' title="bbox 448 3187 3788 5547">
     <span class='ocr_line' id='line_1_24' title="bbox 502 3187 3788 3313; baseline -0 -31"><span class='ocrx_word' id='word_1_250' title='bbox 502 3220 507 3226; x_wconf 85' lang='lat'>&#39;</span> <span class='ocrx_word' id='word_1_251' title='bbox 564 3212 750 3313; x_wconf 80' lang='lat' dir='ltr'><strong>tyris</strong></span> <span class='ocrx_word' id='word_1_252' title='bbox 778 3187 1070 3282; x_wconf 85' lang='lat' dir='ltr'><strong>titulum</strong></span> <span class='ocrx_word' id='word_1_253' title='bbox 1109 3210 1400 3282; x_wconf 79' lang='lat' dir='ltr'><strong>minime</strong></span> <span class='ocrx_word' id='word_1_254' title='bbox 1440 3206 1658 3282; x_wconf 85' lang='lat' dir='ltr'><strong>hodie</strong></span> <span class='ocrx_word' id='word_1_255' title='bbox 1703 3187 2232 3302; x_wconf 82' lang='lat' dir='ltr'><strong>tribuendum,</strong></span> <span class='ocrx_word' id='word_1_256' title='bbox 2267 3215 2398 3285; x_wconf 80' lang='lat' dir='ltr'><strong>nisi</strong></span> <span class='ocrx_word' id='word_1_257' title='bbox 2439 3238 2633 3286; x_wconf 88' lang='lat' dir='ltr'><strong>mors</strong></span> <span class='ocrx_word' id='word_1_258' title='bbox 2669 3214 3155 3285; x_wconf 85' lang='lat' dir='ltr'><strong>intercesserit</strong></span> <span class='ocrx_word' id='word_1_259' title='bbox 3191 3214 3266 3284; x_wconf 91' lang='lat' dir='ltr'><strong>in</strong></span> <span class='ocrx_word' id='word_1_260' title='bbox 3309 3207 3558 3283; x_wconf 86' lang='lat' dir='ltr'><strong>odium</strong></span> <span class='ocrx_word' id='word_1_261' title='bbox 3579 3208 3788 3281; x_wconf 79' lang='lat' dir='ltr'><strong>chri-</strong></span> 
     </span>
     <span class='ocr_line' id='line_1_25' title="bbox 448 3323 3788 3434; baseline -0.002 -28"><span class='ocrx_word' id='word_1_262' title='bbox 448 3387 479 3406; x_wconf 43' lang='grc'><strong>(</strong></span> <span class='ocrx_word' id='word_1_263' title='bbox 561 3327 853 3402; x_wconf 79' lang='lat' dir='ltr'><strong>stianae</strong></span> <span class='ocrx_word' id='word_1_264' title='bbox 870 3326 1072 3401; x_wconf 85' lang='lat' dir='ltr'><strong>Fidei</strong></span> <span class='ocrx_word' id='word_1_265' title='bbox 1107 3380 1129 3417; x_wconf 90' lang='lat'>‚</span> <span class='ocrx_word' id='word_1_266' title='bbox 1154 3351 1382 3429; x_wconf 86' lang='lat' dir='ltr'><strong>quam</strong></span> <span class='ocrx_word' id='word_1_267' title='bbox 1422 3323 1820 3429; x_wconf 76' lang='lat' dir='ltr'><strong>Tyrannus</strong></span> <span class='ocrx_word' id='word_1_268' title='bbox 1855 3324 2235 3420; x_wconf 81' lang='lat' dir='ltr'><strong>intulerit,</strong></span> <span class='ocrx_word' id='word_1_269' title='bbox 2271 3345 2360 3404; x_wconf 88' lang='lat' dir='ltr'><strong>et</strong></span> <span class='ocrx_word' id='word_1_270' title='bbox 2381 3332 2670 3434; x_wconf 81' lang='lat' dir='ltr'><strong>Martyr</strong></span> <span class='ocrx_word' id='word_1_271' title='bbox 2706 3329 2803 3403; x_wconf 87' lang='lat' dir='ltr'><strong>ob</strong></span> <span class='ocrx_word' id='word_1_272' title='bbox 2839 3327 3138 3402; x_wconf 88' lang='lat' dir='ltr'><strong>eandem</strong></span> <span class='ocrx_word' id='word_1_273' title='bbox 3203 3345 3484 3401; x_wconf 85' lang='lat' dir='ltr'><strong>causam</strong></span> <span class='ocrx_word' id='word_1_274' title='bbox 3541 3350 3788 3400; x_wconf 86' lang='lat' dir='ltr'><strong>susce-</strong></span> 
     </span>
     <span class='ocr_line' id='line_1_26' title="bbox 560 3440 3782 3554; baseline -0 -36.999"><span class='ocrx_word' id='word_1_275' title='bbox 560 3449 810 3548; x_wconf 86' lang='lat' dir='ltr'><strong>perit,</strong></span> <span class='ocrx_word' id='word_1_276' title='bbox 832 3442 1234 3548; x_wconf 84' lang='lat' dir='ltr'><strong>fortique</strong></span> <span class='ocrx_word' id='word_1_277' title='bbox 1211 3444 1451 3518; x_wconf 88' lang='lat' dir='ltr'><strong>animo</strong></span> <span class='ocrx_word' id='word_1_278' title='bbox 1488 3440 1929 3546; x_wconf 80' lang='lat' dir='ltr'><strong>pertulerit3</strong></span> <span class='ocrx_word' id='word_1_279' title='bbox 1967 3467 2105 3516; x_wconf 90' lang='lat' dir='ltr'><strong>nec</strong></span> <span class='ocrx_word' id='word_1_280' title='bbox 2138 3463 2227 3534; x_wconf 90' lang='lat' dir='ltr'><strong>ut</strong></span> <span class='ocrx_word' id='word_1_281' title='bbox 2260 3447 2352 3538; x_wconf 77' lang='lat' dir='ltr'><strong>ab</strong></span> <span class='ocrx_word' id='word_1_282' title='bbox 2377 3448 2526 3532; x_wconf 81' lang='lat' dir='ltr'><strong>hac</strong></span> <span class='ocrx_word' id='word_1_283' title='bbox 2559 3443 2933 3554; x_wconf 85' lang='lat' dir='ltr'><strong>disciplina</strong></span> <span class='ocrx_word' id='word_1_284' title='bbox 2969 3444 3409 3537; x_wconf 84' lang='lat' dir='ltr'><strong>recedatur,</strong></span> <span class='ocrx_word' id='word_1_285' title='bbox 3442 3440 3782 3538; x_wconf 77' lang='lat' dir='ltr'><strong>sufficere</strong></span> 
     </span>
     <span class='ocr_line' id='line_1_27' title="bbox 520 3547 3782 3668; baseline -0 -33"><span class='ocrx_word' id='word_1_286' title='bbox 520 3559 889 3666; x_wconf 81' lang='lat' dir='ltr'><strong>-exempla</strong></span> <span class='ocrx_word' id='word_1_287' title='bbox 924 3590 964 3634; x_wconf 91' lang='lat' dir='ltr'><strong>a</strong></span> <span class='ocrx_word' id='word_1_288' title='bbox 984 3586 1202 3639; x_wconf 69' lang='grc'><strong>,133311</strong></span> <span class='ocrx_word' id='word_1_289' title='bbox 1237 3559 1533 3663; x_wconf 87' lang='lat' dir='ltr'><strong>quidem</strong></span> <span class='ocrx_word' id='word_1_290' title='bbox 1575 3547 2015 3664; x_wconf 84' lang='lat' dir='ltr'><strong>antiquitate</strong></span> <span class='ocrx_word' id='word_1_291' title='bbox 2075 3560 2513 3668; x_wconf 81' lang='lat' dir='ltr'><strong>desumpta,</strong></span> <span class='ocrx_word' id='word_1_292' title='bbox 2558 3563 2688 3640; x_wconf 87' lang='lat' dir='ltr'><strong>sed</strong></span> <span class='ocrx_word' id='word_1_293' title='bbox 2753 3590 2984 3667; x_wconf 83' lang='lat' dir='ltr'><strong>quae</strong></span> <span class='ocrx_word' id='word_1_294' title='bbox 3003 3562 3500 3667; x_wconf 85' lang='lat' dir='ltr'><strong>prodierunt,</strong></span> <span class='ocrx_word' id='word_1_295' title='bbox 3569 3576 3782 3636; x_wconf 89' lang='lat' dir='ltr'><strong>ante-</strong></span> 
     </span>
     <span class='ocr_line' id='line_1_28' title="bbox 559 3674 3781 3783; baseline 0.001 -31"><span class='ocrx_word' id='word_1_296' title='bbox 559 3705 793 3783; x_wconf 88' lang='lat' dir='ltr'><strong>quam</strong></span> <span class='ocrx_word' id='word_1_297' title='bbox 817 3676 995 3752; x_wconf 83' lang='lat' dir='ltr'><strong>aliae</strong></span> <span class='ocrx_word' id='word_1_298' title='bbox 1026 3674 1275 3781; x_wconf 84' lang='lat' dir='ltr'><strong>leges&#39;</strong></span> <span class='ocrx_word' id='word_1_299' title='bbox 1255 3679 1643 3780; x_wconf 68' lang='lat' dir='ltr'><strong>justissimis</strong></span> <span class='ocrx_word' id='word_1_300' title='bbox 1676 3677 1770 3753; x_wconf 89' lang='lat' dir='ltr'><strong>de</strong></span> <span class='ocrx_word' id='word_1_301' title='bbox 1805 3682 2043 3764; x_wconf 78' lang='lat' dir='ltr'><strong>causis</strong></span> <span class='ocrx_word' id='word_1_302' title='bbox 2065 3680 2165 3754; x_wconf 85' lang='lat' dir='ltr'><strong>ab</strong></span> <span class='ocrx_word' id='word_1_303' title='bbox 2185 3679 2522 3755; x_wconf 83' lang='lat' dir='ltr'><strong>Ecclesia</strong></span> <span class='ocrx_word' id='word_1_304' title='bbox 2530 3678 2823 3765; x_wconf 78' lang='lat' dir='ltr'><strong>fuerint</strong></span> <span class='ocrx_word' id='word_1_305' title='bbox 2845 3695 3198 3754; x_wconf 84' lang='lat' dir='ltr'><strong>statutae·</strong></span> <span class='ocrx_word' id='word_1_306' title='bbox 3183 3731 3202 3768; x_wconf 85' lang='lat'><strong><em>‚</em></strong></span> <span class='ocrx_word' id='word_1_307' title='bbox 3236 3695 3364 3752; x_wconf 88' lang='lat' dir='ltr'><strong>aut</strong></span> <span class='ocrx_word' id='word_1_308' title='bbox 3387 3703 3781 3783; x_wconf 83' lang='lat' dir='ltr'><strong>argumen-</strong></span> 
     </span>
     <span class='ocr_line' id='line_1_29' title="bbox 562 3793 3780 3908; baseline -0 -38"><span class='ocrx_word' id='word_1_309' title='bbox 562 3813 683 3887; x_wconf 87' lang='lat' dir='ltr'><strong>ta,</strong></span> <span class='ocrx_word' id='word_1_310' title='bbox 720 3821 910 3899; x_wconf 84' lang='lat' dir='ltr'><strong>quae</strong></span> <span class='ocrx_word' id='word_1_311' title='bbox 948 3797 1084 3899; x_wconf 89' lang='lat' dir='ltr'><strong>piis</strong></span> <span class='ocrx_word' id='word_1_312' title='bbox 1122 3793 1215 3870; x_wconf 85' lang='lat' dir='ltr'><strong>ab</strong></span> <span class='ocrx_word' id='word_1_313' title='bbox 1250 3795 1669 3869; x_wconf 78' lang='lat' dir='ltr'><strong>hominibus</strong></span> <span class='ocrx_word' id='word_1_314' title='bbox 1704 3800 1997 3901; x_wconf 56' lang='lat' dir='ltr'><strong>potius),</strong></span> <span class='ocrx_word' id='word_1_315' title='bbox 2032 3822 2256 3908; x_wconf 68' lang='lat' dir='ltr'><strong>quani</strong></span> <span class='ocrx_word' id='word_1_316' title='bbox 2291 3807 2333 3871; x_wconf 81' lang='lat' dir='ltr'><strong>a</strong></span> <span class='ocrx_word' id='word_1_317' title='bbox 2370 3801 2624 3903; x_wconf 84' lang='lat' dir='ltr'><strong>peritis</strong></span> <span class='ocrx_word' id='word_1_318' title='bbox 2657 3796 3054 3901; x_wconf 78' lang='lat' dir='ltr'><strong>Theologis</strong></span> <span class='ocrx_word' id='word_1_319' title='bbox 3071 3798 3482 3900; x_wconf 76' lang='lat' dir='ltr'><strong>excogitata</strong></span> <span class='ocrx_word' id='word_1_320' title='bbox 3522 3793 3780 3871; x_wconf 77' lang='lat' dir='ltr'><strong>viden-</strong></span> 
     </span>
     <span class='ocr_line' id='line_1_30' title="bbox 563 3897 3780 4018; baseline -0.001 -30"><span class='ocrx_word' id='word_1_321' title='bbox 563 3930 711 3988; x_wconf 89' lang='lat' dir='ltr'><strong>tur.</strong></span> <span class='ocrx_word' id='word_1_322' title='bbox 739 3916 1233 4018; x_wconf 87' lang='lat' dir='ltr'><strong>Quapropter</strong></span> <span class='ocrx_word' id='word_1_323' title='bbox 1268 3935 1433 4001; x_wconf 82' lang='lat' dir='ltr'><strong>cum</strong></span> <span class='ocrx_word' id='word_1_324' title='bbox 1472 3897 1769 3988; x_wconf 85' lang='lat' dir='ltr'><strong>adbuc</strong></span> <span class='ocrx_word' id='word_1_325' title='bbox 1750 3941 1824 3988; x_wconf 86' lang='grc'><strong>111</strong></span> <span class='ocrx_word' id='word_1_326' title='bbox 1861 3901 2264 3990; x_wconf 79' lang='lat' dir='ltr'><strong>minoribus</strong></span> <span class='ocrx_word' id='word_1_327' title='bbox 2300 3918 2402 3998; x_wconf 89' lang='grc' dir='ltr'><strong>Ρι</strong></span> <span class='ocrx_word' id='word_1_328' title='bbox 2405 3918 2754 3992; x_wconf 69' lang='grc'><strong>0111010113</strong></span> <span class='ocrx_word' id='word_1_329' title='bbox 2785 3914 2990 3990; x_wconf 86' lang='lat' dir='ltr'><strong>Fidei</strong></span> <span class='ocrx_word' id='word_1_330' title='bbox 3029 3935 3292 3989; x_wconf 79' lang='lat' dir='ltr'><strong>munus</strong></span> <span class='ocrx_word' id='word_1_331' title='bbox 3322 3937 3780 4018; x_wconf 79' lang='lat' dir='ltr'><strong>gereremus,</strong></span> 
     </span>
     <span class='ocr_line' id='line_1_31' title="bbox 562 4026 3775 4140; baseline -0 -34"><span class='ocrx_word' id='word_1_332' title='bbox 562 4047 639 4106; x_wconf 91' lang='lat' dir='ltr'><strong>et</strong></span> <span class='ocrx_word' id='word_1_333' title='bbox 680 4033 908 4106; x_wconf 86' lang='lat' dir='ltr'><strong>Causa</strong></span> <span class='ocrx_word' id='word_1_334' title='bbox 942 4031 1125 4105; x_wconf 86' lang='lat' dir='ltr'><strong>haec</strong></span> <span class='ocrx_word' id='word_1_335' title='bbox 1160 4030 1351 4105; x_wconf 89' lang='lat' dir='ltr'><strong>b&#39;eati</strong></span> <span class='ocrx_word' id='word_1_336' title='bbox 1386 4026 1685 4135; x_wconf 82' lang='lat' dir='ltr'><strong>Josephi</strong></span> <span class='ocrx_word' id='word_1_337' title='bbox 1719 4061 1781 4105; x_wconf 90' lang='lat' dir='ltr'><strong>a·</strong></span> <span class='ocrx_word' id='word_1_338' title='bbox 1769 4033 2133 4107; x_wconf 79' lang='lat' dir='ltr'><strong>·Leonissa</strong></span> <span class='ocrx_word' id='word_1_339' title='bbox 2172 4037 2386 4109; x_wconf 88' lang='lat' dir='ltr'><strong>initio</strong></span> <span class='ocrx_word' id='word_1_340' title='bbox 2407 4034 2742 4140; x_wconf 88' lang='lat' dir='ltr'><strong>proponi</strong></span> <span class='ocrx_word' id='word_1_341' title='bbox 2777 4028 3177 4137; x_wconf 76' lang='lat' dir='ltr'><strong>coepisset‘,</strong></span> <span class='ocrx_word' id='word_1_342' title='bbox 3214 4058 3476 4136; x_wconf 77' lang='lat' dir='ltr'><strong>magno</strong></span> <span class='ocrx_word' id='word_1_343' title='bbox 3535 4029 3775 4105; x_wconf 84' lang='lat' dir='ltr'><strong>studio</strong></span> 
     </span>
     <span class='ocr_line' id='line_1_32' title="bbox 530 4131 3776 4256; baseline -0 -31"><span class='ocrx_word' id='word_1_344' title='bbox 530 4149 1075 4238; x_wconf 59' lang='lat' dir='ltr'><strong>contendimus</strong></span> <span class='ocrx_word' id='word_1_345' title='bbox 1107 4165 1330 4252; x_wconf 77' lang='lat' dir='ltr'><strong>atque</strong></span> <span class='ocrx_word' id='word_1_346' title='bbox 1371 4148 1867 4241; x_wconf 80' lang='lat' dir='ltr'><strong>obtinuimus,</strong></span> <span class='ocrx_word' id='word_1_347' title='bbox 1898 4167 1987 4224; x_wconf 89' lang='lat' dir='ltr'><strong>ut</strong></span> <span class='ocrx_word' id='word_1_348' title='bbox 2020 4149 2115 4226; x_wconf 91' lang='lat' dir='ltr'><strong>de</strong></span> <span class='ocrx_word' id='word_1_349' title='bbox 2150 4131 2276 4228; x_wconf 78' lang='lat' dir='ltr'><strong>illa-</strong></span> <span class='ocrx_word' id='word_1_350' title='bbox 2304 4168 2653 4256; x_wconf 82' lang='lat' dir='ltr'><strong>tanquam</strong></span> <span class='ocrx_word' id='word_1_351' title='bbox 2691 4150 2785 4227; x_wconf 90' lang='lat' dir='ltr'><strong>de</strong></span> <span class='ocrx_word' id='word_1_352' title='bbox 2822 4177 3028 4226; x_wconf 86' lang='lat' dir='ltr'><strong>causa</strong></span> <span class='ocrx_word' id='word_1_353' title='bbox 3070 4149 3567 4241; x_wconf 75' lang='lat' dir='ltr'><strong>ConfessoriS,</strong></span> <span class='ocrx_word' id='word_1_354' title='bbox 3620 4175 3776 4224; x_wconf 90' lang='lat' dir='ltr'><strong>non</strong></span> 
     </span>
     <span class='ocr_line' id='line_1_33' title="bbox 560 4267 3778 4375; baseline 0 -32"><span class='ocrx_word' id='word_1_355' title='bbox 560 4273 739 4344; x_wconf 81' lang='lat' dir='ltr'><strong>vero</strong></span> <span class='ocrx_word' id='word_1_356' title='bbox 774 4269 1123 4370; x_wconf 82' lang='lat' dir='ltr'><strong>Martyris</strong></span> <span class='ocrx_word' id='word_1_357' title='bbox 1156 4281 1551 4370; x_wconf 76' lang='lat' dir='ltr'><strong>ageretur,</strong></span> <span class='ocrx_word' id='word_1_358' title='bbox 1582 4269 1889 4362; x_wconf 77' lang='lat' dir='ltr'><strong>etiamsi</strong></span> <span class='ocrx_word' id='word_1_359' title='bbox 1899 4267 2177 4342; x_wconf 84' lang='lat' dir='ltr'><strong>beatus</strong></span> <span class='ocrx_word' id='word_1_360' title='bbox 2189 4271 2237 4344; x_wconf 87' lang='lat' dir='ltr'><strong>J</strong></span> <span class='ocrx_word' id='word_1_361' title='bbox 2239 4271 2465 4375; x_wconf 85' lang='lat' dir='ltr'><strong>oseph</strong></span> <span class='ocrx_word' id='word_1_362' title='bbox 2504 4287 2698 4344; x_wconf 82' lang='lat' dir='ltr'><strong>unco</strong></span> <span class='ocrx_word' id='word_1_363' title='bbox 2727 4267 2986 4346; x_wconf 75' lang='lat' dir='ltr'><strong>ferreo</strong></span> <span class='ocrx_word' id='word_1_364' title='bbox 3019 4293 3160 4372; x_wconf 83' lang='lat' dir='ltr'><strong>per</strong></span> <span class='ocrx_word' id='word_1_365' title='bbox 3195 4284 3345 4343; x_wconf 83' lang='lat' dir='ltr'><strong>tres</strong></span> <span class='ocrx_word' id='word_1_366' title='bbox 3386 4271 3778 4344; x_wconf 81' lang='lat' dir='ltr'><strong>continuos</strong></span> 
     </span>
     <span class='ocr_line' id='line_1_34' title="bbox 561 4371 3776 4498; baseline 0 -39"><span class='ocrx_word' id='word_1_367' title='bbox 561 4385 713 4460; x_wconf 86' lang='lat' dir='ltr'><strong>dies</strong></span> <span class='ocrx_word' id='word_1_368' title='bbox 745 4403 1129 4487; x_wconf 81' lang='lat' dir='ltr'><strong>suspensus</strong></span> <span class='ocrx_word' id='word_1_369' title='bbox 1162 4412 1203 4457; x_wconf 89' lang='lat' dir='ltr'><strong>a</strong></span> <span class='ocrx_word' id='word_1_370' title='bbox 1239 4379 1554 4458; x_wconf 80' lang='lat' dir='ltr'><strong>Tureis</strong></span> <span class='ocrx_word' id='word_1_371' title='bbox 1536 4410 1611 4482; x_wconf 79' lang='lat' dir='ltr'><strong>in</strong></span> <span class='ocrx_word' id='word_1_372' title='bbox 1649 4384 1895 4459; x_wconf 87' lang='lat' dir='ltr'><strong>odium</strong></span> <span class='ocrx_word' id='word_1_373' title='bbox 1932 4385 2367 4462; x_wconf 86' lang='lat' dir='ltr'><strong>christianae</strong></span> <span class='ocrx_word' id='word_1_374' title='bbox 2387 4377 2788 4498; x_wconf 77' lang='lat' dir='ltr'><strong>Religionis</strong></span> <span class='ocrx_word' id='word_1_375' title='bbox 2820 4371 3387 4490; x_wconf 77' lang='lat' dir='ltr'><strong>crudelissimum</strong></span> <span class='ocrx_word' id='word_1_376' title='bbox 3425 4387 3776 4462; x_wconf 79' lang='lat' dir='ltr'><strong>tormenti</strong></span> 
     </span>
     <span class='ocr_line' id='line_1_35' title="bbox 556 4499 3776 4619; baseline 0 -44"><span class='ocrx_word' id='word_1_377' title='bbox 556 4525 786 4604; x_wconf 83' lang='lat' dir='ltr'><strong>genus</strong></span> <span class='ocrx_word' id='word_1_378' title='bbox 823 4499 1273 4619; x_wconf 80' lang='lat' dir='ltr'><strong>pertulerit,</strong></span> <span class='ocrx_word' id='word_1_379' title='bbox 1306 4504 1415 4575; x_wconf 80' lang='lat' dir='ltr'><strong>ut‘i</strong></span> <span class='ocrx_word' id='word_1_380' title='bbox 1454 4525 1580 4576; x_wconf 85' lang='lat' dir='ltr'><strong>vos</strong></span> <span class='ocrx_word' id='word_1_381' title='bbox 1617 4502 1745 4606; x_wconf 87' lang='lat' dir='ltr'><strong>ipsi</strong></span> <span class='ocrx_word' id='word_1_382' title='bbox 1782 4529 1871 4577; x_wconf 80' lang='lat' dir='ltr'><strong>ex</strong></span> <span class='ocrx_word' id='word_1_383' title='bbox 1906 4500 2186 4578; x_wconf 84' lang='lat' dir='ltr'><strong>traditis</strong></span> <span class='ocrx_word' id='word_1_384' title='bbox 2220 4503 2679 4586; x_wconf 79' lang='lat' dir='ltr'><strong>documentis</strong></span> <span class='ocrx_word' id='word_1_385' title='bbox 2715 4503 3132 4607; x_wconf 81' lang='lat' dir='ltr'><strong>perspicere</strong></span> <span class='ocrx_word' id='word_1_386' title='bbox 3167 4504 3523 4610; x_wconf 65' lang='lat' dir='ltr'><strong>potuistis.</strong></span> <span class='ocrx_word' id='word_1_387' title='bbox 3582 4499 3776 4575; x_wconf 79' lang='lat' dir='ltr'><strong>Illud</strong></span> 
     </span>
     <span class='ocr_line' id='line_1_36' title="bbox 559 4598 3776 4730; baseline 0 -37"><span class='ocrx_word' id='word_1_388' title='bbox 559 4633 803 4716; x_wconf 83' lang='lat' dir='ltr'><strong>tamen</strong></span> <span class='ocrx_word' id='word_1_389' title='bbox 843 4608 1166 4708; x_wconf 77' lang='lat' dir='ltr'><strong>libenter</strong></span> <span class='ocrx_word' id='word_1_390' title='bbox 1198 4644 1283 4696; x_wconf 81' lang='lat' dir='ltr'><strong>ac</strong></span> <span class='ocrx_word' id='word_1_391' title='bbox 1318 4621 1586 4730; x_wconf 72' lang='lat' dir='ltr'><strong>merito</strong></span> <span class='ocrx_word' id='word_1_392' title='bbox 1629 4598 2149 4724; x_wconf 78' lang='lat' dir='ltr'><strong>probavimuS,</strong></span> <span class='ocrx_word' id='word_1_393' title='bbox 2183 4638 2272 4696; x_wconf 86' lang='lat' dir='ltr'><strong>ut</strong></span> <span class='ocrx_word' id='word_1_394' title='bbox 2307 4622 2453 4702; x_wconf 82' lang='lat' dir='ltr'><strong>hoc</strong></span> <span class='ocrx_word' id='word_1_395' title='bbox 2486 4621 2765 4699; x_wconf 77' lang='lat' dir='ltr'><strong>facinus</strong></span> <span class='ocrx_word' id='word_1_396' title='bbox 2801 4619 3437 4725; x_wconf 73' lang='lat' dir='ltr'><strong>pmeclarissimum</strong></span> <span class='ocrx_word' id='word_1_397' title='bbox 3501 4622 3578 4694; x_wconf 88' lang='lat' dir='ltr'><strong>in</strong></span> <span class='ocrx_word' id='word_1_398' title='bbox 3639 4620 3776 4695; x_wconf 87' lang='lat' dir='ltr'><strong>bac</strong></span> 
     </span>
     <span class='ocr_line' id='line_1_37' title="bbox 552 4736 3778 4872; baseline 0 -61"><span class='ocrx_word' id='word_1_399' title='bbox 552 4762 765 4818; x_wconf 73' lang='lat' dir='ltr'><strong>causa</strong></span> <span class='ocrx_word' id='word_1_400' title='bbox 800 4736 1317 4872; x_wconf 58' lang='lat' dir='ltr'><strong>pertractanda</strong></span> <span class='ocrx_word' id='word_1_401' title='bbox 1354 4740 1589 4841; x_wconf 72' lang='lat' dir='ltr'><strong>magni</strong></span> <span class='ocrx_word' id='word_1_402' title='bbox 1629 4737 2147 4842; x_wconf 81' lang='lat' dir='ltr'><strong>penderetur,</strong></span> <span class='ocrx_word' id='word_1_403' title='bbox 2184 4757 2266 4815; x_wconf 88' lang='lat' dir='ltr'><strong>et</strong></span> <span class='ocrx_word' id='word_1_404' title='bbox 2299 4768 2443 4845; x_wconf 85' lang='lat' dir='ltr'><strong>pro</strong></span> <span class='ocrx_word' id='word_1_405' title='bbox 2479 4738 2948 4822; x_wconf 79' lang='lat' dir='ltr'><strong>decernenda</strong></span> <span class='ocrx_word' id='word_1_406' title='bbox 3009 4736 3308 4813; x_wconf 83' lang='lat' dir='ltr'><strong>solemni</strong></span> <span class='ocrx_word' id='word_1_407' title='bbox 3371 4738 3778 4811; x_wconf 67' lang='grc'><strong>(3311011133-</strong></span> 
     </span>
     <span class='ocr_line' id='line_1_38' title="bbox 554 4835 3774 4989; baseline 0.001 -62"><span class='ocrx_word' id='word_1_408' title='bbox 554 4858 758 4930; x_wconf 75' lang='lat' dir='ltr'><strong>tione</strong></span> <span class='ocrx_word' id='word_1_409' title='bbox 794 4855 1012 4929; x_wconf 84' lang='lat' dir='ltr'><strong>etiam</strong></span> <span class='ocrx_word' id='word_1_410' title='bbox 1052 4835 1463 4957; x_wconf 78' lang='lat' dir='ltr'><strong>plurimum</strong></span> <span class='ocrx_word' id='word_1_411' title='bbox 1483 4855 1912 4947; x_wconf 84' lang='lat' dir='ltr'><strong>conferret,</strong></span> <span class='ocrx_word' id='word_1_412' title='bbox 1946 4853 2004 4931; x_wconf 81' lang='lat' dir='ltr'><strong>si</strong></span> <span class='ocrx_word' id='word_1_413' title='bbox 2036 4872 2282 4932; x_wconf 83' lang='lat' dir='ltr'><strong>tamen</strong></span> <span class='ocrx_word' id='word_1_414' title='bbox 2315 4859 2663 4931; x_wconf 86' lang='lat' dir='ltr'><strong>continua</strong></span> <span class='ocrx_word' id='word_1_415' title='bbox 2703 4859 3056 4932; x_wconf 83' lang='lat' dir='ltr'><strong>virtutum</strong></span> <span class='ocrx_word' id='word_1_416' title='bbox 3077 4879 3355 4929; x_wconf 85' lang='lat' dir='ltr'><strong>summe</strong></span> <span class='ocrx_word' id='word_1_417' title='bbox 3390 4870 3774 4989; x_wconf 79' lang='lat' dir='ltr'><strong>praestan-</strong></span> 
     </span>
     <span class='ocr_line' id='line_1_39' title="bbox 554 4955 3771 5077; baseline 0.001 -32"><span class='ocrx_word' id='word_1_418' title='bbox 554 4975 737 5046; x_wconf 82' lang='lat' dir='ltr'><strong>tium</strong></span> <span class='ocrx_word' id='word_1_419' title='bbox 776 4969 1247 5061; x_wconf 78' lang='lat' dir='ltr'><strong>exercitatio,</strong></span> <span class='ocrx_word' id='word_1_420' title='bbox 1284 4999 1375 5075; x_wconf 85' lang='grc' dir='ltr'><strong>Ρι</strong></span> <span class='ocrx_word' id='word_1_421' title='bbox 1378 4975 1567 5074; x_wconf 85' lang='lat' dir='ltr'><strong>oprii</strong></span> <span class='ocrx_word' id='word_1_422' title='bbox 1605 4955 1924 5049; x_wconf 85' lang='lat' dir='ltr'><strong>Instituti</strong></span> <span class='ocrx_word' id='word_1_423' title='bbox 1963 4970 2177 5077; x_wconf 84' lang='lat' dir='ltr'><strong>plena</strong></span> <span class='ocrx_word' id='word_1_424' title='bbox 2215 4976 2723 5068; x_wconf 78' lang='lat' dir='ltr'><strong>observantia,</strong></span> <span class='ocrx_word' id='word_1_425' title='bbox 2779 5002 2960 5077; x_wconf 81' lang='lat' dir='ltr'><strong>qua</strong></span> <span class='ocrx_word' id='word_1_426' title='bbox 2988 4999 3154 5047; x_wconf 87' lang='lat' dir='ltr'><strong>cum</strong></span> <span class='ocrx_word' id='word_1_427' title='bbox 3226 4974 3523 5047; x_wconf 82' lang='lat' dir='ltr'><strong>maxima</strong></span> <span class='ocrx_word' id='word_1_428' title='bbox 3579 4973 3771 5048; x_wconf 78' lang='lat' dir='ltr'><strong>vitae</strong></span> 
     </span>
     <span class='ocr_line' id='line_1_40' title="bbox 554 5088 3775 5204; baseline 0 -40"><span class='ocrx_word' id='word_1_429' title='bbox 554 5093 936 5192; x_wconf 76' lang='lat' dir='ltr'><strong>austeritas</strong></span> <span class='ocrx_word' id='word_1_430' title='bbox 964 5105 1053 5166; x_wconf 83' lang='lat' dir='ltr'><strong>ac</strong></span> <span class='ocrx_word' id='word_1_431' title='bbox 1090 5092 1537 5193; x_wconf 84' lang='lat' dir='ltr'><strong>poenitentia</strong></span> <span class='ocrx_word' id='word_1_432' title='bbox 1574 5089 2103 5195; x_wconf 81' lang='lat' dir='ltr'><strong>conjungitur,</strong></span> <span class='ocrx_word' id='word_1_433' title='bbox 2142 5093 2219 5168; x_wconf 89' lang='lat' dir='ltr'><strong>in</strong></span> <span class='ocrx_word' id='word_1_434' title='bbox 2257 5094 2502 5168; x_wconf 85' lang='lat' dir='ltr'><strong>beato</strong></span> <span class='ocrx_word' id='word_1_435' title='bbox 2511 5092 2837 5197; x_wconf 84' lang='lat' dir='ltr'><strong>Josepho</strong></span> <span class='ocrx_word' id='word_1_436' title='bbox 2873 5106 3318 5204; x_wconf 79' lang='lat' dir='ltr'><strong>&#39;apparerent</strong></span> <span class='ocrx_word' id='word_1_437' title='bbox 3355 5114 3438 5164; x_wconf 87' lang='lat' dir='ltr'><strong>ac</strong></span> <span class='ocrx_word' id='word_1_438' title='bbox 3490 5088 3775 5192; x_wconf 85' lang='lat' dir='ltr'><strong>liquido</strong></span> 
     </span>
     <span class='ocr_line' id='line_1_41' title="bbox 553 5185 3775 5340; baseline 0 -58"><span class='ocrx_word' id='word_1_439' title='bbox 553 5185 1266 5340; x_wconf 79' lang='lat' dir='ltr'><strong>comprobarentu13</strong></span> <span class='ocrx_word' id='word_1_440' title='bbox 1304 5208 1358 5278; x_wconf 90' lang='lat' dir='ltr'><strong>si</strong></span> <span class='ocrx_word' id='word_1_441' title='bbox 1399 5224 1769 5316; x_wconf 80' lang='lat' dir='ltr'><strong>postremo</strong></span> <span class='ocrx_word' id='word_1_442' title='bbox 1805 5205 1996 5283; x_wconf 87' lang='lat' dir='ltr'><strong>illius</strong></span> <span class='ocrx_word' id='word_1_443' title='bbox 2029 5225 2345 5286; x_wconf 87' lang='lat' dir='ltr'><strong>mortem</strong></span> <span class='ocrx_word' id='word_1_444' title='bbox 2381 5237 2465 5285; x_wconf 85' lang='lat' dir='ltr'><strong>ea</strong></span> <span class='ocrx_word' id='word_1_445' title='bbox 2502 5210 2832 5314; x_wconf 78' lang='lat' dir='ltr'><strong>prodigia</strong></span> <span class='ocrx_word' id='word_1_446' title='bbox 2878 5228 3123 5288; x_wconf 88' lang='lat' dir='ltr'><strong>secuta</strong></span> <span class='ocrx_word' id='word_1_447' title='bbox 3191 5208 3541 5299; x_wconf 81' lang='lat' dir='ltr'><strong>fuissent,</strong></span> <span class='ocrx_word' id='word_1_448' title='bbox 3600 5213 3775 5312; x_wconf 90' lang='lat' dir='ltr'><strong>qui-</strong></span> 
     </span>
     <span class='ocr_line' id='line_1_42' title="bbox 551 5323 3772 5434; baseline 0.002 -36"><span class='ocrx_word' id='word_1_449' title='bbox 551 5324 688 5398; x_wconf 87' lang='lat' dir='ltr'><strong>bus</strong></span> <span class='ocrx_word' id='word_1_450' title='bbox 713 5323 1082 5424; x_wconf 69' lang='lat' dir='ltr'><strong>justorum</strong></span> <span class='ocrx_word' id='word_1_451' title='bbox 1123 5348 1317 5396; x_wconf 83' lang='lat' dir='ltr'><strong>mors</strong></span> <span class='ocrx_word' id='word_1_452' title='bbox 1350 5323 1670 5427; x_wconf 80' lang='lat' dir='ltr'><strong>dignosci</strong></span> <span class='ocrx_word' id='word_1_453' title='bbox 1714 5331 2115 5404; x_wconf 84' lang='lat' dir='ltr'><strong>consuevit.</strong></span> <span class='ocrx_word' id='word_1_454' title='bbox 2187 5329 2345 5424; x_wconf 86' lang='lat' dir='ltr'><strong>Hoc</strong></span> <span class='ocrx_word' id='word_1_455' title='bbox 2410 5354 2586 5402; x_wconf 86' lang='lat' dir='ltr'><strong>sane</strong></span> <span class='ocrx_word' id='word_1_456' title='bbox 2649 5344 2866 5431; x_wconf 80' lang='lat' dir='ltr'><strong>pacto</strong></span> <span class='ocrx_word' id='word_1_457' title='bbox 2927 5328 3156 5402; x_wconf 88' lang='lat' dir='ltr'><strong>Causa</strong></span> <span class='ocrx_word' id='word_1_458' title='bbox 3209 5327 3410 5402; x_wconf 83' lang='lat' dir='ltr'><strong>beati</strong></span> <span class='ocrx_word' id='word_1_459' title='bbox 3470 5329 3772 5434; x_wconf 86' lang='lat' dir='ltr'><strong>Josephi</strong></span> 
     </span>
     <span class='ocr_line' id='line_1_43' title="bbox 555 5438 3776 5547; baseline 0.002 -31"><span class='ocrx_word' id='word_1_460' title='bbox 555 5459 897 5546; x_wconf 83' lang='lat' dir='ltr'><strong>tanquam</strong></span> <span class='ocrx_word' id='word_1_461' title='bbox 938 5438 1386 5516; x_wconf 81' lang='lat' dir='ltr'><strong>Confessoris</strong></span> <span class='ocrx_word' id='word_1_462' title='bbox 1412 5497 1439 5531; x_wconf 89' lang='lat'><strong>,</strong></span> <span class='ocrx_word' id='word_1_463' title='bbox 1473 5468 1625 5517; x_wconf 89' lang='lat' dir='ltr'><strong>non</strong></span> <span class='ocrx_word' id='word_1_464' title='bbox 1669 5468 1844 5518; x_wconf 85' lang='lat' dir='ltr'><strong>vero</strong></span> <span class='ocrx_word' id='word_1_465' title='bbox 1880 5445 2229 5547; x_wconf 80' lang='lat' dir='ltr'><strong>Martyris</strong></span> <span class='ocrx_word' id='word_1_466' title='bbox 2265 5447 2340 5518; x_wconf 91' lang='lat' dir='ltr'><strong>in</strong></span> <span class='ocrx_word' id='word_1_467' title='bbox 2378 5469 2680 5519; x_wconf 81' lang='lat' dir='ltr'><strong>examen</strong></span> <span class='ocrx_word' id='word_1_468' title='bbox 2715 5441 3030 5520; x_wconf 81' lang='lat' dir='ltr'><strong>adducta</strong></span> <span class='ocrx_word' id='word_1_469' title='bbox 3087 5442 3248 5521; x_wconf 82' lang='lat' dir='ltr'><strong>fuit.</strong></span> <span class='ocrx_word' id='word_1_470' title='bbox 3311 5443 3589 5522; x_wconf 86' lang='lat' dir='ltr'><strong>Seriem</strong></span> <span class='ocrx_word' id='word_1_471' title='bbox 3659 5467 3776 5521; x_wconf 86' lang='grc'><strong>10-</strong></span> 
     </span>
    </p>
   </div>
  </div>
 </body>
</html>
