4442 6300
682 3109 738 3172 A

958 446 1065 497 ³52

779 599 921 652 cato
941 629 963 659 ,
992 588 1203 655 enixas
1229 606 1388 671 quas
1416 605 1602 671 supra
1630 588 1944 653 innuimus
1967 632 1992 661 ,
2011 604 2333 670 supremo·

781 703 915 748 rum
941 686 1315 767 Principum,
1344 685 1771 751 Ecclesiarum
1789 693 1855 749 et
1881 687 2178 750 ordinum
2202 704 2343 767 pre-

783 797 893 865 ces
918 789 1108 861 atque
1134 780 1589 862 postulationes
1604 802 1716 863 pro
1749 787 1814 843 B.
1842 782 2009 846 Petri
2038 781 2340 864 Regalati,

1952 447 2157 501 ACTA
2196 443 2847 503 ‹tattotttzxrtoms

2575 593 2718 653 Μαι
2748 586 3081 653 decantato
3092 606 3207 670 pro
3223 582 3436 652 debita
3457 587 3793 670 gratiarum
3814 587 4005 654 actic-

2450 705 2528 748 ne
2554 693 2852 749 consueto
2881 684 3109 749 Laudis
3137 695 3203 751 et
3234 674 3661 751 confessionis
3684 674 3951 769 'Hymuo
3977 725 4000 759 ‚

2436 780 2816 863 ,plostrisque
2844 788 2908 846 et
2934 781 3252 847 Ecclesiae
3311 782 3601 863 precibus
3660 782 4006 862 praedicto·

782 874 1062 958 aliasque
1091 898 1203 959 pro
1238 885 1353 943 BB.
1381 880 1613 942 Fidelis
1638 922 1658 948 ,
1686 879 1952 951 Camilli,
1982 879 2243 961 loseph,
2274 888 2340 941 et
2451 896 2609 969 rum·
2634 882 3001 943 Sanctorum
3056 879 3494 945 interventioni
3553 878 4012 942 commendatio

781 972 1144 1039 catharinae
1175 976 1646 1040 canonizatione
1678 976 1872 1039 Nobis
1901 977 2208 1040 instanter
2247 995 2344 1039 re·

781 1082 1281 1154 praesentasset3
1309 1080 1436 1140 Nos
1461 1072 1714 1157 quidem
1746 1073 1824 1135 ad
1857 1073 2205 1157 gravissimi
2240 1078 2345 1137 Ju-

788 1168 930 1232 dicii
980 1170 1412 1236 definitionem
1471 1174 1712 1252 absque
1767 1173 1994 1237 iterate
2051 1169 2349 1234 caelestis

787 1266 1005 1330 auxilii
1033 1270 1425 1333 invocatione
1459 1270 1806 1352 procedere
1835 1288 1957 1332 non
1992 1269 2300 1332 audentes
2322 1308 2345 1337 ,

789 1363 1139 1429 decantatis
1193 1387 1333 1430 cum
1389 1365 1735 1430 venerabili

794 1466 988 1524 Coetu
1016 1468 1081 1525 et
1107 1462 1518 1526 devotissimo
1548 1460 1784 1540 Populo
1813 1469 2166 1525 sanctorum
2190 1460 2348 1525 Lita-

790 1557 915 1622 niis
934 1600 955 1629 ,
984 1564 1180 1622 Deum
1212 1561 1528 1640 Optimum
1558 1557 1888 1621 Maximum
1917 1577 2036 1640 per
2060 1556 2347 1621 omnium
2378 1594 2387 1605 -

793 1654 1140 1720 electorum
1170 1676 1423 1719 suorum
1459 1654 1676 1718 merita
1706 1653 1939 1736 precati
1973 1674 2235 1725 sumus,
2284 1659 2352 1714 ut

793 1752 1049 1816 Sedium
1097 1772 1354 1831 suarum
1408 1752 1790 1819 assistricem
1848 1750 2237 1834 sapientiam!
2290 1748 2354 1810 in

797 1867 911 1912 cor
937 1857 1220 1913 nostrum
1251 1850 1597 1916 immittere
1626 1849 2012 1933 dignaretur.
2068 1852 2354 1927 Cumque

796 1945 998 2010 adbuc
1056 1947 1385 2011 instantius
1439 1966 1552 2027 pro
1610 1954 1938 2027 exoptatae
1991 1944 2351 2027 Sententiae

798 2044 1152 2126 prolatione
1182 2045 1262 2108 ab
1279 2044 1502 2109 eodem
1523 2043 1833 2109 cardinali
1862 2050 2231 2108 promotore
2252 2059 2355 2102 ur·

801 2144 1097 2226 g'eremur
1118 2168 1141 2219 ς
1164 2146 1293 2206 Nos
1320 2142 1550 2206 iterum
1580 2142 1644 2203 in
1672 2158 1874 2225 genua
1905 2138 2217 2223 provoluti
2240 2144 2359 2202 Pa·

799 2238 1090 2303 raclitum
1120 2240 1418 2320 Spiritum
1447 2248 1728 2303 sanctum
1755 2243 2000 2323 Hymno
2022 2246 2086 2302 et
2112 2236 2361 2301 Oratio·

797 2354 881 2400 ne
910 2336 1172 2400 solemni
1205 2336 1557 2420 rogavimus
1578 2378 1604 2407 ,
1628 2343 1696 2398 ut
1727 2333 1890 2399 lucis
1909 2355 2071 2399 suae
2115 2333 2357 2403 radium

796 2433 1097 2497 emittens
1126 2433 1352 2497 mentis
1380 2440 1632 2496 nostrae
1664 2433 1954 2495 tenebras
1984 2432 2357 2503 discuteret,

801 2536 866 2593 et
896 2529 1309 2611 trepidantem
1354 2529 1557 2594 adbuc
1614 2526 2013 2610 fragilitatem
2076 2537 2357 2593 nostram

796 2627 1051 2691 virtutis
1079 2646 1227 2690 suae
1254 2626 1486 2690 robore
1513 2624 1934 2689 confirmaret.
1967 2627 2247 2707 Denique
2282 2627 2360 2690 ad

799 2723 1127 2797 reiteratas
1146 2731 1211 2789 et
1233 2719 1712 2786 instantissimas
1739 2721 2227 2801 praemissorum
2254 2725 2365 2816 ψ-

799 2819 1186 2885 secrationes
1205 2861 1227 2891 ,
1260 2821 1408 2901 quin
1437 2819 1650 2901 potius
1703 2818 1785 2880 ad
1847 2818 2174 2883 manifesta
2230 2821 2366 2882 uni-

801 2936 1023 2983 versae
1047 2917 1392 2982 catholicae
1424 2914 1735 2980 Ecclesiae
1769 2921 1908 2978 vota
1931 2957 1954 2987 ,
1983 2915 2060 2978 ad
2094 2926 2369 2980 maturas

805 3014 1300 3078 deliberationes
1333 3013 1451 3077 rite
1483 3011 1883 3093 praehabitas
1907 3054 1929 3085 ,
1959 3023 2025 3075 et
2078 3012 2363 3077 declara-

805 3117 933 3176 tum
958 3111 1338 3195 jampridem
1368 3108 1789 3175 Ecclesiastici
1838 3114 2101 3174 Senatus
2159 3108 2370 3175 consi·

805 3208 962 3272 lium
988 3208 1404 3292 respicientes
1425 3249 1445 3279 ,
1476 3225 1677 3286 eaque
1707 3205 2084 3270 auctoritate
2146 3203 2366 3270 sufful-

805 3305 885 3380 ti,
912 3327 1099 3388 quam
1126 3306 1432 3369 Dominus
1448 3307 1675 3367 Noster
1705 3308 1738 3364 J
1746 3320 1890 3366 esus
1917 3302 2200 3367 Christus
2221 3303 2369 3367 hea-

807 3404 1074 3468 tissimis
1104 3401 1422 3484 Apostolis
1446 3408 1635 3465 Petro
1685 3407 1750 3464 et
1806 3401 1996 3468 Paulo
2046 3400 2366 3482 Nobisque

807 3498 958 3565 licet
987 3499 1465 3565 immerentibus
1491 3498 1750 3569 tribuit,
1780 3496 1849 3559 in
1875 3496 2178 3561 bonorem
2234 3516 2370 3560 san-

761 3589 768 3598 ’
809 3605 949 3660 ctae
977 3607 1034 3660 et
1069 3597 1426 3661 individuae
1455 3592 1777 3658 Trinitatis
1805 3634 1827 3663 ,
1879 3591 2051 3655 Fidei
2112 3592 2374 3656 catholi-

810 3713 924 3757 cae
955 3694 1401 3758 exaltationem
1463 3698 1525 3756 et
1588 3688 1972 3752 christianae
2028 3688 2378 3770 Religionis

812 3798 1209 3871 angmentum
1239 3833 1260 3861 ,
1290 3787 1610 3852 definitivo
1645 3785 2053 3868 pronunciato
2083 3790 2374 3856 Deera-to,

808 3886 1202 3967 praedictum
1234 3893 1482 3948 Petrum
1515 3881 1880 3964 Regalatnm
1901 3881 2150 3946 Ordinis
2177 3881 2375 3945 Mino·

813 4001 950 4046 rum
982 3988 1043 4044 S.
1078 3979 1382 4046 Francisci
1413 3980 1808 4043 Sacerdotem
1869 3997 2169 4061 expresse
2232 3984 2376 4042 Pro-

815 4077 1054 4142 fessum
1080 4121 1102 4152 ,
1135 4076 1454 4162 Regularis
1482 4075 1843 4158 disciplinae
1872 4074 2259 4139 adsertorem
2312 4083 2376 4140 et

818 4175 1127 4240 vindicem
1151 4218 1172 4249 ‚
1202 4175 1681 4239 christianarum
1711 4173 2009 4237 virtutum
2056 4181 2378 4255 praestan-

1815 1365 2344 1430 Consacerdotum
2378 1414 2387 1425 .

2455 973 2532 1036 ad
2564 980 2744 1037 Aram
2777 973 3080 1039 Basilicae
3113 976 3445 1041 maximam
3478 994 3661 1055 supra
3722 974 4006 1039 sacratis·

2452 1069 2675 1139 simam
2702 1069 3171 1137 confessionem
3225 1079 3294 1136 B.
3355 1073 3521 1137 Petri
3579 1071 3859 1153 Apostoli
3926 1070 4014 1135 in·

2457 1174 2780 1230 cruentam
2813 1168 3033 1232 salutis
3091 1179 3344 1235 nestrae
3397 1170 3678 1233 Hostiam
3736 1166 4019 1233 oblaturi

2460 1274 2828 1331 reverenter
2848 1268 3249 1331 accessimus.
3276 1275 3468 1337 Porro
3501 1276 3643 1348 post
3688 1265 4014 1347 Evangeli-

2450 1380 2596 1423 cam
2626 1360 3025 1426 lectionem-a
3058 1365 3433 1428 Diaconibus
3482 1372 3746 1443 utreque
3806 1361 4016 1445 lingua

2461 1458 2787 1523 recitatam
2814 1460 3325 1525 continerelabia
3362 1469 3575 1525 nostra
3634 1478 3760 1523 uon
3820 1459 4020 1539 potuin-

2466 1575 2647 1626 mus,
2678 1559 2829 1636 quin
2858 1557 2921 1618 in
2953 1550 3078 1622 tani
3119 1560 3291 1641 justa
3347 1551 3681 1639 sanctaque
3740 1555 4019 1629 laetitias

2466 1653 2969 1717 Sacerdotalibus
2994 1654 3259 1720 vocibus
3282 1676 3366 1719 ex
3392 1656 3771 1721 abundantia
3813 1653 4025 1739 gaudii

2465 1751 2664 1817 nostri
2692 1753 3177 1834 erumpentibus
3198 1796 3220 1825 ,
3252 1752 3839 1833 splendidissimam·
3874 1750 4027 1817 allo-

2466 1866 2807 1927 queremur
2832 1855 2986 1913 Ven.
3019 1855 3294 1915 Fratrum
3313 1849 3811 1930 dilectorumque
3842 1849 4024 1914 Filio-

2464 1963 2605 2006 rum
2631 1949 2937 2010 Coronam
2964 1970 2987 2017 ς
3015 1953 3083 2009 ut
3110 1967 3271 2029 quos
3324 1949 3550 2013 devota
3613 1945 3859 2030 Religio
3880 1991 3904 2020 ,
3961 1953 4028 2011 et

2466 2041 2869 2120 Apostolicae
2898 2044 3079 2107 Sedis
3106 2044 3498 2115 reverentia,
3541 2063 3665 2107 uon
3726 2065 3805 2108 ex
3860 2046 4028 2108 Urbe

2468 2139 2690 2209 modo,
2723 2148 2828 2203 ant
2855 2156 2936 2204 ex
2964 2138 3249 2205 finitimis
3279 2140 3434 2207 locis
3459 2185 3480 2210 ,
3510 2142 3623 2205 aed
3652 2160 3737 2204 ex
3785 2139 4031 2222 longin-

2470 2235 2611 2316 quis
2640 2238 2827 2301 etiam
2857 2247 2924 2300 et
2952 2237 3372 2304 ultramarinis
3403 2238 3790 2321 Regionibus
3817 2239 3894 2302 ad
3928 2244 4032 2302 Se-
4096 2254 4105 2263 ·

2466 2330 2725 2412 pulchra
2753 2334 3194 2415 Apostolorum
3222 2335 3590 2417 frequentes
3646 2342 3991 2400 attraxoeat
4009 2378 4031 2408 ,

2468 2428 2744 2511 antiquis
2767 2430 3092 2497 beatorum
3114 2432 3469 2514 Principum
3489 2432 3768 2497 victoriis
3799 2432 4034 2497 laetan-

2475 2534 2611 2601 tes,
2640 2534 2704 2591 et
2733 2530 2969 2594 recenti
3004 2536 3365 2595 Sanctorum
3389 2529 3704 2611 triumpho
3732 2528 4051 2611 plauden-=

2474 2631 2574 2689 tes
2597 2669 2618 2699 ,
2647 2624 2725 2689 ad
2755 2645 2976 2691 eorum
3009 2627 3269 2692 virtutes
3319 2647 3434 2708 pro
3486 2626 3728 2691 viribus
3788 2626 4035 2690 imitan-

2472 2719 2630 2793 das,
2661 2721 2738 2784 ad
2769 2722 3139 2787 eorumdem
3189 2723 3533 2788 Patrocinia
3584 2722 3873 2787 studiose
3930 2722 4037 2786 de·

2476 2818 2773 2883 merenda
2795 2860 2817 2890 ,
2850 2827 3039 2901 atque
3069 2819 3133 2881 in
3167 2819 3606 2902 praesentibus
3634 2819 4031 2901 potissimum

2478 2912 2942 2979 calamitatibus
3000 2915 3236 2996 quibus
3293 2914 3578 2980 Ecclesia
3631 2916 3741 2979 Dei
3794 2916 4035 2998 jamdiu

2476 3010 2903 3084 conflictatur,
2936 3012 3124 3075 enixe
3157 3011 3587 3095 imploranda,
3640 3019 3904 3076 Paterno
3949 3011 4041 3076 aa·

2478 3104 2647 3172 fectu
2707 3116 2771 3172 et
2829 3129 3122 3174 sermone
3182 3109 3694 3174 accenderemus.
3758 3110 4037 3193 Denique

2470 3226 2772 3270 concessa
2803 3206 3099 3270 omnibns
3126 3207 3521 3270 adstantibus
3552 3204 3841 3287 plenaria-
3886 3226 4039 3289 pec·

2474 3309 2759 3367 catorum
2792 3301 3217 3385 Indulgentia,
3247 3302 3347 3366 his
3393 3322 3548 3366 vero
3606 3304 3716 3385 qni
3776 3302 4036 3386 singulis

2476 3398 2659 3463 annis
2687 3397 3003 3479 praedicta
3030 3399 3139 3463 die
3167 3404 3330 3462 xm.
3361 3399 3507 3481 stoji
3535 3441 3554 3472 ‚
3585 3397 3871 3481 ejusdem
3905 3419 4041 3463 san·
4079 3389 4126 3449 Β

2474 3495 2563 3559 eti
2591 3495 2753 3558 Petri
2784 3494 3060 3577 Regalati
3098 3497 3402 3569 exuvias,
3456 3495 3727 3578 aliisque
3786 3498 4045 3564 statutis

2478 3592 2706 3658 diebus
2736 3592 3005 3656 aliorum
3034 3599 3394 3658 Sanctorum
3429 3593 3895 3675 praedictorum
3940 3601 4045 3660 Se-

2481 3689 2743 3771 pulchra
2772 3690 2996 3753 devote
3026 3689 3448 3760 visitaverint,
3481 3699 3724 3770 septem
3757 3690 3936 3756 annis
3976 3697 4042 3755 et

2483 3786 2752 3850 totidem
2783 3785 3207 3868 Quadragenis
3249 3785 3329 3849 de
3389 3785 3683 3867 injunetis
3739 3786 3835 3850 eis
3856 3829 3877 3858 ,
3928 3805 4041 3850 sea

2484 3882 2640 3946 alias
2669 3882 2905 3950 debitis
2934 3881 3374 3962 poenitentiis,
3406 3883 3778 3946 auctoritate
3808 3883 4046 3963 praedi·

2484 3987 2583 4044 cta
2609 3979 2673 4041 in
2699 3984 3067 4059 perpetuum
3094 3978 3437 4052 relaxatise
3468 3976 3884 4058 omnipotenti
3915 3986 4042 4043 Deo

2483 4084 2627 4142 vota
2655 4085 2866 4139 nostra
2897 4074 3230 4139 reddentes
3254 4117 3274 4147 ‚
3307 4082 3700 4142 maneta
3748 4076 4047 4160 Hysteria

2484 4193 2598 4259 pro
2625 4173 2819 4236 totius
2845 4171 3057 4236 Mundi
3088 4172 3285 4236 salute
3306 4214 3327 4242 ,
3359 4191 3471 4253 pro
3500 4170 3818 4235 Ecclesiae
3845 4191 4001 4254 pace
4022 4214 4044 4244 ,

819 4270 906 4334 tia
935 4280 1001 4335 et
1047 4271 1486 4336 miraculorum
1546 4269 1743 4350 gloria
1801 4268 2187 4351 fulgentem,
2249 4288 2374 4334 uua
2480 4290 2596 4354 pro
2626 4280 2874 4333 sanctae
2903 4270 3112 4334 Plebis
3141 4267 3571 4333 incolumitate
3599 4267 3866 4331 solemni
3919 4267 4039 4333 ritu

817 4387 958 4432 cum
988 4368 1394 4450 supradictis.
1423 4365 1654 4436 Fideli,
1682 4365 1946 4429 Camillo
1966 4408 1988 4438 ,
2020 4364 2281 4446 Josepb,
2311 4374 2379 4432 et
2481 4366 2865 4450 peregimus.
2904 4401 2911 4406 -

818 4463 1141 4527 Catharina
1197 4472 1484 4527 Sanctum
1546 4483 1686 4526 esse
1745 4460 2205 4525 declaravimus
2228 4502 2249 4532 ,
2309 4469 2376 4525 et

821 4566 1183 4624 Sanctorum
1215 4560 1512 4643 catalogo
1558 4557 2040 4639 adscripsimus3
2098 4566 2380 4621 statuen-

820 4661 920 4721 tes
950 4657 1149 4741 ipsius
1170 4657 1333 4721 Petri
1369 4655 1733 4720 memoriam
1756 4653 1922 4716 inter
1950 4658 2197 4716 sanctos
2221 4659 2380 4717 Con-

821 4752 1099 4819 fessores
1123 4774 1248 4818 non
1276 4751 1602 4817 Pontifices
1631 4753 1709 4814 ab
1745 4748 2030 4814 Ecclesia
2057 4749 2379 4814 universa·

821 4847 1235 4930 liquotannis
1259 4847 1360 4912 die
1389 4855 1547 4911 xltl.
1579 4846 1725 4929 Maii
1772 4845 1875 4928 pia
1907 4845 2245 4909 devotione
2284 4865 2384 4910 re-

825 4943 949 5008 coli
979 4946 1215 5010 debere
1239 4968 1261 5024 ς
1285 4944 1349 5020 in
1377 4943 1640 5008 Nomine
1666 4943 1869 5007 Patris
1899 4950 1964 5005 et
1993 4939 2134 5004 Filii
2158 4949 2224 5005 et
2251 4941 2386 5026 Spi-

825 5040 988 5105 ritus
1020 5044 1247 5103 Sancti.

937 5235 987 5283 A
1029 5234 1342 5285 Decretum.
1494 5235 1540 5285 B
1584 5231 1985 5301 Indulgentiae.

847 5391 860 5400 .
938 5324 981 5370 (2
1025 5322 1246 5374 Literae
1271 5322 1655 5375 decernuntur.

2490 4493 2525 4514 -ν
2612 4464 2916 4534 Quoniam
2946 4477 3096 4525 vero
3125 4467 3268 4543 post
3292 4458 3603 4541 prolatam
3633 4460 3899 4542 suebis
3921 4502 3942 4533 ‚
3976 4463 4042 4523 ut
4081 4463 4126 4526 G

2489 4551 2843 4642 praefertur
2865 4585 2895 4631 ‚·
2915 4556 3275 4640 hujusmodi
3307 4555 3805 4621 canonisatiouis
3832 4564 3899 4618 et
3927 4556 4048 4619 Ad·

2489 4654 2837 4736 scriptionis
2866 4654 3248 4720 Sententiam
3271 4695 3293 4726 ,
3324 4653 3403 4717 ab
3453 4653 3678 4717 eodem
3736 4653 4055 4730 &rdinali

2488 4757 2855 4814 Promotore
2883 4751 3079 4842 Nobis
3103 4749 3431 4813 bumilit’er
3457 4748 3873 4832 supplicatum
3893 4750 4047 4823 fuit,
4084 4816 4089 4820 ,

2492 4857 2561 4911 ut
2588 4867 2778 4931 super
2803 4846 3165 4929 praemissis
3190 4846 3491 4909 omnibus
3518 4846 3917 4927 Apostolicas
3976 4848 4051 4909 li·

2496 4952 2663 5009 teras
2708 4953 3011 5026 perpetuo
3065 4942 3368 5006 valituras
3417 4942 3760 5005 decernere
3781 4985 3804 5017 ,
3861 4954 4053 5026 atque

2495 5044 2689 5107 edere
2717 5044 3119 5126 dignaremur
3141 5063 3162 5116 ς
3187 5040 3333 5104 ideo
3359 5043 3487 5104 Ποῦ
3507 5038 3904 5122 justissimae
3945 5063 4051 5125 pe·

3644 5237 3677 5276 ἢ
