4442 6300
917 472 986 522 τι
1894 477 2103 529 AcTA
2145 462 2801 526 (ἱΛΝοΝιῑΛΤιοΝιε
2887 530 2892 533 v

734 616 1127 677 terminasset
1156 657 1176 687 ‚
1207 636 1323 679 nec
1355 617 1669 700 ignoraret
1699 640 1983 702 magnum
2009 621 2070 680 in
2105 640 2299 704 regno
2410 617 2561 679 sima
2591 614 2901 679 adiverint
2931 612 3153 677 mortis
3185 607 3492 697 pericula,
3523 614 3786 696 quot‘ab
3818 613 3977 696 ipsis

736 709 1065 773 Caelorum
1096 713 1301 783 vocari
1338 713 1574 776 nullum
1603 737 1812 794 posse,
1846 717 1964 779 nisi
1994 717 2099 797 qni
2129 716 2303 778 simi·

736 806 818 871 lis
860 807 1137 889 parvulis
1177 809 1566 881 efficeretur,
1596 812 1740 883 binc
1775 813 2036 877 minime
2079 813 2303 893 puduit

731 904 1046 968 hominem
1079 906 1328 989 triginta
1361 909 1520 973 dnos
1550 930 1743 973 annos
1777 920 1988 974 natum
2016 909 2295 983 inColle·

731 1002 836 1084 gio
870 1010 1150 1067 Romano
1178 1003 1423 1069 scholas
1455 1007 1628 1070 adire
1658 1018 1724 1071 et
1754 1006 2159 1090 frequentare
2182 1042 2202 1081 ‚-
2237 1017 2304 1071 ut

734 1120 859 1164 non
903 1100 1106 1163 solum
1132 1145 1151 1174 ,
1184 1111 1380 1183 prout.
1416 1103 1509 1166 ibi
1557 1106 1750 1169 moris
1794 1115 1936 1178 est,
1966 1107 2027 1167 in
2070 1105 2302 1169 litteris

735 1196 1117 1278 proficeret,
1172 1199 1284 1262 sed
1341 1191 1509 1281 quod
1564 1223 1957 1285 summopere
2002 1206 2302 1287 optabat,

738 1294 976 1378 majora
1003 1296 1226 1359 indies
1250 1296 1331 1360 ad
1360 1300 1658 1378 pietatem
1678 1300 2305 1364 incitamentarefer·

738 1400 854 1454 ret.
885 1398 1134 1456 Summa
1166 1395 1360 1477 igitur
1387 1407 1608 1462 auctus
1651 1400 1992 1462 Sacerdotii
2040 1399 2305 1482 dignita-

736 1497 796 1550 te
820 1531 840 1559 ‚
869 1510 1007 1552 cum
1041 1490 1163 1572 jam
1194 1504 1435 1567 eertum
1466 1497 1898 1560 constituisset
1932 1498 1995 1559 in
2029 1499 2299 1578 quedam

737 1586 921 1648 Urbis
951 1584 1125 1666 parte
1159 1592 1670 1674 Congregationis
1702 1614 1852 1667 suae
1882 1593 2298 1673 domicilium,

734 1691 795 1744 et
820 1684 1347 1767 quampluresalii
1377 1691 1624 1772 egregia
1655 1693 1884 1756 virtute
1908 1692 2302 1756 Ecclesiastia

733 1780 790 1842 ci
836 1780 951 1842 'viri
982 1783 1060 1844 ad
1092 1781 1869 1869 Camill‘nmstccessissent
1910 1788 2301 1852 voluntariae

731 1877 1017 1959 ejusdem
1059 1879 1375 1946 charitatis
1433 1885 1766 1965 victimae,
1828 1887 2004 1949 binas
2048 1910 2084 1951 a
2126 1889 2301 1952 Sixto

731 1975 1029 2039 Pontifice
1056 1979 1326 2041 Maximo
1357 1982 1541 2063 hujus
1572 1982 1840 2046 nominis
1870 1985 2097 2058 Quinto
2139 1974 2298 2049 obtiss

729 2071 868 2135 nuit
909 2073 1299 2155 Apostolicas
1354 2077 1655 2163 Litteras:
1696 2080 1941 2143 Primus
1999 2082 2298 2163 quidem,

732 2169 964 2249 quibus
994 2191 1131 2236 eam
1164 2194 1307 2237 esse
1350 2172 1549 2239 voluit
1580 2188 1644 2241 et
1673 2168 2014 2245 declaravit
2059 2180 2300 2261 piorum

731 2267 1053 2332 hominum
1107 2275 1712 2355 congregationem,
1771 2276 1868 2338 cui
1912 2276 2018 2357 qni
2075 2290 2303 2343 nomen

731 2365 991 2438 darent,
1018 2366 1433 2431 voluntariam
1463 2378 1921 2451 paupertatem,
1951 2375 2311 2439 castitatem·

731 2471 797 2526 et
856 2464 1281 2529 obedientiam
1342 2480 1567 2551 sponte
1636 2467 1936 2551 nullaque
2007 2481 2298 2535 votorum

726 2560 1062 2641 sponsione
1082 2563 1539 2642 profiterentur,
1560 2567 1920 2649 addictique
1946 2588 2295 2650 pauperum

731 2676 1264 2741 quorumcumque
1294 2672 1699 2744 aegrotorum
1729 2664 2058 2730 famulatui
2086 2667 2162 2730 iis
2206 2689 2305 2730 su-

727 2753 1057 2820 blevandis
1102 2766 1385 2840 tempore
1445 2762 1636 2825 etiam
1678 2764 1879 2843 pestis
1923 2785 2303 2848 occuparen-

725 2860 845 2914 tur:
879 2854 1128 2921 Alteras
1161 2877 1310 2919 vero
1340 2858 1566 2938 quibus
1590 2846 1985 2941 peramanter
2011 2861 2298 2935 indulsit,

730 2958 797 3012 ut
839 2954 1035 3015 Crnce
1094 2962 1313 3034 pectus
1359 2955 1745 3038 insignirent.
1794 2965 1944 3023 Cum
1991 2981 2139 3024 vero
2181 2959 2309 3024 t‘re-

727 3049 1020 3130 quentior
1048 3050 1112 3111 in
1143 3052 1279 3116 dies
1308 3054 1384 3116 ad
1428 3058 1645 3121 Crucis
1678 3058 1977 3122 vexillum
2028 3058 2308 3122 multitu-

733 3146 817 3210 do
862 3149 1243 3224 conflueret,
1291 3161 1356 3216 et
1410 3154 1475 3216 in
1519 3156 1884 3237 ampliorem
1926 3157 2179 3218 domum
2228 3157 2304 3219 ad

735 3254 1013 3308 sanctam
1045 3246 1304 3310 Mariam
1336 3250 1765 3332 magdalenam
1796 3252 1857 3311 in
1893 3251 2167 3334 Regione
2193 3233 2306 3316 Co-

736 3341 989 3405 lumnae
1049 3347 1465 3427 congregatio
1529 3348 1901 3431 migrasset,
1975 3351 2309 3433 Gregorius

736 3444 890 3501 XIV.
935 3441 1294 3504 incredibili
1342 3442 1515 3509 illius
1560 3445 1621 3507 in
1666 3445 2064 3509 christianum
2113 3467 2306 3527 popu·

729 3534 862 3597 lnm
905 3536 1182 3602 utilitate
1226 3550 1542 3619 permotus
1570 3561 1731 3604 anno
1764 3543 2011 3624 Domini
2054 3543 2312 3606 millesi-

736 3651 839 3695 mo
872 3635 1378 3716 quingentesimo
1410 3635 1811 3718 nonagesimo
1838 3639 2037 3720 primo
2082 3660 2220 3702 eam
2250 3639 2309 3701 in

738 3728 1082 3809 perfectam
1123 3732 1503 3813 Religionem
1525 3736 1748 3798 erexit.
1779 3741 1912 3807 Quo
1933 3735 2161 3799 factum
2191 3745 2312 3810 est,

734 3833 805 3887 ut
836 3826 1171 3889 maximnm
1206 3830 1419 3892 subito
1448 3815 1788 3911 sumpserit
1816 3832 2308 3905 incrementum,

737 3934 803 3986 et
837 3924 1009 3988 brevi
1040 3945 1152 4006 per
1184 3926 1420 3995 ltaliam
1453 3929 1805 3992 universam
1832 3972 1852 4001 ‚
1885 3950 1998 4012 per
2040 3929 2311 3992 Siciliam

736 4031 1113 4104 exterasque
1161 4024 1519 4090 Provincias
1575 4027 1952 4110 amplificata
2012 4027 2205 4091 fuerit
2248 4037 2314 4091 et

746 4118 1045 4183 stabilita.
1079 4150 1103 4175 ι
1350 4119 1359 4128 ’

872 4247 894 4272 ·
919 4224 1114 4291 Quam
1140 4211 1292 4284 'vero
1323 4230 1672 4302 opportune
1692 4243 1781 4288 eo,
1798 4231 2080 4304 tempore
2103 4223 2310 4306 hujus·

742 4316 914 4379 modi
950 4336 1202 4382 -uovum
1273 4319 1574 4383 Ordinem
1622 4340 1735 4401 per
1774 4320 2102 4383 Camillum
2147 4327 2315 4388 Deus

751 4415 1198 4490 excitavisset3
1232 4435 1355 4480 non
1389 4418 1584 4480 multo
1615 4428 1761 4500 post
1804 4417 1982 4481 ltalia
2023 4418 2316 4483 universa

744 4521 821 4576 et·
844 4514 977 4593 ipsa
1009 4513 1405 4596 potissimum
1437 4522 1629 4578 Roma
1657 4513 1844 4597 plane
1876 4514 2190 4580 intellexit
2227 4525 2316 4579 at-

747 4631 873 4692 que
918 4619 1176 4690 experta
1221 4621 1337 4675 est.
1368 4617 1524 4675 Cum
1559 4613 1721 4675 enim
1751 4633 1912 4678 anno
1955 4623 2186 4696 quarto
2231 4616 2309 4678 ab

741 4707 885 4787 ipso
911 4707 1144 4771 Ordine
1173 4709 1517 4773 constituto
1548 4732 1622 4774 ea
1654 4714 1813 4775 Urbs
1842 4725 2085 4774 sumnia
2129 4731 2317 4774 anno·

745 4824 863 4868 nae
892 4805 1155 4869 caritate
1185 4804 1620 4884 laboravisset3
1650 4809 1966 4873 dirissima
1997 4809 2142 4873 inde
2171 4828 2318 4872 con-

2414 714 2633 777 mortis
2663 711 2946 775 saucibus
2992 712 3372 793 eripuerint,
3404 721 3560 794 quot
3587 732 3807 776 eorum
3858 732 3979 794 ope

2416 811 2677 877 insidias
2704 813 3089 872 Daemonium
3114 809 3395 873 fuisti-ati
3427 811 3576 882 sint,
3611 820 3768 890 quot
3796 818 3987 874 terre·

2413 926 2561 970 num
2605 906 2864 971 exilium
2908 924 3051 969 cnm
3099 905 3357 971 caelesti
3403 908 3595 990 patria
3641 913 3989 971 commuta·

2417 1006 2600 1070 rint?
2631 1004 2832 1067 Foeda
2866 1002 3150 1087 profecto
3178 1010 3324 1068 tunc
3353 1017 3488 1069 erat
3519 1005 3701 1068 Urbis
3745 1003 3981 1080 facie53

2416 1105 2657 1185 ubique
2701 1104 3000 1172 vastitas,
3033 1101 3271 1181 ubique
3315 1104 3579 1175 horror,
3612 1104 3850 1183 ubique
3894 1102 3987 1165 lu-

2418 1211 2590 1276 ctus3
2626 1200 2812 1283 plena
2844 1199 3284 1284 languentibus
3313 1203 3727 1265 Nosocomiat.
3763 1201 3990 1281 plenae

2416 1303 2676 1364 semitae
2702 1344 2722 1371 ‚
2752 1299 2974 1380 plenae
3010 1299 3231 1361 domus
3253 1310 3274 1372 ξ
3300 1306 3462 1362 tecta
3488 1342 3507 1372 ‚
3539 1299 3808 1378 compita
3835 1342 3855 1371 ‚
3902 1299 3993 1360 fo·-

2419 1418 2485 1458 ra
2535 1395 2945 1461 morientium
2989 1394 3335 1479 gemitibus
3394 1396 3789 1458 resonabant;
3834 1394 3991 1467 Quin

2420 1494 2612 1557 etiam
2639 1508 2727 1558 eo·
2748 1493 3120 1558 calamitatis
3150 1492 3481 1555 deventum
3523 1504 3660 1556 erat
3685 1537 3703 1562 ‚
3739 1500 3804 1555 ut
3847 1494 3989 1574 'qni-

2420 1592 2533 1654 bus
2565 1601 2808 1672 pestem
2856 1590 3125 1653 evadere
3155 1591 3365 1653 datum
3399 1589 3646 1663 fueram
3679 1589 3846 1653 fame
3888 1604 3990 1654 o‘c·
4046 1620 4050 1629 ·

2413 1688 2715 1751 cumbere
2744 1690 3160 1769 cogerentur,
3196 1687 3507 1768 multique
3553 1687 3785 1767 reperti
3822 1687 3942 1749 sint
3967 1731 3988 1759 ,

2413 1785 2517 1865 qni
2552 1786 2900 1848 bestiarum
2930 1805 3105 1848 more
3136 1806 3214 1848 ex
3243 1785 3452 1848 crudis
3483 1785 3783 1866 nulloque
3815 1786 3990 1848 habi-

2413 1889 2478 1944 to
2521 1881 2765 1944 delectu
2797 1881 3009 1945 herbis
3037 1882 3316 1946 viverent
3357 1892 3422 1944 et
3451 1890 3987 1967 vescerenturQ-ln

2416 1987 2542 2040 tam
2574 1978 3040 2042 luctuosa'vero
3085 1979 3270 2051 Urbis
3295 1973 3648 2043 calamitate*
3691 1979 3993 2044 Camillus

2417 2076 2846 2158 Religiosiqne
2905 2075 3042 2155 ejus
3100 2077 3375 2139 asseclae
3423 2097 3607 2156 quam
3645 2076 3982 2157 pulchrum

2414 2173 2960 2257 atquejucundum
2990 2173 3465 2252 de’semetipsis
3502 2181 3625 2243 Deo
3643 2183 3706 2236 et
3735 2174 3989 2257 Angelis

2415 2274 2759 2353 praebuere
2805 2271 3231 2353 spectaculum
3252 2276 3277 2333 ·!
3313 2279 3448 2346 Quo
3492 2273 3656 2335 enim
3701 2282 3984 2356 tempore

2415 2368 2806 2432 ineredibilis
2827 2362 3085 2449 qnidam
3115 2377 3318 2433 terror
3334 2379 3521 2452 atque
3539 2370 3815 2434 formido
3845 2391 3993 2434 cun·

2416 2475 2667 2529 ctorum
2699 2476 3059 2548 pervaserat
3095 2469 3340 2531 animos
3365 2511 3385 2540 ‚
3418 2476 3556 2532 c‘nm
3590 2470 3669 2540 de
3700 2488 3808 2531 sua
3852 2458 3989 2550 qui-

2420 2563 2577 2626 libet
2607 2562 2808 2629 salute
2840 2565 3062 2626 anxius
3104 2565 3448 2647 cogitaret,
3481 2586 3618 2628 cum
3652 2567 3756 2630 alii
3802 2566 3944 2648 fuga
3968 2611 3988 2640 ‚

2417 2660 2528 2723 alii
2591 2662 2779 2725 tectis
2840 2657 2982 2726 sese
3043 2663 3209 2725 tueri
3267 2664 3660 2736 studere-nn*
3689 2665 3990 2730 Camillus

2420 2779 2647 2842 agmen
2685 2759 2921 2821 ducens
2951 2780 3202 2823 suorum
3254 2754 3709 2842 Religiosorum
3742 2781 3872 2841 pro·
3898 2785 3992 2826 sa·

2420 2854 2552 2918 lute
2598 2857 2852 2937 publica
2898 2877 2967 2920 se
3013 2854 3289 2921 devovit:
3322 2865 3461 2939 lpse
3505 2860 3879 2939 conquirere
3924 2861 3988 2922 in

2422 2953 2685 3016 stabulis
2705 2955 3072 3040 cryptisqne
3095 2955 3377 3036 jacentes
3408 2956 3625 3036 inopes
3657 2957 3943 3020 homines
3970 2981 3986 3017 ε

2421 3058 2556 3132 lpse
2581 3052 2659 3114 iis
2678 3051 2727 3113 si
2758 3051 3071 3128 esurirent
3104 3073 3325 3135 panem
3356 3051 3662 3136 frangere,
3690 3053 3740 3116 si
3772 3074 3990 3139 aegro-

2419 3156 2619 3211 tarent
2664 3150 2793 3213 suis
2821 3147 3101 3214 sublatos
3157 3150 3435 3215 humeris
3475 3151 3540 3213 in
3595 3153 3992 3220 xenodochia

2419 3246 2796 3311 transferre:
2833 3255 2972 3329 {pse
3004 3267 3156 3311 nova
3178 3251 3424 3333 erigere
3452 3252 3992 3322 Nosocomia‚·ne-

2418 3345 2838 3425 cessariisque
2874 3345 3189 3408 instruere
3220 3349 3410 3409 rebus
3441 3350 3738 3412 omnibus
3769 3357 3897 3411 tum
3925 3352 3993 3412 in

2423 3443 2558 3522 ipsa
2599 3441 2947 3525 Religionis
2996 3446 3410 3512 suae-domo,
3443 3452 3576 3522 tum·
3608 3444 3672 3506 in
3716 3466 3790 3509 ea
3834 3468 3995 3527 quae

2422 3551 2517 3603 est
2546 3541 2620 3602 ad
2653 3550 2935 3604 sanctum
2968 3541 3211 3603 Sixtum
3245 3542 3548 3624 Regione‚
3580 3550 3709 3603 tum
3743 3545 3804 3603 in
3837 3544 3996 3608 Rbe-

2422 3636 2642 3701 darum
2672 3637 2805 3701 viat
2838 3644 2977 3718 lpse
3009 3657 3132 3700 non
3164 3636 3366 3700 solum
3389 3639 3690 3723 ⁸omnibus
3717 3645 4000 3720 Nosocoe

2424 3735 2560 3797 miis
2591 3733 2840 3808 edesse,
2872 3733 2982 3796 sed
3015 3734 3282 3816 privatas
3312 3736 3500 3798 etiam
3534 3734 3849 3816 quaslibet
3880 3739 3989 3798 do·
4033 3817 4046 3826 x

2424 3853 2560 3896 mos
2601 3832 2908 3906 invisere,
2953 3834 3277 3915 portisque
3337 3834 3610 3898 occlusis
3663 3848 3777 3915 per
3819 3825 3989 3898 l'ene·

2426 3939 2622 4001 sti-as,
2673 3929 2863 3993 scalis
2891 3926 3246 4002 'adhibitis‚
3279 3941 3648 4011 penetraret
3688 3938 3827 4013 lpse
3874 3932 3996 3992 sin-

2424 4026 2713 4108 gulorum
2749 4026 2975 4110 plagas.
2994 4047 3211 4091 curare
3233 4070 3253 4098 ‚
3286 4026 3449 4089 luem
3482 4029 3871 4110 abstergere,
3895 4027 3991 4091 le-

2424 4134 2561 4187 ctos
2604 4145 2918 4207 purgare:
2964 4131 3106 4206 lpse
3151 4146 3263 4188 eos
3307 4126 3412 4205 qui
3455 4125 3880 4187 miserandum
3930 4124 3994 4187 in

2429 4217 2683 4304 mod'um
2732 4223 2957 4286 morbo
3001 4221 3605 4315 inficerentur,2suis
3635 4223 3774 4304 ipse
3816 4242 3984 4287 com·

2401 4318 2644 4406 plexos
2683 4319 3010 4392 titanibus,
3055 4339 3199 4382 suas
3242 4320 3377 4400 ipse
3401 4316 3599 4396 “inter
3637 4321 3817 4383 ulnas
3851 4320 3991 4382 elio

2427 4415 2762 4481 transferre
2785 4460 2804 4488 ,
2839 4418 3143 4499 novisque
3174 4415 3427 4480 lectulis
3456 4416 3769 4481 collocare
3797 4441 3818 4477 .·
3852 4424 3992 4499 lpse

2429 4513 2696 4596 denique
2725 4513 2964 4596 ubique
2996 4534 3148 4579 voce
3171 4557 3190 4586 ‚
3226 4513 3462 4595 ubique
3493 4533 3682 4596 opera
3705 4556 3725 4585 ‚
3756 4513 3995 4595 ubique

2426 4612 2655 4683 animo,
2686 4613 2924 4693 ubique
2948 4612 3241 4675 omnibus
3268 4620 3520 4692 praesto
3550 4631 3693 4674 esse
3714 4610 3993 4674 consilio:

2428 4716 2719 4774 lucentes
2762 4730 3048 4776 recreare
3070 4752 3090 4783 ‚
3111 4708 3417 4773 *valentes
3444 4708 3658 4780 alere,
3703 4712 3998 4773 constitu-

2433 4815 2532 4872 tos
2581 4808 2640 4867 in
2676 4807 2897 4869 mortis
2928 4804 3242 4888 angustiis*
3277 4807 3339 4867 in
3372 4813 3480 4886 spe
3523 4813 3587 4869 et
3613 4805 3740 4874 fide
3781 4805 4024 4869 constr-2

751 4911 967 4965 secuta
1012 4901 1240 4967 fuisset
1278 4904 1474 4983 pestis
1496 4948 1515 4977 ‚
1550 4926 1670 4987 qua
1713 4905 1953 4987 aliquot
1997 4907 2326 4970 hominum
2434 4926 2632 4975 mare,
2664 4904 3131 4986 migrantesqne
3163 4923 3242 4965 ex
3272 4902 3386 4966 bac
3416 4904 3536 4964 vita
3568 4903 3805 4974 animas
3833 4904 3996 4983 apud

755 4999 954 5062 millia
985 5008 1355 5081 consumpta
1403 5013 1586 5075 sunt,
1630 5003 1948 5083 explicare
2003 5004 2142 5085 quis
2171 5003 2320 5068 satis
2433 5010 2631 5067 Deum
2690 5001 3118 5074 orationibus,
3164 4999 3526 5074 sacrificiis,
3576 5000 3995 5081 precibusque

746 5098 944 5179 possit
966 5100 1274 5179 quantain
1309 5099 1630 5164 Proximos
1674 5102 2026 5164 exarserint
2054 5100 2321 5166 charite-

749 5201 812 5257 te
843 5194 1199 5276 hujusmodi
1231 5194 1529 5276 Religiosi
1550 5196 1834 5261 homines
1863 5197 2110 5262 Camilli
2136 5198 2323 5262 virtuss

2425 5100 2685 5183 juvare,
2750 5100 3024 5162 omnium
3086 5098 3254 5160 bono
3298 5095 3666 5167 consulere,
3713 5096 3838 5157 sibi
3877 5098 3996 5159 soli

2433 5199 2654 5260 deesse
2679 5219 2798 5268 ‚-se
2823 5193 3026 5264 solum
3056 5195 3373 5278 negligere
3397 5238 3417 5265 ‚
3448 5195 3615 5257 omni
3650 5195 3997 5282 posthabita

754 5300 821 5354 te
853 5291 1271 5374 exemploque
1302 5293 1666 5357 inflammati
1688 5321 1719 5367 ,⁹
1739 5299 1896 5376 quot
1933 5297 2324 5378 susceperint
2434 5296 2528 5359 sui
2559 5295 2839 5376 corporis
2870 5313 3147 5375 suaeque
3180 5292 3554 5356 valetudinis
3587 5293 3843 5354 ratione.
3874 5323 3896 5345 ι

758 5409 875 5471 pro
900 5389 1176 5452 omnium
1211 5389 1411 5454 salute
1442 5389 1725 5466 labores,
1757 5402 1912 5475 quot
1936 5394 2321 5477 praesentis-

2569 5422 2589 5445 ·
2628 5391 2974 5475 singularia
3002 5391 3287 5464 profecto
3332 5397 3472 5455 sunt.
3500 5389 3651 5453 baec
3681 5389 3743 5450 iti
3771 5390 3994 5456 Camil·
