4442 6300
946 544 1015 594 48
1936 540 2141 593 ACTA
2182 537 2838 592 CANoNtzA‘rtoNis

764 686 1075 770 rigidioris
1117 685 1288 750 illius
1330 686 1697 768 discipliuae
1743 693 2027 768 peterent
2067 684 2329 747 societa-

760 789 928 856 tem3
960 788 1022 846 et
1051 783 1103 846 si
1133 791 1261 847 tam
1294 783 1465 846 brevi
1498 790 1785 866 tempore
1809 826 1830 854 ,
1859 788 2151 862 tantaque
2184 778 2326 842 teli-

762 879 948 943 citate
975 888 1410 963 propagatum,
1439 890 1817 960 auctumque
1842 878 2032 942 fuerit
2062 877 2325 962 rigidum

761 975 920 1040 illud
950 977 1301 1041 institutum
1324 1022 1344 1048 ,
1375 977 1552 1041 novis
1581 978 1771 1042 etiam
1818 977 2085 1041 aedibus
2110 1017 2126 1045 ,
2172 994 2326 1055 quas

765 1083 1098 1139 extruxere
1128 1074 1266 1139 solo
1294 1076 1357 1136 in
1387 1075 1530 1139 loco
1558 1076 1636 1138 ad
1668 1074 1862 1156 ripam
1893 1072 2065 1136 Durii
2085 1115 2106 1143 ,
2138 1093 2324 1153 quem

766 1170 1094 1234 Tribulum
1148 1179 1388 1235 vocant.
1428 1171 1586 1244 Quid
1630 1192 1748 1255 ego
1779 1190 1939 1233 nunc
1967 1169 2323 1250 praedicem

762 1268 1039 1352 Regalati
1069 1270 1263 1332 nostri
1293 1270 1737 1333 innocentiam?
1755 1267 1903 1350 quid
1933 1266 2123 1331 animi
2155 1286 2329 1330 man-

765 1367 1215 1431 suetudinem?
1256 1368 1407 1450 quid
1449 1368 1811 1431 comitatem
1835 1410 1854 1437 ,
1913 1364 2287 1429 modestiam
2310 1410 2330 1438 ‚

646 1480 659 1495 ²
765 1464 1239 1545 temperantiam
1265 1508 1285 1538 ,
1315 1473 1717 1546 caeterasque
1752 1463 1919 1527 mitis
1948 1462 2329 1543 benigniqne

761 1562 989 1645 ingenii
1018 1563 1199 1633 dotes
1219 1565 1252 1625 ‘t
1280 1564 1441 1627 Satis
1469 1564 1548 1630 sit
1579 1563 1833 1633 dixisse,
1864 1561 2178 1626 neminem
2207 1560 2330 1623 isto

765 1659 1090 1724 meliorem
1125 1659 1444 1743 magisque
1479 1660 1767 1723 idoneum
1801 1658 2001 1720 visum
2031 1654 2332 1719 villacre-

766 1755 854 1818 tio
875 1798 896 1827 ,
926 1758 1025 1820 cui
1053 1757 1189 1839 ipse
1221 1756 1299 1820 ad
1327 1759 1801 1821 constantiense
1833 1754 2179 1819 Concilium
2215 1756 2336 1818 itu-

764 1870 910 1923 rus,
955 1851 1450 1934 Aquileriensis,
1492 1852 1988 1932 Tribulanaeque
2035 1851 2331 1915 Familiae

764 1968 976 2012 curam
1024 1949 1369 2013 mandaret.
1412 1956 1609 2023 Quam
1656 1948 1909 2030 quidem
1955 1948 2334 2030 procuratio-

765 2064 912 2108 nem
940 2052 1067 2111 tam
1098 2047 1410 2128 sapienter
1428 2055 1493 2109 et
1517 2056 1728 2111 sancte
1748 2045 2198 2109 administravit
2221 2052 2335 2108 Re·

765 2143 1007 2226 galatus
1029 2186 1049 2215 ,
1082 2152 1209 2206 tum
1241 2144 1354 2207 illo
1382 2164 1646 2225 peregre
1678 2153 1940 2226 agente,
1973 2152 2104 2204 tum
2145 2142 2333 2205 etiam

766 2247 904 2323 post
935 2241 1207 2304 reditum
1239 2241 1364 2304 vita
1394 2240 1608 2303 functo
1631 2284 1651 2312 ,
1681 2248 1740 2302 ut
1777 2238 2028 2301 sodales
2057 2239 2334 2303 absentis

764 2338 1031 2416 primum
1055 2379 1075 2410 ,
1121 2357 1192 2401 ac
1225 2336 1494 2400 subinde
1524 2338 1750 2399 mortui
1783 2334 2125 2397 villacretii
2170 2335 2333 2397 desi·

765 2433 1003 2497 derium
1033 2453 1239 2514 aequo
1268 2433 1476 2497 animo
1520 2431 1791 2505 ferrent,
1835 2452 2024 2512 quitum
2071 2431 2334 2495 atterius

767 2532 827 2590 in
858 2531 1057 2593 altero
1088 2550 1305 2593 omnes
1334 2549 1483 2594 vere
1513 2549 1841 2608 expressas
1871 2528 2126 2592 virtutes
2167 2528 2335 2591 vide-

765 2633 941 2696 rent,
987 2636 1052 2689 et
1096 2627 1347 2692 abunde
1392 2626 1512 2690 sibi
1561 2626 1771 2688 omnia
1816 2646 1931 2706 per
1974 2624 2332 2707 Regalatum

768 2731 1122 2804 suppetere,
1148 2745 1307 2803 quae
1339 2722 1627 2786 conferre
1654 2721 2051 2787 Villam-etius
2080 2742 2339 2787 consue·

768 2829 940 2883 verat
963 2863 983 2892 ,
1014 2820 1406 2901 tuendaeque
1442 2829 1563 2881 tam
1594 2819 1909 2893 Familiae,
1938 2840 2123 2901 quam
2150 2820 2340 2883 disci·

767 2915 972 2999 pliuae
1004 2936 1162 2996 opus
1194 2924 1384 2985 erant.
1410 2916 1666 2981 Sublato
1694 2916 1880 3000 igitur
1907 2936 1943 2979 e
1970 2916 2123 2979 vivis
2146 2916 2337 2978 vilta-

767 3012 1003 3085 cretio,
1037 3012 1099 3073 in
1133 3012 1196 3074 id
1224 3013 1542 3094 impendio
1572 3020 1717 3076 tunc
1747 3013 1944 3096 magis
1975 3014 2338 3076 incumbere

768 3128 1099 3193 aggressus
1129 3117 1225 3174 est
1252 3116 1471 3175 Petrus
1514 3118 1763 3183 noster,
1796 3119 1866 3174 ut
1894 3129 1970 3174 ne
1998 3109 2144 3192 quid
2182 3110 2336 3173 inde

767 3206 1123 3269 detrimenti
1158 3207 1422 3271 societas
1464 3215 1760 3290 caperet,
1804 3209 1916 3271 sed
1962 3214 2127 3272 sarta
2173 3217 2335 3272 tecta

769 3305 975 3367 omnia
1007 3311 1217 3368 essent
1241 3347 1261 3376 ,
1306 3325 1466 3386 quae
1492 3303 1745 3368 fuerant
1783 3304 1909 3386 jam
1957 3305 2294 3367 constituta
2316 3346 2337 3376 ,

768 3401 936 3483 quod
974 3399 1071 3463 vel
1107 3400 1374 3463 maxime
1406 3398 1619 3462 effecit
1649 3401 1710 3460 in
1743 3400 2033 3463 omnibus
2056 3398 2335 3482 seipsum

765 3496 1133 3578 praebendo
1175 3495 1274 3578 (a)
1318 3494 1675 3574 exemplum
1722 3496 2028 3558 bonorum
2075 3514 2332 3576 operum

766 3592 827 3654 in
858 3594 1164 3663 doctrina,
1195 3593 1254 3653 in
1282 3593 1668 3674 integritate,
1701 3590 1762 3651 in
1794 3591 2115 3673 gravitate.
2149 3597 2336 3663 Nam,

767 3707 906 3753 cum
940 3687 1239 3750 Sacerdos
1256 3686 1366 3748 Dei
1399 3696 1592 3758 esset,
1616 3706 1758 3749 cum
1791 3686 2015 3767 primis
2043 3694 2248 3751 castus
2271 3695 2334 3749 et

767 3784 1067 3845 innocens
1095 3825 1114 3854 ,
1143 3784 1307 3846 baud
1337 3782 1521 3846 t‘acile
1555 3791 1649 3844 est
1681 3791 2032 3847 memoratu
2058 3829 2078 3857 ,
2110 3796 2337 3863 quanta

765 3898 902 3944 cum
940 3877 1265 3960 Religione
1300 3878 1492 3941 sacris
1522 3878 1807 3958 quotidie
1840 3889 2227 3959 operaretur.
2261 3885 2339 3944 O-

767 3973 939 4035 randi
973 3979 1177 4058 autem
1207 3974 1632 4054 precandique
1662 3980 1784 4038 tam
1820 3980 1957 4037 erat
1985 3975 2335 4046 studiosus,

766 4081 839 4133 ut
867 4068 1014 4132 nihil
1046 4070 1254 4151 potius
1285 4070 1543 4134 haberet
1567 4114 1587 4142 ,
1631 4090 1817 4152 quam
1852 4074 2031 4134 statis
2061 4070 2183 4133 diei
2232 4091 2337 4133 no·

765 4167 1011 4247 ctisque
1041 4166 1212 4230 horis
1254 4167 1720 4247 Redemptionis
1750 4174 2001 4230 nostrae
2043 4168 2339 4251 mysteria

768 4263 1015 4347 singula
1067 4263 1347 4326 meditari
1374 4307 1395 4336 ‚
1455 4285 1651 4346 seque
1708 4264 2072 4328 caelestium
2124 4284 2333 4327 rerum

769 4358 1302 4442 contemplatione
1345 4360 1625 4428 reficere.
1659 4366 1791 4433 Qua
1824 4360 2226 4441 potissimum
2271 4381 2337 4424 re

769 4456 967 4521 fiebat
987 4500 1006 4529 ,
1035 4466 1106 4520 ut
1133 4477 1295 4538 quae
1327 4458 1465 4537 ejus
1495 4458 1725 4538 alioqui
1757 4460 2008 4541 egregia
2039 4467 2209 4521 esset
2238 4459 2338 4519 Di-

766 4553 1050 4617 vinarum
1086 4574 1290 4615 rerum
1322 4554 1604 4627 scientia,
1634 4553 1730 4617 vet
1764 4554 1951 4618 etiam
1982 4554 2182 4617 multo
2214 4575 2339 4615 ma-

764 4649 869 4734 jor
897 4658 1066 4714 esset
1099 4671 1175 4711 ex
1205 4650 1319 4713 bac
1349 4656 1517 4714 tanta
1553 4652 1890 4715 meditandi
1918 4661 1985 4716 et
2014 4672 2339 4716 commen-

770 4747 940 4811 tandi
966 4747 1348 4810 assiduitate.
1372 4747 1546 4820 Quod
1572 4748 1738 4812 clare
1766 4749 1965 4831 patuit
1982 4756 2111 4811 tum
2136 4771 2213 4812 ex
2237 4771 2334 4818 ea.

770 4863 953 4926 quam
987 4851 1216 4906 rectam
1239 4864 1312 4906 ac
1340 4864 1487 4906 vere
1516 4844 1883 4909 catholicam
1919 4854 2229 4927 perpetuo
2260 4847 2338 4909 ad

770 4949 1043 5004 mortem
1087 4960 1289 5020 usque
1335 4941 1596 5005 retinuit
1642 4941 1716 5004 de
1763 4944 1955 5005 rebus
1998 4942 2162 5005 Fidei
2205 4962 2336 5005 cre·

770 5035 958 5099 dendi
990 5056 1062 5099 ac
1104 5035 1366 5099 docendi
1411 5036 1738 5116 regulam,
1784 5046 1915 5099 tum
1962 5058 2214 5118 quoque
2259 5058 2334 5099 ex

2440 684 2602 748 baud
2643 687 2883 751 veritus
2927 694 3025 751 est
3069 707 3181 771 pro
3225 687 3598 753 defensione
3655 685 4003 771 Religionis

2442 792 2690 848 nostrae
2715 811 2734 859 ς
2764 793 2893 848 tum
2925 785 3152 849 deinde
3180 786 3371 849 etiam
3403 807 3483 850 ex
3511 786 3649 868 ejus
3681 784 4005 849 efficacita-

2439 889 2504 945 te
2548 884 2884 953 orationis,
2930 904 3087 965 quae
3131 892 3298 947 tanta
3341 896 3521 958 erat,
3564 891 3631 946 ut
3673 883 3819 946 nihil
3875 903 4000 947 non

2439 978 2797 1060 eloquendo
2842 979 3234 1062 pervinceret
3277 1003 3349 1046 ac
3391 982 3840 1061 persuaderem
3883 980 4004 1042 etsi

2436 1075 2571 1158 ipse
2603 1075 2829 1140 solitus
2858 1083 3111 1156 accepta
3144 1078 3352 1142 omnia
3384 1083 3514 1141 Deo
3544 1076 3782 1140 referre
3805 1119 3826 1147 ,
3856 1074 4009 1137 nibil

2440 1193 2510 1235 se
2539 1173 2703 1236 scire
2719 1172 3054 1255 judicaret,
3082 1173 3185 1257 (b)
3215 1174 3330 1237 nisi
3357 1180 3571 1237 Iesum
3599 1173 3914 1243 Christum
3947 1176 4014 1234 et

2439 1270 2601 1334 bunc
2625 1270 3025 1335 crucifixum.
3047 1275 3265 1353 Magna
3287 1292 3359 1335 ea
3385 1270 3636 1351 quidem
3660 1277 3800 1332 sunt
3825 1275 3890 1334 Β.
3915 1276 4002 1339 P.,

2442 1368 2551 1432 sed
2582 1389 2705 1432 non
2725 1390 2800 1432 ea
2831 1376 3040 1432 tamen
3061 1367 3230 1434 iltico
3261 1374 3606 1449 sunt,quae
3637 1386 3846 1430 veram
3871 1385 4007 1445 per-

2441 1464 2800 1548 fectamque
2831 1468 3210 1531 constituant
3236 1464 3553 1530 christiani
3581 1463 3853 1526 bominis
3887 1461 4013 1526 t'or·

2445 1584 2656 1637 mam,
2701 1564 2752 1628 si
2781 1584 3000 1628 verum
3033 1562 3191 1626 illud
3220 1572 3362 1635 est,
3408 1562 3575 1644 quod
3621 1571 3719 1625 est
3760 1560 4008 1624 verissi-

2443 1660 2901 1732 mum,virtutis
2928 1658 3179 1724 laudem
3214 1679 3462 1723 omnem
3497 1658 3560 1718 in
3589 1656 3833 1721 actione
3865 1675 4008 1718 con·

2442 1757 2694 1821 sistere.
2739 1764 2828 1820 Tu
2873 1756 3064 1820 modo
3110 1776 3297 1838 perge
3342 1762 3408 1818 B.
3441 1762 3506 1818 P.
3540 1754 3804 1836 benigne
3848 1751 4000 1814 mihi

2445 1872 2631 1919 aures
2672 1855 2980 1933 praebere
3008 1853 3151 1914 dum
3202 1851 3399 1916 doceo
3427 1871 3548 1914 non
3580 1871 3658 1914 ex
3691 1850 3771 1912 iis
3815 1847 4011 1911 fnisse

2441 1956 2689 2013 Petrum
2717 1958 2999 2014 nostrum
3029 1950 3190 2013 vitae
3233 1968 3604 2029 morumque
3648 1946 3965 2029 magistris
3989 1988 4009 2013 ,

2445 2047 2551 2129 qni
2586 2045 2774 2109 aliter
2799 2047 3051 2119 vivunt,
3099 2047 3281 2110 aliter
3312 2044 3731 2126 praecipiuntz
3776 2042 3887 2108 sed
3929 2041 4008 2104 ad

2445 2151 2594 2221 lesu
2626 2144 2846 2208 Christi
2892 2144 3236 2208 Servatorts
3262 2144 3460 2206 nostri
3488 2140 3844 2222 exemplum
3876 2161 4002 2203 otu-

2443 2241 2542 2302 nia
2588 2261 2731 2302 eum
2777 2240 3039 2313 fecisse,
3086 2262 3247 2323 quae
3292 2240 3578 2304 docebat.
3622 2237 4010 2317 Pauper-tatis

2445 2338 2854 2419 Evangelicae
2898 2359 3057 2402 unus
3100 2338 3372 2401 omnium
3417 2336 3624 2402 cultor
3663 2334 3778 2398 t'uit
3807 2355 3879 2398 ac
3909 2354 4012 2396 cu-

2447 2441 2577 2497 stos
2603 2435 3137 2516 vigilantissimus,
3163 2434 3522 2515 famemque
3552 2442 3616 2494 et
3639 2431 4012 2501 nuditatem,

2444 2537 2508 2593 et
2537 2528 2788 2593 labores
2811 2550 3265 2611 aerumnasque
3299 2551 3519 2593 omues
3552 2538 3676 2592 tam
3699 2526 3884 2591 facile
3908 2547 4010 2607 pa-

2445 2627 2741 2698 tiebatur,
2765 2638 2834 2689 ut
2865 2628 3095 2708 quibus
3128 2627 3397 2689 maxime
3432 2629 3617 2691 rebus
3645 2626 4013 2706 perturban-

2451 2732 2553 2787 tur
2579 2724 2857 2787 bomines
2878 2767 2897 2795 ,
2928 2724 3005 2787 iis
3033 2706 3150 2786 itto‘
3178 2744 3553 2806 magnopere
3582 2723 3803 2785 laetari
3838 2721 4012 2787 oble·

2446 2820 2727 2900 starique
2759 2819 3095 2882 videretur.
3128 2820 3216 2883 Ad
3245 2820 3403 2882 baec
3433 2820 3528 2903 (c)
3559 2819 3726 2883 mitis
3768 2825 3899 2882 erat
3946 2812 4013 2880 et

2445 2914 2705 2978 humilis
2736 2916 2928 2979 corde
2957 2941 2977 2989 ς
3007 2936 3167 2996 quae
3196 2935 3342 2979 sane
3370 2915 3605 2988 virtus,
3649 2935 3844 2996 quum
3889 2934 4011 2977 una

2447 3012 2725 3075 omnium
2748 3012 3043 3082 maxime,
3076 3021 3146 3075 ut
3175 3033 3312 3077 mea
3343 3012 3594 3093 quidem
3628 3012 3753 3076 t‘ert
3772 3011 4010 3092 opinio,

2447 3107 2694 3198 propria
2727 3109 2806 3172 sit
2841 3108 3038 3193 magni
3062 3109 3378 3190 erectique
3400 3108 3476 3172 ad
3500 3107 3754 3172 Caelum
3790 3107 4009 3182 animi;

2447 3202 2586 3268 hinc
2614 3204 2725 3267 Vir
2758 3205 2868 3267 Dei
2902 3205 3108 3267 omnia
3141 3204 3304 3267 infra
3335 3225 3403 3267 se
3432 3213 3689 3285 putare,
3723 3203 3869 3266 nibil
3902 3223 4010 3264 un·

2447 3320 2636 3380 quam
2670 3321 2963 3379 arrogare
2998 3301 3158 3375 sibi3
3181 3322 3431 3382 quoque
3464 3302 3704 3384 majore
3734 3301 3798 3362 in
3822 3299 4011 3364 bono·

2453 3416 2521 3458 re
2548 3395 2884 3460 baberetur
2916 3405 2980 3461 et
3009 3397 3248 3461 cunctis
3294 3405 3464 3461 esset
3491 3398 3733 3468 carior,
3763 3416 3842 3460 eo
3884 3416 4012 3460 am-

2448 3494 2614 3575 plius
2658 3496 2776 3557 sibi
2810 3494 3144 3576 displicere
3187 3495 3632 3574 humiliterque
3677 3514 3898 3575 agere,
3942 3512 4014 3556 ac

2450 3610 2591 3653 sese
2637 3591 2956 3673 abjicere3
3000 3598 3066 3654 et
3093 3591 3237 3655 binc
3280 3591 3705 3671 pauperibus,
3747 3588 4013 3670 aliisque

2453 3688 2699 3750 miseris
2756 3695 2820 3750 et
2872 3687 3258 3751 calamitosis
3299 3687 3650 3751 bominibus
3676 3731 3695 3758 ,
3739 3685 3844 3766 qui
3890 3683 4012 3749 t're·

2448 3783 2843 3863 quentissimi
2875 3783 3359 3864 circumquaque
3392 3784 3470 3847 ad
3497 3805 3565 3846 se
3594 3782 4011 3854 confluebant,

2448 3886 2705 3962 egentes
2735 3878 2915 3962 opis,
2948 3878 3202 3950 auxilii,
3246 3889 3352 3943 aut
3395 3878 3678 3950 consilii,
3724 3878 4015 3944 omnibus

2451 3985 2699 4058 praesto
2728 3997 2871 4040 esse
2895 4022 2916 4052 ,
2947 3997 3184 4058 eosque
3216 3977 3486 4060 benigne
3515 3971 3883 4057 prolixeque
3911 3993 4014 4035 ac·

2447 4071 2692 4152 cipere,
2724 4080 2788 4135 et
2816 4071 3047 4154 quibus
3075 4075 3342 4136 maxime
3372 4084 3583 4156 posset
3618 4082 3804 4153 atque
3836 4089 4015 4150 opor·

2448 4172 2657 4239 teret,
2686 4169 2874 4231 rebus
2899 4168 3118 4251 juvare
3141 4211 3159 4237 ,
3191 4166 3518 4249 laetosque
3552 4169 3666 4230 abs
3699 4189 3767 4230 se
3798 4166 4012 4230 dimit·

2448 4267 2604 4325 tere.
2645 4271 2801 4327 Tum
2844 4273 3168 4345 praeterea
3209 4265 3463 4346 insuper
3503 4264 3728 4345 insigni
3774 4271 3839 4326 et
3879 4263 4011 4343 ipse

2450 4357 2568 4421 suit
2595 4360 2980 4426 continentia
3002 4404 3023 4435 ,
3054 4363 3158 4443 qui
3186 4404 3205 4431 ,
3237 4383 3426 4443 quum
3462 4361 3659 4424 semel
3690 4360 4008 4441 Virginem

2447 4462 2577 4517 Deo
2608 4475 2748 4520 sese
2773 4479 2806 4520 a
2838 4458 3097 4538 parvulo
3116 4458 3484 4529 dedidisset,
3509 4457 3700 4539 Virgo
3726 4475 4014 4538 perman·

2451 4554 2532 4616 sit
2577 4554 2640 4614 in
2671 4574 2932 4616 aevum:
2979 4555 3208 4634 insigni
3244 4557 3394 4619 item
3426 4564 3612 4634 atque
3656 4550 4011 4615 incredibili

2450 4651 2656 4716 socios
2701 4660 2766 4714 et
2809 4650 3096 4714 alumnos
3141 4672 3288 4714 suos
3317 4671 3388 4714 ac
3418 4657 3676 4714 cunctos
3713 4648 4013 4714 mortales

2447 4747 2884 4811 benevolentia
2915 4756 2980 4810 et
3014 4748 3313 4811 charitate
3355 4744 3718 4828 complexus
3762 4764 4016 4826 semper

2447 4844 2563 4909 tuit
2584 4887 2604 4916 ,
2637 4854 2706 4907 ut
2733 4844 2834 4927 (d)
2862 4864 3008 4908 vere
3041 4843 3334 4907 omnibus
3363 4846 3563 4907 omnia
3597 4842 3796 4906 factus
3837 4838 4011 4903 vide·

2447 4951 2646 5012 retur,
2668 4950 2859 5021 atque
2881 4947 2944 5002 ut
2969 4960 3092 5005 uno
3114 4940 3309 5003 verbo
3338 4938 3687 5008 absolvam,
3718 4933 3888 4998 nulla
3911 4936 4018 4998 de⁴

2445 5037 2635 5118 nique
2665 5035 2781 5100 fuit
2809 5057 2911 5100 res
2933 5081 2952 5106 ,
2983 5037 3042 5098 in
3075 5057 3194 5118 qua
3224 5056 3346 5099 non
3369 5043 3537 5098 recte
3566 5041 3630 5096 et
3661 5032 3973 5114 sapienter
3992 5073 4012 5102 ,

772 5132 991 5197 multis
1034 5133 1489 5196 certaminibus
1513 5175 1533 5204 ,
1594 5153 1755 5213 quae
1809 5131 2058 5196 fortiter
2116 5132 2330 5195 subire
2441 5141 2569 5195 tum
2602 5133 2788 5195 etiam
2820 5131 3062 5195 fortiter
3093 5143 3151 5195 et
3187 5131 3507 5193 moderate
3544 5151 3610 5192 se
3644 5129 3907 5210 gesserit
3939 5127 4001 5189 in

877 5353 961 5424 (a)
999 5354 1098 5406 Ad
1129 5355 1231 5406 Tit.
1263 5371 1383 5422 cap.
1411 5356 1466 5405 2.
1494 5372 1638 5407 vers.
1668 5358 1719 5436 ‘Is

881 5441 972 5512 (b)
1013 5444 1059 5493 1.
1097 5441 1300 5494 Corint.
1324 5441 1378 5493 2.
1406 5458 1548 5494 vers.
1575 5442 1626 5493 2.

2553 5355 2637 5425 (c)
2675 5356 2876 5409 Mateta.
2909 5372 3029 5422 cap.
3060 5356 3109 5405 δ.
3141 5371 3281 5405 vers.
3310 5356 3361 5404 5.

2562 5442 2653 5512 (d)
2693 5444 2740 5493 1.
2776 5443 2897 5495 Cor.
2925 5441 3015 5492 22.
