4442 6300
1505 516 1850 585 Quinque
1901 514 2371 571 sanctonum
2409 519 2576 571 mc.

442 658 836 747 gratissimos
863 680 1149 727 rosarum
1178 661 1370 726 flores
1427 668 1685 743 repente
1744 679 2007 726 conver-

443 778 551 823 sae
575 801 595 831 ,
624 758 856 840 quibus
889 756 1117 823 eximia
1156 756 1321 821 Petri
1354 756 1633 841 Regalati
1666 756 1730 819 in
1772 764 2007 839 Paupe-

439 854 841 943 res-ebaritas
873 853 989 916 fuit
1017 855 1097 919 ab
1127 852 1488 936 improvidis
1515 846 1655 936 ejus
1698 853 2008 917 obtrecta-

444 951 687 1016 toribus
719 948 1101 1015 mirabiliter
1127 940 1461 1015 vindicata.
1494 951 1615 1014 Sed
1654 950 1840 1035 longe
1876 970 2005 1013 me-

447 1046 569 1111 lior
598 1056 665 1113 et
693 1049 947 1114 suavior
975 1048 1201 1113 Christi
1236 1049 1392 1113 odor
1419 1046 1537 1111 l'nit
1564 1049 1699 1132 ipse
1741 1056 1966 1113 Petrus
1986 1090 2008 1121 ,

441 1147 1035 1229 quumSerapbicae
1066 1145 1355 1210 Familiae
1396 1145 1648 1211 hortum
1701 1169 1738 1212 a
1793 1145 2009 1229 primi·

442 1232 627 1329 genio
660 1244 1066 1331 Evangelicae
1100 1242 1503 1328 perfectionis
1525 1245 1680 1310 flore
1711 1242 2010 1309 deficien-

442 1348 572 1426 t‘em
592 1385 616 1417 ‚
637 1349 936 1424 tanquam
966 1340 1168 1405 lilium
1198 1341 1261 1404 in
1291 1340 1552 1406 dumeto
1590 1340 2010 1406 foecundissi-

441 1458 544 1502 me
588 1438 945 1522 germinans
967 1481 987 1512 ‚
1047 1438 1311 1520 perenni
1370 1438 1671 1503 virtutum
1729 1437 2008 1502 omnium

436 1532 776 1620 fragrantia
807 1536 1114 1601 recreavit
1140 1534 1604 1620 roboravitque.
1634 1542 1825 1600 Decet
1849 1534 2009 1619 jam-

439 1651 593 1699 vero
614 1676 636 1705 ‚
664 1638 1129 1698 anrlssmss
1158 1639 1411 1699 PATER
1434 1626 1464 1705 ‚‘
1487 1641 1807 1698 strenuum
1847 1632 2011 1698 huno

442 1728 779 1794 severioris
811 1728 1145 1811 religiosae
1177 1729 1551 1813 disciplinae
1607 1736 2013 1793 Restaurato·

448 1836 583 1890 rem
615 1826 1053 1891 communibus
1080 1826 1408 1891 universae
1442 1824 1764 1890 Ecclesiae
1813 1824 2011 1890 laudi·

442 1924 565 1993 bus
594 1923 951 1997 celebrari,
980 1930 1048 1987 ut
1080 1925 1508 2007 unusquisque
1534 1922 1834 1988 Fidelium
1869 1924 2010 2006 ejus

442 2020 739 2104 exemplo
767 2030 958 2103 atque
988 2020 1301 2103 praesidio
1352 2020 1652 2095 fulcitus,
1708 2028 2009 2104 tanquam

439 2117 561 2183 flos
589 2128 794 2184 terrae
821 2118 1251 2185 fructificantis
1295 2125 1427 2183 Deo
1448 2163 1470 2194 ,
1531 2118 1793 2184 vividior
1847 2139 2012 2185 sem·

441 2224 559 2300 p‘er
584 2212 875 2282 effloreat
902 2221 969 2280 in
997 2214 1552 2283 sanctificationem
1589 2235 1796 2282 suam.

486 2411 990 2477 ramssmcvs
1022 2414 1138 2475 Tit.
1167 2412 1229 2476 S.
1282 2412 1607 2476 Pauci-atii
1646 2413 1968 2490 Presbyter

903 2512 1259 2574 Gurdinalis
1285 2512 1533 2573 Lentos.

567 2706 856 2769 Intertot
875 2746 896 2777 ,
955 2722 1114 2786 quos
1167 2700 1624 2786 amplissimum
1682 2702 2006 2784 Hispania·

445 2796 593 2861 rum‘
616 2805 939 2882 Regnum,
969 2798 1164 2889 veluti
1196 2800 1462 2863 uberem
1520 2798 1775 2882 pietatis
1834 2818 2012 2891 sege·

440 2894 569 2959 te'm
591 2941 613 2971 ,
642 2896 807 2960 omni
837 2918 991 2962 aevo
1038 2895 1185 2961 tulit
1238 2895 1608 2978 conspicuos
1667 2896 2008 2960 Sanctitate

443 2992 626 3057 Viros
646 3039 668 3070 ‚
699 2994 1011 3079 insignem
1043 3001 1214 3059 certe
1242 2993 1449 3058 locum
1474 2993 1622 3077 jure
1659 2994 1908 3058 obtinet
1936 2998 2005 3056 B.

438 3092 661 3156 Petrus
684 3093 1021 3177 Regalatus
1054 3091 1389 3158 strictioris
1412 3090 1504 3154 ibi
1536 3090 1912 3176 disciplinae
1941 3092 2008 3156 in

443 3188 849 3255 Franciscana
876 3189 1139 3256 Familia
1168 3189 1411 3255 Author
1448 3189 1734 3255 eximius.
1789 3195 2011 3264 Quam·

442 3305 630 3368 quam
659 3288 833 3351 enim
866 3288 1131 3354 oculatis
1155 3287 1452 3352 'restibus
1478 3330 1499 3361 ,
1559 3294 1745 3372 prout
1806 3287 2004 3353 moris

446 3393 547 3449 est
568 3427 588 3457 ‚
623 3385 823 3468 ipsius
850 3385 1138 3451 heroicae
1166 3386 1428 3450 virtutes
1455 3386 1537 3449 ob
1569 3385 1877 3469 temporis
1905 3405 2010 3449 an·

440 3480 796 3564 tiquitatem
828 3482 1083 3548 minime
1114 3483 1364 3565 probari
1397 3488 1629 3565 queant
1653 3526 1673 3556 ,
1701 3480 1917 3546 floruit
1945 3502 2011 3547 e-

444 3578 575 3642 nim
606 3580 823 3645 seculo
852 3585 1007 3656 XV„
1042 3579 1246 3664 Ipsius
1273 3589 1486 3644 tamen
1516 3585 1821 3664 perpetua
1878 3578 2012 3661 qui·

447 3671 591 3741 dem
621 3698 693 3742 ac
723 3686 1015 3743 constans
1046 3677 1217 3742 fama
1246 3678 1599 3742 sanctitatis
1627 3675 1816 3760 longe
1855 3674 2012 3741 late-

444 3792 569 3855 que
599 3792 712 3854 per
736 3775 1097 3858 Hispaniam
1127 3775 1477 3838 universam
1498 3817 1519 3849 ,
1551 3782 1677 3838 tam
1714 3773 1864 3836 dum
1926 3772 2013 3838 vi·

440 3875 656 3943 reret,
686 3891 875 3953 quam
906 3880 1051 3954 post
1078 3869 1220 3954 ejus
1249 3870 1491 3935 obitum
1537 3869 1820 3935 omnium
1880 3890 2013 3935 ser-

446 3973 634 4033 mone
665 3967 990 4033 bominum
1024 3973 1354 4053 pervagata
1379 4010 1401 4042 ,
1429 3988 1502 4032 ac
1539 3967 1916 4032 certissimis
1941 3967 2014 4030 fl-

447 4064 528 4129 de
560 4066 984 4131 monumentis
1003 4085 1116 4148 per
1133 4085 1350 4130 manus
1381 4064 1573 4129 veluti
1603 4066 1857 4146 tradita,
1877 4063 2013 4130 lon-

443 4180 675 4246 gaevus
705 4162 968 4247 insuper
992 4164 1057 4226 in
1087 4183 1232 4228 eum
1292 4162 1707 4245 Hispanorum
1766 4162 2011 4238 cultus,

445 4259 620 4344 signa
649 4260 839 4324 etiam
866 4261 1072 4344 ipsius
1100 4259 1345 4325 meritis
1385 4279 1420 4323 a
1450 4266 1583 4325 Deo
1642 4278 1714 4325 ac
1769 4268 2012 4343 patrata
2060 4289 2061 4292 ¹

444 4357 733 4440 prodigia
768 4353 1019 4423 oninino
1050 4357 1396 4442 efflagitare
1442 4358 1775 4431 videntur,
1833 4363 2014 4423 BEA-

444 4460 747 4520 ussum
779 4462 1032 4521 PAJrER
1059 4499 1079 4528 ,
1109 4454 1292 4519 illum
1350 4455 1521 4520 inter
1576 4460 1832 4520 sanctos
1887 4456 2013 4521 rite

446 4570 591 4616 esse
618 4553 1214 4652 connumerandum.

510 4746 1024 4811 -tafflclscns
1055 4750 1169 4810 Tit.
1203 4751 1264 4811 S.
1300 4750 1537 4811 Marias
1572 4752 1640 4810 do
1677 4748 1916 4824 Populo

626 4933 635 4940 ·
729 4846 1053 4922 Presbyter
1083 4850 1433 4909 Cardianus
1464 4850 1731 4909 Riccius.

574 5041 1037 5136 nssa'rrssmss
1069 5046 1344 5106 PATER.
1378 5046 1445 5105 B.
1476 5047 1701 5105 Petrus
1747 5037 2009 5124 Regale-

448 5141 550 5199 tus
579 5139 1230 5236 consummatissimae
1260 5136 1630 5204 christianae
1681 5136 2016 5221 perfectio·

448 5231 941 5322 nis‘argumenta
972 5236 1200 5318 inipso
1230 5234 1588 5302 claustralis
1646 5236 1892 5299 Ordinis
1949 5240 2010 5298 S.

3401 520 3503 571 1⁹1

2117 659 2259 744 ejus
2282 704 2302 734 ‚
2333 668 2401 725 et
2428 658 2698 726 erudivit
2727 678 2890 728 eum.
2921 659 3019 725 Nil
3045 659 3271 725 mirum
3303 660 3497 742 igitur
3517 661 3687 743 quod

2115 756 2316 841 ipsius
2344 757 2872 839 praeclarissimas
2901 758 3220 831 Virtutes,
3264 757 3474 831 Fidei,
3533 756 3681 840 Spei

2118 864 2187 920 et
2212 853 2539 920 eharitatis
2570 855 2984 921 cumulaverit
3039 855 3338 921 Dominus
3398 862 3489 919 tot
3530 855 3684 920 insi·

2118 952 2345 1035 guibus
2372 952 2557 1017 donis
2584 961 2652 1018 et
2682 954 3001 1019 miraculis
3023 997 3044 1028 ‚
3075 954 3211 1036 ipsa
3260 973 3470 1017 rerum
3505 950 3683 1018 natu·

2118 1069 2185 1115 ra
2213 1044 2555 1115 famulante
2586 1048 2758 1115 meli
2788 1071 2859 1116 ac
2921 1051 3209 1135 prudenti
3273 1057 3501 1123 Servo,
3568 1050 3678 1133 qui

2119 1147 2566 1213 ardentissimo
2595 1167 2805 1214 amore
2832 1158 2900 1214 et
2926 1169 3088 1231 puro
3129 1150 3324 1214 corde
3381 1149 3521 1232 ejus
3579 1169 3684 1212 au-

2117 1251 2362 1309 ctorem
2393 1252 2530 1312 toto
2557 1244 2725 1311 vitae
2752 1246 3066 1311 curriculo
3099 1246 3524 1311 intensissime
3578 1265 3685 1311 co·

2118 1340 2259 1405 luit.
2292 1349 2461 1419 Quae
2491 1363 2633 1407 cum
2668 1344 2757 1408 ita
2787 1344 2906 1407 sint
2930 1388 2951 1417 ,
2983 1353 3164 1409 tuum
3194 1345 3323 1409 erit
3374 1349 3680 1408 BEATIS-

2120 1445 2303 1504 sluss
2329 1447 2624 1516 PATER,
2655 1441 2868 1505 Virum
2899 1442 3090 1506 istum
3123 1442 3314 1505 tantis
3344 1442 3592 1506 meritis
3620 1447 3688 1507 et

2116 1537 2425 1621 prodigiis
2452 1547 2885 1604 coruscantem
2918 1546 3280 1604 Sanctorum
3314 1538 3516 1604 Fastis
3575 1539 3686 1603 ad·

2121 1636 2399 1701 scribere
2419 1679 2442 1711 ‚
2471 1644 2544 1701 ut
2568 1656 2796 1701 novum
2828 1636 3356 1702 christifidelibus
3388 1637 3469 1702 sit
3496 1637 3686 1700 virtu-

2117 1738 2250 1795 tum
2281 1734 2607 1814 exemplar
2626 1777 2646 1807 ,
2677 1733 2785 1815 qui
2813 1732 2875 1796 in
2905 1734 3200 1800 omnibus
3256 1755 3327 1799 se
3383 1735 3684 1818 praebuit

2116 1828 2422 1897 factorem
2455 1832 2767 1898 bonorum
2796 1851 3072 1915 operum.

2124 2122 2574 2187 Ana-omns
2607 2124 2722 2187 m.
2756 2124 2818 2187 s.
2855 2124 3141 2187 sumere
3163 2120 3232 2185 a·
3263 2128 3479 2202 capua
3506 2110 3699 2189 rm:

2494 2225 2665 2300 bum·
2689 2226 3046 2286 Gordianum
3076 2226 3295 2302 Rufus.
3353 2319 3358 2323 .

2237 2516 2473 2580 Beatus
2500 2519 2725 2580 Petrus
2751 2514 3032 2599 Regalati
3058 2516 3221 2580 viam
3251 2512 3683 2580 mandatorum

2116 2608 2231 2673 Dei
2258 2611 2569 2686 cucurrit,
2596 2633 2735 2676 cum
2767 2614 3066 2677 Dominus
3114 2617 3194 2678 ab
3250 2613 3682 2679 adolescentia

2118 2704 2406 2777 dilatavit
2433 2727 2547 2773 cor
2573 2708 2733 2792 ejus.
2761 2711 2942 2776 Viam
2974 2710 3327 2794 hujusmodi
3368 2710 3687 2794 ingressus

2116 2802 2394 2887 incepit,
2423 2805 2730 2889 perfecit,
2757 2807 3336 2890 consummavitque
3389 2808 3683 2872 innocen·

2118 2908 2234 2966 ter.
2283 2905 2574 2986 Impuber
2626 2904 2828 2967 adbuc
2889 2904 3329 2969 Franciscanae
3387 2903 3680 2970 Familiae

2117 2992 2350 3063 nomen
2379 2998 2576 3074 dedit,
2606 3010 2794 3083 atque
2825 3001 2940 3067 ba‘c
2970 3021 3126 3066 nova
3158 3001 3220 3063 in
3253 3005 3480 3067 semita
3510 3003 3679 3068 exul·

2120 3097 2364 3164 tavitut
2384 3098 2561 3183 gigas
2581 3099 2656 3162 ad
2681 3099 3048 3165 currendam
3078 3096 3476 3180 perfectionis
3494 3101 3681 3166 viam.

2121 3200 2200 3259 Ut
2228 3195 2401 3261 enim
2435 3197 2793 3262 ostenderet
2821 3197 2990 3278 quod
3015 3196 3254 3280 viveret
3309 3197 3445 3280 ipse
3465 3244 3485 3271 ,
3543 3200 3675 3284 jam

2118 3311 2243 3356 non
2272 3293 2408 3378 ipse
2431 3337 2452 3369 ‚
2479 3292 2593 3359 sed
2621 3294 2860 3359 viveret
2892 3294 2954 3355 in
2985 3313 3064 3357 eo
3119 3295 3400 3359 cbristus
3452 3302 3639 3361 Iesus
3658 3321 3680 3359 ε

2121 3387 2173 3451 si
2206 3389 2376 3470 quod
2413 3390 2670 3454 arduum
2699 3388 3107 3462 humilitatis,
3155 3389 3492 3471 patientiae
3515 3436 3539 3465 ,
3582 3414 3689 3457 au·

2121 3484 2447 3559 steritatis‚
2476 3485 2873 3568 flagrantisve
2904 3486 3222 3551 charitatis
3248 3481 3688 3573 argumentum

2119 3587 2259 3655 est,
2301 3582 2367 3645 in
2424 3604 2494 3649 se
2552 3583 2690 3665 ipso
2740 3583 3243 3650 cumulatissime
3300 3586 3681 3670 complevit3

2116 3675 2403 3762 hancque
2434 3679 2726 3745 crucifixi
2758 3681 3093 3766 imaginem
3122 3682 3252 3765 jam
3282 3683 3346 3745 in
3394 3703 3472 3748 eo
3501 3685 3688 3749 effor-

2122 3782 2354 3841 matam
2377 3821 2399 3851 ,
2428 3785 2496 3842 ut
2523 3777 2588 3840 in
2619 3777 2782 3843 alies
2811 3780 3361 3862 per-imitationem
3392 3782 3690 3845 transser-

2125 3882 2251 3948 ret,
2282 3881 2347 3939 et
2375 3875 2650 3940 studium
2679 3884 2746 3940 et
2777 3895 3032 3957 operam
3062 3877 3394 3960 impendit,
3416 3885 3484 3943 ut
3511 3885 3688 3943 Sera·

2118 3968 2300 4051 phica
2321 3971 2536 4055 regula
2558 3972 2957 4037 exactissime
2976 3982 3371 4038 servaretur:
3404 3975 3690 4048 Quinim-

2127 4088 2232 4133 mo
2259 4069 2453 4134 saucti
2485 4067 2792 4133 Francisci
2826 4070 3107 4154 spiritum
3140 4070 3555 4147 aemulando,
3588 4093 3689 4137 so·

2118 4164 2372 4231 litudini
2405 4185 2441 4230 a
2467 4165 2713 4229 florenti
2747 4173 2954 4230 aetate
2974 4186 3044 4230 se
3066 4167 3347 4238 addixit,
3377 4176 3565 4251 atque
3589 4189 3689 4234 so-

2118 4264 2311 4330 litarii
2340 4282 2626 4328 recessus
2646 4263 2777 4346 jam
2813 4264 3054 4346 pridem
3108 4263 3171 4325 iu
3203 4265 3434 4329 Ordine
3493 4264 3691 4329 Mino-

2118 4349 2258 4424 rum
2287 4358 2559 4425 instituti
2587 4359 2794 4424 extitit
2825 4366 3153 4425 Promotor
3191 4360 3470 4444 insignis.
3529 4367 3683 4425 Tam

2119 4457 2410 4540 operosis
2433 4455 2775 4521 virtutibus
2804 4465 3060 4521 ornatus
3087 4457 3165 4520 ad
3197 4456 3448 4522 culmen
3478 4457 3684 4540 perfe-

2119 4553 2342 4619 ctionis
2368 4561 2437 4619 et
2463 4552 2782 4619 charitatis
2821 4553 2885 4615 in
2940 4560 3137 4618 Deum
3199 4563 3263 4618 et
3319 4555 3679 4619 Proximum

2119 4650 2429 4733 pervenit,
2460 4657 2527 4712 ut
2555 4649 2653 4714 vel
2681 4657 2968 4714 mortuns
2999 4651 3213 4733 etjam
3245 4649 3527 4731 sepultus
3550 4651 3688 4713 nul-

2121 4747 2187 4812 lo
2216 4746 2575 4812 mortalium
2642 4746 2945 4812 moliente
2964 4790 2986 4820 ,
3054 4746 3456 4830 sepulchrum
3515 4746 3689 4813 illico

2096 4851 2405 4929 ‘apertum
2436 4851 2532 4909 est
2554 4887 2576 4918 ‚
2605 4852 2672 4909 et
2702 4864 2950 4907 manum
2986 4864 3161 4907 suam
3215 4843 3461 4926 aperuit
3515 4843 3687 4925 inopi

2121 4943 2411 5027 petenti,
2440 4949 2504 5007 et
2533 4941 2770 5027 palmas
2800 4961 2944 5005 suas
2982 4940 3265 5006 extendit
3319 4940 3397 5004 ad
3453 4961 3682 5023 paupe-

2128 5060 2282 5104 rem.
2316 5047 2381 5102 ln
2411 5039 2573 5105 votis
2600 5058 2753 5122 ergo
2783 5038 3054 5101 omnium
3104 5046 3244 5113 est,
3303 5043 3681 5101 BEATISSI·

2121 5143 2235 5203 ΜΕ
2265 5143 2514 5203 PATER
2535 5179 2555 5207 ,
2588 5143 2659 5199 ut
2685 5154 2799 5218 per
2829 5155 3073 5200 sacrum
3107 5143 3172 5199 et
3201 5134 3521 5218 publicum
3551 5133 3688 5200 cul-

2122 5243 2254 5298 tum
2282 5254 2317 5297 a
2346 5241 2435 5298 Te
2467 5234 2788 5299 decretum
2822 5231 2930 5294 fiat
2959 5232 3019 5294 in
3067 5232 3422 5316 praesent-is
3479 5225 3692 5297 seculi‘

450 5332 760 5395 francisci
790 5331 1101 5397 Tirocinio
1132 5334 1424 5397 omnibus
1441 5331 1761 5416 patefecit.
1796 5338 1883 5394 De
1907 5350 2013 5396 ex·
2114 5313 2587 5397 calamitatibus
2646 5329 2921 5395 omnium
2986 5330 3236 5413 adjutor
3285 5328 3470 5395 fortis
3488 5372 3510 5404 ,
3570 5330 3681 5413 qui

452 5424 627 5494 celso
655 5430 888 5496 etenim
915 5430 1410 5498 misit'Do‘minus
1435 5431 1648 5517 ignem
1676 5429 1742 5494 in
1759 5427 2012 5497 ossibus
2120 5429 2474 5517 prodigium
2500 5428 2700 5497 factus
2728 5432 2829 5495 est
2857 5425 3095 5494 multis.
