4442 6300
992 455 1118 504 vul

782 606 1240 710 Purpuratos
1277 612 1529 685 Patres
1578 611 2019 688 allocutione
2076 617 2549 696 Lusitanieos
2605 624 2854 721 Reges
2914 652 3199 703 omnem
3258 658 3562 733 operam
3624 642 3989 715 contulis-

782 764 863 812 se
890 795 915 829 ,
948 756 1035 816 ut
1071 742 1541 818 catholicam
1593 748 2030 847 religionem
2083 756 2162 822 in
2214 775 2359 823 sua
2416 749 2696 828 ditione
2760 757 3131 837 illibatam
3186 778 3580 841 tuerentur·
3596 798 3622 858 ,·
3692 787 3766 844 et
3822 798 3988 848 cum

779 870 1052 948 deinde
1105 875 1364 974 plures
1402 880 1644 953 Asiae
1669 934 1696 967 ,
1746 878 1878 981 As
1866 887 2071 954 ricae
2097 935 2125 969 ,
2176 880 2581 955 Indiamm
2610 936 2632 974 ,
2680 904 2756 960 et
2806 890 3212 967 Amet-icae
3259 899 3581 996 populos
3640 908 3717 974 in
3770 927 3985 976 suam

771 1020 1222 1102 potestatem
1274 1007 1738 1108 redegissent
1757 1066 1785 1100 ,
1839 1010 2210 1086 barbaras
2265 1029 2525 1111 gentes
2584 1024 3105 1094 sanctissimae
3159 1026 3554 1123 religionis
3609 1039 3988 1129 mysteriis

772 1136 1215 1214 imbuendas
1250 1164 1558 1216 eut-asse
1579 1196 1607 1230 ,
1656 1149 1920 1216 accitis
1949 1150 2429 1245 peritissimis
2463 1147 2839 1223 Ministris
2863 1205 2889 1236 ,
2924 1158 3057 1251 qui
3103 1170 3468 1229 recentem
3503 1160 3815 1236 Domini
3860 1170 3990 1239 vi-

770 1295 987 1343 neam
1053 1271 1455 1370 diligenter·
1486 1274 1947 1349 excolerent.
1983 1274 2147 1365 Qua
2182 1275 2260 1346 in
2296 1299 2379 1347 re
2418 1276 2619 1349 exitu
2669 1280 3179 1383 comprobatas
3233 1282 3450 1360 fuisse
3505 1294 3982 1393 perspicimus

768 1399 1307 1505 praedictiones
1361 1427 1481 1477 eas
1531 1400 1767 1477 multo
1815 1402 2328 1479 celeberrimas
2355 1460 2376 1496 ‚
2425 1409 2693 1510 quibus
2742 1410 3119 1516 Alphonso
3155 1418 3383 1520 Regi,
3439 1420 3980 1523 praeclarissimi

767 1535 1056 1635 generis
1093 1533 1239 1607 Tui
1268 1589 1289 1623 ,
1326 1560 1409 1608 ac
1446 1533 1933 1610 florentissimi
1968 1539 2291 1611 Lusitani
2328 1540 2558 1643 Regni
2594 1541 2980 1619 Conditori
3026 1546 3367 1625 adversus
3412 1555 3982 1631 innumerabiles

766 1665 1201 1740 Maurorum
1236 1672 1479 1772 copias
1504 1693 1671 1742 cum
1709 1672 1961 1773 exigua
1997 1667 2304 1744 militum
2342 1698 2564 1745 manu
2598 1670 2884 1776 jamjam
2919 1696 3339 1782 pugnaturo
3365 1737 3386 1773 ,
3437 1682 3966 1790 caelestemque

765 1826 984 1903 opem
1022 1804 1249 1875 enixis
1284 1801 1624 1905 precibus
1661 1800 2014 1906 flagitanti
2045 1803 2377 1878 Christus
2420 1805 2571 1907 ipse
2624 1808 3097 1908 spectandum
3154 1837 3228 1886 se
3293 1811 3640 1915 objiciens
3699 1820 3976 1895 animos

765 1931 859 2008 ad
896 1934 1267 2009 victoriam
1305 1930 1602 2036 adjecit,
1640 1936 1947 2038 Regium
1986 1962 2259 2009 nomen
2294 1966 2335 2010 a
2370 1936 2715 2013 militibus
2746 1939 3097 2018 donatum
3135 1947 3633 2040 confirmavit,
3672 1978 3976 2028 aureum

759 2061 1105 2168 clypeum
1142 2068 1474 2168 quinque
1533 2068 1699 2155 suis,
1735 2069 1949 2140 sacris
2007 2065 2432 2144 vulneribus
2491 2071 3051 2176 interpunctum
3106 2105 3247 2181 pro
3308 2081 3537 2183 Regio
3597 2097 3973 2159 stemmate

759 2195 963 2275 dedit
1002 2196 1515 2301 pollicitusque
1554 2200 1748 2272 inter
1784 2216 2073 2274 caetera
2110 2215 2217 2275 est
2249 2203 2492 2303 primo
2549 2227 2698 2277 sese
2750 2204 3002 2279 stabile
3063 2207 3197 2281 sibi
3257 2211 3647 2313 imperium
3711 2214 3805 2289 ad
3864 2219 3976 2291 sui

754 2332 1068 2405 nominis
1104 2358 1243 2434 per
1276 2345 1559 2405 exteras
1593 2348 1847 2435 gentes
1881 2335 2483 2436 propagationem
2526 2338 2603 2408 in
2638 2362 2729 2410 eo
2787 2334 3091 2440 ejusque
3146 2342 3553 2445 Nepotibus
3609 2344 3972 2421 fundatu-

758 2489 972 2537 rum:
1006 2460 1275 2538 deinde
1318 2466 1654 2565 Regnum
1693 2467 1927 2569 ipsum
1967 2468 2397 2540 Lusitanum
2452 2467 2680 2540 FIDE
2743 2469 3123 2560 PURUM,
3182 2496 3265 2543 ac
3300 2470 3647 2547 dilectum
3688 2477 3963 2579 pietate

756 2593 920 2669 fore
957 2622 975 2667 t
1014 2593 1341 2697 denique
1375 2621 1465 2670 ex
1497 2598 1648 2700 ipsa
1683 2598 2051 2670 Lusitania
2092 2599 2434 2700 impigros
2469 2625 2507 2669 a
2541 2622 2614 2670 se
2645 2599 2994 2672 Messores
3030 2597 3400 2675 delectum
3435 2604 3523 2675 iri
3554 2658 3576 2693 ‚
3633 2607 3763 2706 qui
3800 2604 3975 2710 plu-

756 2728 1009 2801 rimam
1047 2752 1135 2800 ex
1167 2724 1583 2831 longinquis
1624 2727 2039 2824 regionibus
2077 2752 2372 2801 messem
2410 2731 2502 2835 in-
2520 2727 2804 2803 caelum
2839 2729 3183 2805 inferant.

909 2856 1104 2931 Talis
1149 2885 1233 2935 ac
1281 2876 1530 2935 tantus
1572 2863 1736 2935 Rex
1780 2862 1988 2934 me
2037 2885 2251 2934 Annis
2287 2886 2687 2936 instem-rus
2716 2918 2740 2951 ,
2775 2879 2853 2936 et
2888 2880 3242 2939 strenuus
3276 2869 3440 2942 Dm
3478 2871 3704 2942 Pssnu
3737 2871 3967 2946 Minas

752 2986 1197 3093 dignissimus
1251 3008 1412 3067 erat
1475 2995 1605 3096 qui
1660 2994 1940 3098 primus
1987 2994 2310 3067 omnium
2375 2994 2466 3068 ab
2522 2992 2936 3098 Apostolica
2990 2996 3181 3072 Sede
3217 3000 3654 3076 messm
3696 3028 3970 3077 nomen

750 3123 1140 3226 reciperet.
1172 3126 1365 3199 Eum
1400 3127 1676 3230 quippe
1704 3140 1783 3199 et
1815 3127 1973 3199 Deo
2008 3140 2087 3198 et
2112 3126 2314 3198 Petri
2340 3124 2885 3202 successoribus
2910 3126 3428 3205 Fidelissimum
3462 3158 3748 3236 semper
3783 3132 3965 3210 suis-

754 3278 867 3344 se,
900 3252 1393 3356 juramentum
1429 3257 1505 3329 in
1540 3256 1690 3363 ipsa
1723 3256 1944 3357 Regia
1999 3255 2552 3358 inauguratione
2610 3259 2939 3334 emissum
2969 3287 3380 3376 ‚tquaeque
3431 3259 3524 3338 de
3579 3288 3671 3337 eo
3718 3280 3970 3338 extant

744 3387 1027 3490 scriptis
1085 3386 1347 3463 tradita
1400 3403 1867 3463 monumenta
1904 3404 2158 3491 aperte
2198 3387 2472 3463 d‘ocent
2498 3449 2521 3480 ,
2557 3416 2673 3464 res
2708 3388 2906 3468 domi
2949 3389 3272 3495 bellique
3313 3392 3682 3497 praeclare
3716 3411 3964 3499 gestae

756 3518 1210 3596 luculentius
1243 3517 1704 3610 confirmant,
1731 3518 2044 3625 plurima
2078 3519 2398 3625 denique
2435 3538 2717 3625 patrata
2756 3523 3102 3598 miracula
3159 3527 3518 3602 Divinitus
3576 3531 3925 3604 evincunt
3948 3580 3967 3600 .

758 3656 955 3729 Haec
989 3654 1244 3729 eadem
1279 3652 1673 3758 appellatio
1698 3653 2016 3757 Regibus
2043 3655 2396 3727 continua
2435 3655 2881 3728 successione
2909 3658 2986 3728 in
3022 3653 3186 3757 ejus
3216 3654 3458 3730 locu’m
3493 3657 3807 3730 suffectis
3828 3658 3968 3758 jam

763 3786 899 3862 diu
945 3785 1403 3877 debebatur3
1466 3785 1648 3889 quid
1709 3788 1903 3861 enim
1945 3788 2021 3860 in
2068 3785 2322 3862 eadem
2382 3784 2872 3889 appellatione
2922 3784 3103 3860 latet
3132 3841 3152 3877 ,
3202 3784 3409 3887 quod
3469 3812 3622 3860 non
3672 3785 3967 3861 abunde

753 3921 989 4024 Reges
1036 3920 1264 3994 nostri
1314 3920 1812 4024 praestiterint
1840 3919 1880 3992 ¹?
1926 3919 2044 3993 An
2102 3917 2353 3994 sedula
2396 3920 2474 3991 in
2522 3917 2945 4032 coercendis
2981 3918 3361 3992 haereticis
3397 3915 3766 4021 diligentia
3791 3919 3832 3992 ⁴?
3866 3926 3968 3996 At

750 4077 970 4128 nemo
1007 4077 1265 4127 eorum
1318 4053 1741 4127 invenietur
1766 4105 1788 4143 ‚
1829 4052 1959 4153 qui
2002 4076 2157 4126 non
2204 4048 2428 4125 modo
2478 4049 2697 4126 ullam
2734 4077 3074 4125 errorum
3111 4065 3383 4153 pestem
3426 4052 3500 4125 in
3537 4053 3798 4155 Regno
3830 4078 3968 4128 suo

753 4186 998 4288 vagari
1029 4239 1051 4275 ‚
1082 4182 1209 4258 sed
1247 4208 1344 4258 ne
1380 4181 1474 4258 ad
1511 4186 1735 4286 ipsam
1770 4182 2068 4286 quidem
2104 4184 2421 4287 aspirare
2454 4208 2696 4287 passus
2733 4185 2846 4256 sit.
2874 4185 2991 4255 An
3021 4180 3265 4256 debita
3299 4181 3756 4286 Apostolicae
3791 4182 3964 4259 Sedi

759 4318 1177 4392 reverentia
1204 4315 1244 4388 ¹?
1280 4315 1381 4389 At
1414 4316 1648 4417 quivis
1677 4340 1938 4389 eorum
1974 4312 2252 4389 nullam
2288 4316 2419 4390 sibi
2458 4340 2597 4420 pro
2633 4312 2888 4388 eadem
2930 4312 3199 4388 tuenda
3234 4310 3588 4415 jacturam
3617 4369 3637 4405 ‚
3683 4312 3967 4389 nullum

756 4447 1082 4525 laborem
1108 4504 1130 4540 ,
1166 4445 1451 4556 nullum
1498 4443 1885 4523 discrimen
1928 4446 2456 4552 defugiendum
2505 4447 2899 4521 arbitratus
2937 4462 3070 4519 est.
3118 4449 3235 4519 An
3279 4443 3537 4521 bellica
3574 4447 3650 4520 in
3690 4448 3967 4520 Mauris

759 4579 1208 4657 debellandis
1242 4577 1663 4657 fortitudo?
1689 4583 1785 4657 At
1823 4577 2032 4655 multi
2069 4606 2328 4658 eorum
2353 4576 2706 4684 plurimos
2740 4581 2817 4650 in
2851 4576 3258 4679 Hispaniam
3293 4574 3702 4679 hujusmodi
3733 4577 3971 4651 hostes

747 4709 843 4792 ad
889 4693 1499 4788 internecionem‘
1533 4711 2019 4802 deleverunt3
2065 4710 2179 4787 alii
2224 4711 2534 4815 trajecto
2579 4712 2655 4782 in
2711 4706 3032 4782 Africam
3091 4710 3418 4782 exercitu
3477 4709 3971 4783 munitissimas

749 4845 972 4922 urbes
1014 4861 1547 4950 expugnarunt
1580 4899 1602 4936 ‚
1647 4843 1764 4918 alii
1811 4844 2159 4920 barbaros
2204 4847 2435 4947 Reges
2469 4846 2545 4917 in
2573 4844 2999 4916 servitutem
3034 4837 3542 4929 abduxerunt,
3577 4838 3694 4914 alii
3728 4857 3971 4914 autem

749 4979 1058 5087 profuso
1094 4982 1444 5083 sanguine
1497 4980 2012 5081 sempiternam
2047 4975 2350 5081 gloriam
2404 4973 2646 5077 adepti
2680 4987 2876 5046 sunt.
2913 4974 3029 5047 An
3064 4988 3395 5045 aestuans
3433 4968 3728 5074 quidam
3764 4970 3969 5045 Fidei

753 5110 1169 5189 Catholicae
1198 5136 1335 5214 per
1366 5126 1653 5184 exteras
1680 5111 2013 5212 regiones
2030 5107 2597 5185 disseminandae
2632 5104 2905 5181 ardor?
2940 5106 3037 5180 At
3074 5105 3216 5180 hoc
3251 5101 3517 5178 ardore
3550 5102 3976 5177 inflammati

759 5245 1092 5321 Sanctius
1120 5297 1142 5335 ,
1188 5239 1615 5346 Alphonsus
1674 5241 1800 5313 IV.
1832 5295 1853 5331 ,
1886 5238 2369 5330 Emmanuel,
2405 5238 2864 5313 Sebastianus
2889 5291 2911 5327 ‚
2945 5236 3302 5309 Henricus
3352 5232 3750 5309 Cardinalis
3782 5235 3973 5322 Rex,

751 5381 1018 5453 Petrus
1055 5379 1181 5469 IL,
1204 5381 1537 5480 quinque
1572 5374 1916 5450 JoanneS.
1946 5372 2093 5451 Sed
2120 5371 2303 5476 quid
2339 5373 2518 5448 haec
2546 5370 2585 5444 ’ἲ
2621 5395 2871 5446 omnes
2896 5394 3170 5460 omnm,
3203 5372 3530 5471 inquam,
3564 5369 3972 5442 Lusitaniae
