4442 6300
1517 518 1863 586 QtuNQun
1903 516 2367 571 sancrouum
2412 516 2575 567 erc.

3378 510 3507 570 aw‘

453 660 540 726 Art
575 666 990 744 opportunum
1022 669 1345 743 praeterea
1391 666 1547 726 Suae
1574 661 1886 726 sanctitati
1914 680 2008 726 re-
2079 690 2082 699 ·
2115 658 2376 744 ligionis
2398 668 2456 738 et
2492 659 2780 724 Iustitiae
2814 660 3172 733 simulacra,
3194 682 3354 745 quae
3381 680 3530 725 suec
3556 660 3682 724 sin·

449 780 693 823 cessum
725 758 787 821 in
817 760 1054 837 postica
1085 759 1271 843 hujus
1320 759 1468 824 Solii
1527 765 1706 841 parte
1747 778 2003 841 parvum

449 855 490 919 f·
519 863 649 949 erat
695 858 1018 920 assei-ibus
1067 857 1543 921 exaedificatum
1606 856 2008 924 cubiculum,

2105 756 2264 838 'gula
2299 758 2431 821 basi
2465 757 2815 843 insidebant
2850 778 2928 822 ex
2962 758 3340 851 Alabastrite
3371 756 3682 823 caeruleis

2119 854 2464 920 intersecto
2493 853 2763 918 lamellis
2785 900 2805 926 ,
2834 867 2894 918 et
2929 857 3141 922 aureis
3187 856 3375 919 lineis
3432 872 3689 921 cerona-

452 955 633 1046 cujus
676 952 915 1016 adiium
948 956 1027 1019 ab
1062 955 1383 1019 hominum
1433 961 1689 1037 aspectu
1719 974 2014 1016 remove·
2059 1004 2070 1049 t
2123 958 2187 1013 to
2209 994 2229 1022 ‚
2262 951 2360 1015 cui
2392 954 2703 1017 substrata
2726 949 2987 1017 inferius
3016 960 3151 1016 erat
3177 953 3533 1016 stereobata
3555 972 3689 1016 cro-

453 1053 561 1116 bat
588 1054 661 1117 ea
693 1052 887 1115 vestis
921 1054 1196 1128 stragula
1218 1095 1239 1126 ‚
1289 1074 1450 1134 quae
1500 1062 1637 1133 post
1672 1052 2017 1116 Anaclinte·

451 1148 613 1211 rium
647 1149 991 1212 cathedrae
1046 1147 1325 1232 ligneum
1353 1150 1780 1213 convestiebat
1797 1148 2012 1230 'parie-

2124 1050 2268 1115 cina
2298 1049 2594 1135 coronide
2617 1090 2637 1120 ‚
2667 1060 2726 1112 et
2760 1052 3040 1134 cymatio
3091 1049 3428 1115 caelaturis
3481 1049 3690 1115 aureis

2123 1145 2386 1210 variato.
2417 1146 2569 1208 Huic
2613 1147 3009 1212 stereobatae
3068 1150 3324 1211 suberat
3378 1147 3692 1232 stylobata

456 1256 609 1310 tem.
658 1246 748 1307 Ad
797 1246 989 1309 latera
1049 1264 1346 1327 quoque,
1399 1247 1520 1310 etsi
1565 1254 1741 1311 extra
1787 1245 2019 1329 gradus
2127 1244 2409 1324 persicae
2441 1244 2685 1308 arboris
2719 1243 2982 1309 floribus
3010 1244 3223 1309 colore
3253 1262 3375 1308 non
3433 1245 3693 1310 absimi-

456 1343 608 1406 Solii
643 1363 756 1407 nec
792 1343 976 1427 longe
1007 1342 1087 1407 ab
1107 1343 1272 1425 ipsis
1302 1344 1721 1407 cardinalium
1775 1341 2054 1429 subseig
2131 1338 2209 1425 lis
2231 1381 2252 1411 ‚
2279 1339 2676 1424 longitudine
2709 1348 2873 1402 tanta
2900 1383 2920 1412 ‚
2961 1348 3190 1423 quanta
3248 1348 3315 1409 et
3369 1341 3697 1408 latitudine

454 1437 562 1504 liis
586 1483 606 1512 ,
639 1440 758 1504 alia
791 1441 1036 1504 iuterna
1065 1440 1457 1520 receptacula
1473 1449 1552 1505 -et
1604 1441 1814 1503 aditus
1858 1440 2017 1509 duo,

457 1539 741 1620 quamvis
773 1539 946 1603 ostio
976 1546 1037 1602 et
1068 1558 1204 1601 sera
1236 1534 1462 1602 firmati
1488 1582 1508 1612 ,
1559 1539 1866 1621 majorem
1913 1538 2020 1600 ab·

460 1636 658 1701 sidem
699 1656 917 1700 versus
968 1654 1080 1716 pro
1120 1636 1505 1719 temporariis
1548 1638 1708 1701 sacri
1765 1641 2022 1700 Senatus

460 1720 1031 1815 opportunitaiibus
1063 1735 1354 1816 utrinque
1384 1733 1795 1798 habebantur.
1837 1741 2023 1798 Porro

462 1832 767 1897 Pontificii
798 1832 947 1897 Solii
973 1840 1283 1897 structura
1315 1832 1483 1896 varia
1516 1851 1897 1897 marmorum
1922 1850 2027 1913 ge·

457 1946 604 1992 nera
634 1931 710 1994 ad
745 1930 1021 2010 speciem
1052 1928 1183 1992 veri
1218 1927 1479 1992 mirifice
1512 1928 1672 2011 picta
1706 1926 2025 1992 coloribus

389 2064 402 2075 ⁴
459 2026 845 2091 imitabatur.
901 2026 1164 2091 Suberat
1214 2026 1450 2108 primae
1494 2025 1945 2109 contignationi
1991 2045 2025 2087 a

461 2124 717 2189 Theatri
750 2123 1102 2206 pavimento
1153 2125 1231 2187 ad
1281 2125 1583 2209 graduum
1633 2123 2024 2189 altitudinem

460 2220 732 2285 Africani
774 2221 970 2285 instar
1002 2223 1337 2285 marmoris
1367 2241 1582 2305 magna
1619 2222 1790 2286 basis
1810 2261 1830 2292 ‚
1862 2240 2026 2302 quae

464 2318 712 2402 palmos
739 2328 1029 2399 protensa
1062 2329 1188 2383 tres
1218 2329 1285 2383 et
1313 2319 1713 2403 quadraginta
1740 2362 1761 2392 ‚
1792 2326 1861 2381 ut
1893 2318 2029 2381 fun·

2132 1454 2314 1517 supra
2350 1437 2546 1499 basim
2578 1434 2854 1500 infimam
2887 1438 3305 1502 anthracinam
3332 1483 3352 1512 ‚
3382 1460 3502 1522 qua
3542 1440 3696 1506 baec

2130 1542 2309 1599 extra
2348 1532 2507 1615 pilas
2533 1534 3027 1617 protendebatur
3054 1534 3346 1616 imposita
3367 1579 3388 1609 ‚
3446 1535 3629 1618 cujus
3657 1556 3697 1600 a

2133 1627 2346 1693 fronte
2377 1650 2597 1713 magna
2634 1629 2803 1695 Pelta
2828 1673 2849 1703 ‚
2886 1631 3202 1697 Pontificio
3258 1630 3525 1718 insignia
3577 1636 3695 1699 sub

2136 1727 2410 1791 obscuro
2438 1743 2591 1791 auro
2615 1726 2778 1809 picta
2838 1725 3163 1804 referens,
3223 1731 3475 1795 extabat
3533 1731 3701 1798 inter

2135 1840 2444 1905 eucarpus
2472 1831 2535 1885 et
2563 1824 2767 1888 vittas.

2198 1974 2202 1985 .
2267 1920 2356 1981 Ad
2385 1917 2625 1984 baecin
2660 1919 3143 1986 similitudinem
3184 1922 3318 1988 veri
3373 1925 3704 1997 marmoris

2133 2015 2448 2081 coloratae
2478 2016 2749 2082 culcitae
2779 2020 3036 2101 copioso
3064 2039 3254 2084 aureo
3283 2022 3702 2104 coccineoque

2139 2115 2345 2180 serico
2377 2112 2655 2181 mirifice
2682 2121 2893 2180 textae
2918 2159 2937 2188 ‚
2968 2122 3283 2198 tamquam
3312 2114 3554 2183 venusti
3598 2141 3705 2213 pp·

2085 2242 2086 2245 ¹
2136 2219 2275 2275 stes
2306 2221 2645 2295 utrumque
2675 2212 2903 2276 Throni
2942 2212 3115 2276 latus
3166 2214 3351 2294 eique
3410 2232 3708 2297 superex-

2142 2314 2383 2373 tantem
2416 2329 2453 2372 e
2485 2308 2692 2372 serico
2722 2306 2952 2373 villoso
2981 2307 3320 2375 umbellam
3344 2354 3365 2383 ,
3412 2312 3526 2375 suh
3581 2330 3707 2395 qua

464 2417 758 2481 dumento
787 2412 956 2482 esset
1004 2418 1495 2502 praegrandibus
1531 2416 1866 2502 stylobatis
1917 2434 2032 2498 per
2141 2402 2471 2467 Pontifici·
2502 2412 2632 2467 orat
2661 2403 3010 2478 cathedra,
3039 2405 3249 2501 aureis
3302 2408 3523 2472 taeniis
3575 2408 3709 2472 flm-

464 2523 796 2597 utramque
842 2515 1068 2579 faciem
1118 2515 1635 2588 excurrentibus,
1685 2512 2026 2597 palmarem
2143 2500 2552 2587 bihmmsl'le
2609 2500 2964 2565 mmndfst
3021 2499 3348 2584 maliniffi'fl
3417 2515 3705 2569 ornatam

464 2610 723 2677 alteram
774 2614 1006 2697 specie
1043 2611 1394 2677 Anthracini
1441 2610 1664 2695 lapidis
1723 2632 1906 2695 supra
1960 2631 2029 2675 se
2138 2595 2756 2660 ‘fil'wssffissfffhflbffll-
2790 2595 2957 2660 min
2991 2597 3387 2678 ΒῑΙΡθΝῙῙῙῑΙΝ
3420 2596 3586 2680 ‘lum¹
3613 2613 3706 2666 ¹⁰·

463 2710 843 2792 excipiebat,
868 2709 968 2774 cui
995 2710 1422 2774 innitebantur
1452 2708 1798 2795 triglyphae
1824 2709 2028 2791 spirae
2137 2693 2267 2756 ¹¹⁰⁸
2297 2692 2444 2756 901ῗῖ
2478 2693 2855 2756 (ΒΜῘΜΒΜ
2887 2701 3172 2757 mmmm
3192 2737 3213 2767 ν
3271 2694 3589 2759 eminebat
3646 2702 3704 2762 S·

462 2807 785 2871 inauratae
815 2806 1243 2872 columnarum
1278 2807 1537 2872 duarum
1560 2850 1582 2881 ,
1636 2827 1794 2890 quae
1839 2804 2031 2873 utrin-

470 2925 592 2989 que
626 2906 874 2969 'throno
903 2906 1295 2989 adjacebant.
1371 2932 1380 2943 ¹

597 3004 1030 3065 Columnarum
1064 3023 1286 3086 scapus
1333 3001 1592 3066 striatus
1652 2998 1821 3065 striis
1880 3018 2031 3064 auro

468 3098 692 3175 illitis,
725 3100 1027 3183 strigibus
1057 3120 1208 3164 vero
1256 3098 1475 3185 cyanei
1540 3097 1763 3181 lapidis
1819 3095 2035 3162 colore

469 3198 653 3280 pictis
674 3244 693 3271 ‚
724 3206 941 3262 aurato
969 3198 1266 3283 epistylio
1294 3197 1527 3262 ordinis
1560 3194 1876 3261 Corinthii·
1909 3204 2031 3259 ter·

474 3296 848 3357 minabatur.
883 3296 973 3357 Ad
1004 3303 1342 3377 utrumque
1372 3293 1706 3359 columnae
1739 3291 1904 3357 latus
1946 3291 2034 3375 pi-

470 3388 572 3456 lae
603 3392 928 3474 stelaeque
949 3393 1203 3456 basibus
1223 3403 1286 3456 et
1305 3391 1592 3474 capitulis
1616 3387 1850 3475 pariter
1866 3390 2037 3455 inau-

476 3490 628 3554 ratis
656 3491 949 3553 floridum
978 3489 1294 3572 onychem
1329 3488 1730 3552 simulabant.

601 3593 770 3662 Quae
826 3586 1133 3650 columnis
1191 3584 1494 3666 stelisque
1554 3579 2037 3665 superimposita

471 3685 844 3751 excurrebat
880 3681 1228 3748 communis
1256 3699 1518 3752 corona,
1551 3678 1903 3745 maculosas
1931 3699 2038 3742 an-

474 3783 630 3865 tiqui
664 3780 996 3845 marmoris
1026 3778 1261 3843 crocini
1299 3797 1490 3842 renas
1513 3776 1851 3842 referebat.
1876 3775 2036 3841 Huic

477 3899 601 3944 non
633 3877 947 3943 absimilis
976 3875 1188 3941 colore
1219 3882 1356 3938 erat
1387 3874 1505 3938 alia
1563 3875 1851 3958 grandior
1886 3894 2035 3956 ope-

476 3980 566 4041 ris
596 3976 844 4059 fastigio
878 3974 1317 4056 superinducta
1342 4018 1363 4048 ‚
1392 3973 1570 4056 cujus
1603 3971 1855 4053 quidem
1886 3991 2035 4053 ope-

470 4076 558 4138 rls
588 4093 732 4154 pars
763 4071 966 4136 media
989 4088 1236 4134 sursum
1267 4077 1516 4135 arcuata
1535 4068 1598 4130 in
1620 4066 2029 4150 semicyclum

471 4171 794 4236 desinebat
825 4214 840 4230 .
898 4167 1341 4231 Columnarum
1401 4185 1553 4230 vero
1606 4163 2033 4246 stelarumque

473 4271 589 4334 sub
617 4287 689 4330 ea
716 4275 1071 4349 tympanum
1100 4281 1340 4346 cyaneo
1354 4259 1546 4324 veluti
1562 4278 1868 4325 marmore
1890 4279 2032 4324 con·

471 4371 639 4430 stare
670 4359 1040 4430 videbaturg
1073 4357 1392 4439 zophorus
1420 4356 1552 4438 pari
1587 4355 1778 4419 modo
1807 4355 2031 4438 pictus,

472 4459 774 4544 quiinter
803 4465 1103 4536 utrasque
1129 4454 1544 4536 procurrebat
1571 4469 1836 4516 coronas
1877 4456 2034 4516 Ana-

435 4565 442 4572 “
470 4555 571 4640 gly
582 4555 716 4636 phis
737 4551 1072 4620 inauratis,
1094 4559 1160 4612 et
1192 4551 1348 4614 mira
1366 4550 1668 4613 varietate
1691 4549 2035 4622 distinctas,

463 4657 629 4720 hauc
660 4650 1055 4734 praeferebat
1085 4646 1497 4732 Epigraphem
1528 4647 1773 4730 magnis
1829 4645 2037 4710 literis

471 4751 682 4818 aureis
710 4765 1092 4839 expressam.

712 4859 1149 4953 nsnsntc‘rs
1185 4888 1468 4950 cLouIA
1498 4888 1796 4947 nomm.

475 5032 713 5118 Aligeri
738 5030 865 5095 duo
892 5026 1103 5091 colore
1135 5043 1331 5090 aeneo
1350 5022 1725 5089 insistebant
1745 5032 2033 5089 arcuatae

469 5129 787 5213 supercilii
821 5122 1198 5192 extremitati
1229 5123 1495 5206 genibus
1520 5121 1743 5192 flexis,
1774 5128 1840 5183 et
1894 5119 2026 5203 pal-

465 5251 510 5296 τι
538 5249 609 5298 ω
638 5229 993 5306 florumque
1025 5229 1193 5287 serta
1223 5220 1513 5296 manibus
1539 5217 1922 5283 attollentes.

596 5326 936 5389 Adstahant
961 5321 1193 5401 pariter
1218 5320 1292 5382 ad
1325 5329 1663 5398 utrumque
1683 5324 1716 5378 'l
1735 5317 1910 5379 broni
1942 5313 2029 5377 la·

473 5435 577 5493 tus
605 5425 888 5489 vestibus
923 5417 1121 5482 multo
1149 5437 1302 5480 auro
1336 5414 1661 5479 illustratis
1680 5412 1877 5477 solida
1910 5418 2023 5474 Re·-

2142 2788 2381 2853 Fidclis
2410 2787 2722 2853 Vexillum
2765 2789 2847 2851 ab
2906 2788 3158 2873 Angelis
3216 2790 3383 2853 inter
3438 2791 3703 2857 lucidam

2144 2886 2523 2953 nubeculam
2553 2884 3000 2969 apparentibus
3049 2885 3382 2951 elevatum.
3442 2891 3708 2957 Suberat

2146 2983 2307 3048 illud
2339 2994 2548 3050 autem
2603 2983 2813 3047 altiori
2868 2983 3510 3068 splendidissimaque
3566 2988 3707 3056 luce

2146 3081 2535 3147 circumfuso
2564 3082 2834 3165 Spiritus
2884 3082 3081 3146 sancti
3136 3084 3439 3169 symbolo
3463 3129 3482 3157 ‚
3541 3087 3707 3153 unde

2145 3190 2279 3246 tum
2311 3181 2472 3247 radii
2503 3179 2692 3263 longe
2735 3179 2986 3263 lateque
3043 3180 3255 3245 diffusi
3320 3184 3631 3249 vexillum
3664 3186 3712 3249 i-

2149 3295 2327 3361 psum
2350 3321 2372 3349 ,
2404 3277 2886 3361 subjectumque
2922 3276 3223 3340 Pontifictt
3253 3276 3480 3342 Throni
3531 3299 3711 3345 orna·

2144 3381 2278 3438 tum
2300 3374 2746 3448 illustrabam
2775 3381 2906 3436 tum
2930 3372 3141 3456 plures
3163 3371 3555 3458 ⁸aligerorum
3580 3377 3711 3442 vul-

2145 3479 2252 3536 tus
2278 3473 2447 3536 inter
2477 3473 2681 3535 nubes
2712 3470 2884 3535 luteo
2938 3470 3153 3535 colore
3212 3491 3543 3553 expressas
3562 3519 3583 3548 ‚
3642 3487 3711 3543 et

2149 3585 2305 3634 auro
2332 3568 2610 3650 plurimo
2634 3569 2914 3632 nitentes
2942 3568 3326 3634 descendere
3366 3573 3710 3654 conspicie-

2148 3665 2393 3728 bantur.
2427 3674 2828 3730 venustatem
2860 3683 3114 3748 quoque
3165 3670 3432 3751 augebat
3489 3669 3710 3737 labens

2148 3762 2230 3826 ab
2259 3770 2528 3844 utroque
2556 3761 2770 3826 vexilli
2800 3762 2996 3827 latere
3025 3779 3311 3848 magnum
3360 3768 3545 3832 serici
3601 3769 3710 3834 vil-

2143 3858 2264 3923 losi
2295 3859 2467 3922 rubri
2497 3858 2998 3940 paludamentum
3022 3904 3043 3933 ‚
3074 3861 3297 3927 taeniis
3345 3873 3531 3947 atque
3561 3866 3712 3931 laci-

2131 3954 2273 4017 ’niis
2303 3954 2510 4018 aureis
2541 3955 2619 4019 ad
2664 3972 2809 4019 oras
2865 3965 3144 4020 assutum
3173 4005 3193 4033 ,
3246 3961 3417 4041 quod
3472 3965 3707 4026 sensim

2146 4040 2444 4116 diffusum
2477 4052 2552 4116 ad
2585 4052 2848 4135 angulos
2876 4063 3173 4119 externos
3198 4058 3512 4124 coronidis
3558 4060 3710 4141 pila·

2146 4165 2286 4212 rum
2321 4165 2485 4231 (fuae
2513 4148 2749 4212 Solium
2779 4150 3308 4234 intercipiebant,
3365 4165 3510 4235 post
3565 4175 3710 4221 con-

2145 4247 2403 4311 cinnam
2435 4245 2867 4328 alternamque
2893 4248 3191 4312 flexuram
3223 4250 3455 4314 iterum
3486 4251 3708 4318 labens

2150 4354 2491 4426 utrumque
2512 4343 2858 4407 insontum
2891 4344 3137 4427 signum
3156 4388 3178 4419 ‚
3207 4347 3495 4413 Justitiae
3540 4348 3709 4414 scili-

2148 4450 2251 4505 cet
2278 4449 2343 4505 et
2376 4440 2735 4524 Religionis,
2765 4460 2798 4502 a
2826 4447 3003 4524 tergo
3022 4443 3460 4527 undecumque
3481 4447 3709 4511 vestie-

2149 4542 2289 4605 batz
2317 4539 2477 4602 Huic
2502 4537 2971 4601 altemnrvelut
3003 4539 3466 4623 amplissimum
3524 4563 3710 4607 cono-

2151 4655 2338 4717 peum
2370 4636 2725 4718 subjectum
2756 4642 2888 4698 erat
2922 4643 2983 4698 et
3019 4636 3316 4700 sociatum
3357 4655 3436 4700 ex
3495 4638 3707 4702 dama-

2154 4751 2349 4797 sceno
2376 4729 2606 4795 coloris
2634 4729 2803 4791 rubri
2834 4727 3115 4795 fasciolis
3143 4732 3354 4796 aureis
3397 4732 3703 4798 discrimi-

2147 4839 2318 4900 nato,
2348 4826 2702 4906 iisdemque
2732 4846 2805 4888 ac
2832 4825 3124 4890 villosum
3150 4829 3405 4891 rubrum
3439 4828 3702 4904 laciniis,

2149 4924 2317 5010 quod
2337 4945 2370 4987 a
2402 4922 2599 5005 gloria
2635 4922 2876 4984 Domini
2904 4923 2984 4986 de
3004 4944 3124 5005 qua
3153 4925 3443 5007 superius
3462 4927 3699 4992 dictum

2147 5032 2246 5089 est
2273 5066 2294 5098 ,
2326 5019 2626 5101 incipiens
2681 5019 2962 5094 demitti,
3018 5019 3319 5105 paulatim
3376 5025 3464 5089 ita
3518 5025 3704 5091 latius

2156 5118 2589 5186 discurrebat,
2624 5125 2688 5177 ut
2722 5113 2980 5180 laxitate
3009 5139 3121 5181 sua
3152 5138 3271 5182 non
3300 5120 3499 5184 solum
3534 5122 3701 5206 palu·

2151 5218 2513 5286 (lamentum
2548 5214 2749 5293 ipsum
2782 5212 2956 5294 quasi
3009 5211 3405 5298 chlamydem
3468 5219 3698 5288 Throni

2147 5311 2477 5400 exciperet
2509 5319 2574 5376 et
2604 5308 3055 5384 concluderet,
3083 5312 3194 5374 sed
3234 5312 3709 5382 circumvelaret

2149 5418 2475 5493 praeterea
2497 5452 2518 5483 ‚
2547 5428 2733 5491 quam
2762 5406 2926 5472 latus
2963 5416 3147 5484 erat,
3206 5417 3406 5475 totum
3464 5410 3714 5479 Theatri
