4442 6300
1514 511 1860 581 eumont
1900 504 2371 568 samonum
2411 514 2577 569 nc.
3350 520 3461 575 aas

405 651 647 741 gritatis
688 653 925 721 candor
960 654 1037 720 ad
1082 660 1350 722 mortem
1394 670 1597 740 nsque
1635 663 1962 728 servatus,

403 752 690 835 reliquae
720 753 879 818 item
905 754 1204 824 virtutes,
1235 765 1495 837 quarum
1537 757 1811 820 omnium
1852 755 1963 819 bu·

404 849 637 915 militas
670 870 894 935 parens
941 859 1077 924 est,
1108 851 1317 917 -decor
1355 852 1715 933 virginitas,
1743 853 1964 937 gratia·

403 960 545 1010 rem
590 968 842 1030 quoque
873 954 938 1013 et
967 949 1395 1033 prodigiorum
1441 949 1739 1034 splendor
1778 958 1965 1034 atque

403 1042 756 1126 frequentia
798 1044 1123 1110 luculente
1175 1046 1534 1124 declarant,
1579 1042 1820 1130 su'oque
1859 1067 1965 1112 ve·

404 1140 523 1205 luti
541 1141 688 1225 jure
708 1143 1267 1226 praeclarissimam
1285 1145 1443 1209 hanc
1463 1145 1791 1212 Mulierem
1806 1152 1967 1229 Apo·

410 1238 628 1304 stolica
658 1239 1033 1304 auctoritate
1065 1248 1421 1306 sanctarum
1449 1240 1768 1328 virginum
1814 1242 1968 1307 Cho·

401 1354 475 1401 ro
505 1335 758 1420 adjungi
790 1337 1215 1421 proclamant.

422 1540 528 1609 'D'.
568 1545 880 1609 PAULUS
913 1548 1262 1613 ramus
1290 1553 1549 1615 Harena
1578 1552 1926 1629 Episcopus

652 1645 997 1708 Asculamu
1022 1650 1090 1708 in
1121 1650 1347 1713 Piceno
1393 1649 1692 1711 desistens
1712 1693 1729 1711 .

527 1853 749 1917 Mirum
777 1874 901 1920 non
927 1866 1023 1921 est
1049 1902 1069 1930 ‚
1103 1864 1560 1925 BEATtSStME
1587 1864 1866 1934 PATER,
1894 1864 1964 1922 B.

404 1950 789 2016 catharinam
815 1954 895 2018 de
918 1955 1137 2021 Ricciis
1165 1957 1429 2022 bumana
1461 1958 1660 2024 adhuc
1687 1958 1969 2040 corporis

409 2049 778 2131 contagione
806 2063 1123 2133 gravatam
1158 2055 1545 2137 quaesivisse
1579 2075 1825 2137 semper
1848 2076 1921 2119 ea
1944 2097 1965 2124 ,

405 2164 567 2227 quae
597 2164 847 2210 sursum
879 2155 1066 2222 sunt,
1094 2149 1269 2214 nullo
1311 2151 1388 2214 ad
1431 2157 1681 2215 terrena
1713 2152 1965 2234 depres-

410 2261 541 2305 sam
587 2241 948 2318 desiderio,
991 2254 1212 2330 utpote
1254 2268 1417 2331 quae
1474 2250 1808 2314 affectuum
1859 2268 1970 2312 no-

410 2347 680 2403 strorum
705 2339 940 2405 fontem
971 2365 1081 2409 cor
1110 2345 1372 2410 caelesti
1405 2348 1712 2429 temperie
1739 2347 1966 2412 consti·

406 2444 609 2499 tutum
635 2437 932 2503 divinitus
959 2442 1327 2525 accepisset.
1355 2445 1500 2508 lnde
1532 2445 1723 2508 etiam
1756 2443 1873 2508 tuit
1897 2451 1970 2507 ut

409 2532 1229 2620 christussnominus‚quem
1250 2541 1692 2606 ardentissime
1720 2561 1970 2623 semper

407 2630 753 2705 adamavit,
782 2633 844 2695 in
875 2635 1015 2718 ejus
1043 2643 1343 2720 Sponsam
1377 2639 1607 2705 annulo
1640 2637 1965 2703 subarrha-

406 2728 614 2801 verit,
667 2730 1025 2816 sanguineis
1071 2733 1210 2816 ejus
1269 2736 1601 2821 signaverit
1657 2734 1971 2820 Stigmati-

408 2826 524 2890 hus
544 2869 565 2899 ,
612 2846 685 2889 ac
736 2826 799 2890 in
849 2835 1137 2895 extremo
1186 2831 1351 2897 vitae
1402 2832 1648 2898 confine
1680 2843 1967 2916 tanquam

409 2926 703 3005 Sponsam
735 2922 1000 2989 electam
1045 2927 1124 2991 ad
1170 2927 1510 2993 caelestem
1543 2949 1837 2996 coronam
1867 2950 1970 2992 an·

413 3018 634 3102 gelicis
683 3021 941 3087 vocibus
986 3024 1418 3090 advocaverit.
1471 3032 1825 3110 congruum
1856 3026 1967 3091 ita·

406 3137 529 3201 que
562 3117 992 3186 existimarem
1017 3168 1036 3197 ,
1065 3129 1135 3187 ut
1166 3123 1352 3189 sicuti
1400 3125 1655 3209 speciali
1687 3124 1797 3190 Dei
1829 3145 1967 3208 pro·

402 3214 675 3304 videntia
705 3237 846 3280 cum
871 3225 928 3282 S.
956 3220 1278 3286 catharina
1302 3223 1555 3288 Senensi
1578 3225 1801 3289 eodem
1827 3223 1964 3288 cha-

288 3305 311 3332 '
403 3312 728 3380 rinnatum
764 3335 994 3401 genere
1026 3318 1315 3403 insignita
1345 3327 1473 3384 tam
1503 3341 1718 3404 parem
1753 3320 1816 3382 in
1848 3328 1968 3384 ter-

406 3411 493 3474 ris
522 3411 734 3476 babuit
766 3414 1015 3477 vivendi
1053 3417 1383 3493 rationem,
1413 3419 1500 3483 ita
1532 3438 1648 3502 per
1672 3423 1967 3483 SANCTI-

408 3514 1052 3670 ΕυΤῗιπιῖξιὸΤΒΑΜ
1076 3515 1302 3580 habeat
1334 3523 1477 3601 post
1507 3523 1768 3614 mortem
1801 3515 1970 3579 simi·

420 3791 427 3796 .
484 3832 590 3891 Fr.
622 3831 1065 3894 SILVESTER
1097 3835 1348 3896 Moruni
1374 3837 1720 3913 Episcopus
1751 3837 1899 3900 Por-

861 3934 1144 4009 phyrion.
1181 3934 1503 3995 Auistcns.

520 4155 721 4216 'Beata
767 4151 1089 4220 Catharina
1131 4155 1211 4220 de
1261 4155 1491 4222 Ricciis
1521 4156 1652 4240 jam
1695 4155 1838 4220 inde
1883 4156 1964 4220 ab

408 4244 542 4361 {pff
566 4248 834 4331 pueritia
864 4249 1162 4334 cogitavit
1192 4273 1352 4334 quae
1381 4253 1622 4316 Domini
1656 4261 1824 4326 sunt,
1845 4253 1967 4318 fuit

412 4359 577 4406 enm
607 4344 669 4406 in
700 4345 1067 4410 caelestium
1090 4368 1326 4423 rerum,
1348 4351 1721 4432 praesertim
1756 4350 1816 4412 in
1847 4356 1966 4414 Do-

405 4443 668 4507 minicae
699 4444 1014 4509 Passionis
1035 4446 1567 4530 contemplatione
1599 4468 1710 4531 per
1737 4447 1967 4512 altissi-

404 4547 544 4603 lnas
572 4541 799 4607 mentis
830 4542 1216 4630 §evationes
1240 4588 1260 4616 ,
1289 4566 1527 4628 perque
1559 4544 1964 4610 admirabiles

405 4644 697 4705 Ecstases
729 4639 860 4705 sere
889 4661 1140 4724 semper
1166 4643 1371 4706 delixa
1397 4688 1412 4705 .
1443 4643 1697 4708 solicita
1733 4641 1964 4706 indesi-

401 4746 626 4800 nenter
656 4734 778 4799 ruit
805 4739 1125 4818 quomodo
1170 4738 1446 4821 placeret
1488 4746 1619 4804 Deo
1664 4758 1778 4823 per
1817 4738 1968 4803 assi-

404 4834 595 4896 duum
626 4832 996 4897 humilitatis
1042 4842 1108 4898 et
1150 4836 1450 4900 orationis
1490 4836 1764 4899 studium
1792 4877 1812 4907 ,
1855 4854 1969 4916 per

400 4929 581 5015 juges
600 4931 804 4994 carnis
824 4929 1282 5002 afflictationes,
1308 4953 1421 5013 per
1439 4931 1958 4997 ferventissimam

402 5027 468 5089 in
496 5034 698 5093 Deum
732 5034 795 5090 et
828 5028 1176 5092 Proximum
1202 5030 1593 5095 charitatem.
1616 5037 1816 5106 Quare
1837 5049 1961 5093 non

403 5133 499 5191 est
530 5125 937 5190 dubitandum
983 5127 1129 5208 quin
1174 5148 1286 5209 per
1326 5148 1616 5212 magnam
1647 5127 1963 5193 excellen-

402 5223 547 5287 tiam
601 5232 813 5288 sancta
852 5222 1097 5296 fuerit,
1142 5225 1233 5287 uti
1278 5222 1562 5306 loquitur
1590 5224 1961 5308 Apostolus,

400 5339 663 5401 corpore
696 5328 762 5383 et
790 5319 1011 5401 spiritu
1033 5365 1049 5380 .
1080 5326 1157 5383 Et
1194 5340 1342 5386 sane
1371 5323 1645 5386 arbitror
1674 5340 1795 5386 non
1827 5321 1962 5384 sine

399 5416 616 5483 divino
643 5417 912 5482 consilio
955 5416 1303 5482 solemnem
1338 5416 1513 5485 illius
1541 5418 1961 5485 canonizatio·

588 5543 802 5585 senen.
841 5545 958 5585 xiv.
996 5545 1144 5585 rou.
1185 5535 1305 5587 vtl.

2081 674 2226 721 nem
2253 658 2334 723 ad
2362 658 2479 724 hoc
2505 678 2716 742 usque
2737 662 2988 743 tempus
3015 659 3215 727 fuisse
3246 660 3506 728 dilatam
3524 708 3543 738 ‚
3575 675 3645 732 ut

2074 753 2370 820 nimirum
2399 756 2983 839 praestantissimae
3025 759 3301 844 Virginis
3339 763 3641 839 virtutes,

2078 870 2239 930 quae
2285 872 2506 917 omnes
2549 853 2816 937 implent
2865 874 3199 929 numeros,
3240 863 3641 925 SANCTtTA·

2075 951 2195 1010 ‘ns
2223 952 2542 1014 vEs'rttAE
2569 949 3011 1033 perjudicium
3041 962 3417 1019 exornaret.

2081 1239 2411 1302 HARGUS
2441 1239 2862 1304 ANTONIUS
2894 1242 3365 1319 Amalplu‘mnus
3400 1250 3644 1324 Episco-

2223 1354 2346 1417 pus
2379 1338 2667 1403 oriones.
2700 1349 2759 1400 st
2788 1343 3101 1416 Campus.
3145 1341 3439 1407 aluisum
3464 1391 3479 1407 .

2202 1630 2664 1692 BBA'rtssmss
2706 1635 2959 1696 PATER
2985 1674 3002 1693 .
3042 1637 3212 1697 Inter
3236 1631 3392 1699 alias
3420 1635 3642 1703 stellas

2077 1720 2461 1798 innumeras,
2484 1745 2643 1806 quae
2677 1727 2834 1791 sacri
2860 1728 3115 1793 Ordinis
3135 1731 3638 1799 Praedicatorum

2077 1817 2332 1882 Caelum
2363 1830 2703 1896 exornant,
2733 1842 2853 1888 una
2884 1824 3168 1905 profecto
3195 1837 3296 1891 est
3325 1833 3391 1891 B.
3423 1831 3638 1895 catha·

2077 1916 2215 1982 rina
2245 1917 2328 1983 de
2356 1917 2582 1984 Ricciis
2604 1962 2628 1993 ,
2653 1940 2820 2002 quae
2856 1921 3231 2006 virginitatis
3269 1924 3472 1991 lilium
3513 1929 3638 1993 illi·

2080 2014 2231 2078 hato
2274 2035 2528 2098 semper
2576 2018 2848 2083 candore
2878 2019 3278 2095 custodiens,
3321 2022 3642 2095 charitatis

2080 2130 2231 2195 erga
2272 2116 2470 2176 Deum
2517 2118 2584 2177 et
2626 2114 2977 2178 Proximum
2998 2158 3020 2190 ,
3050 2117 3419 2185 humilitatis
3443 2165 3465 2195 ,
3491 2127 3641 2190 obe-

2079 2208 2357 2275 dientiae
2387 2210 2814 2294 virtutumque
2840 2214 3118 2277 omnium
3146 2214 3308 2280 fudit
3336 2219 3596 2285 odorem
3615 2265 3633 2285 .

2074 2310 2245 2372 Haec
2274 2306 2462 2392 virgo
2493 2308 2689 2384 illam,
2719 2330 2904 2392 quam
2933 2311 3140 2377 hausit
3166 2334 3201 2378 a
3229 2314 3475 2384 lustrali
3505 2318 3639 2384 fon-

2080 2412 2146 2467 te
2178 2404 2595 2471 innocentiam
2615 2448 2638 2480 ,
2668 2408 2951 2473 moribus
2981 2431 3182 2492 usque
3223 2415 3302 2478 ad
3346 2415 3636 2482 ultimum

2076 2499 2240 2563 vitae
2282 2501 2571 2583 spiritum
2616 2503 2909 2568 retinuit.
2955 2507 3323 2590 Seraphicae
3364 2513 3638 2579 Cathari·

2079 2615 2198 2660 nae
2247 2600 2535 2663 Senensis
2585 2600 2888 2664 sectatrix
2932 2611 2995 2666 et
3047 2606 3382 2685 gratiarum
3425 2612 3637 2687 Secia,

2079 2695 2310 2757 nedum
2339 2696 2559 2780 Angeli
2591 2698 2881 2763 Custodia
2911 2698 3332 2769 familiaritate
3361 2717 3427 2772 et
3453 2710 3644 2775 collo-

2080 2789 2288 2871 quiis,
2322 2793 2433 2856 sed
2466 2794 2692 2860 Christi
2719 2801 2910 2869 Iesu,
2956 2797 3019 2858 in
3065 2819 3254 2880 quem
3284 2803 3643 2874 desiderant

2081 2886 2301 2971 Angeli
2319 2889 2699 2972 prospicere,
2726 2895 3076 2973 promeruit
3096 2904 3439 2980 aspectum.
3463 2910 3643 2975 Hunc

2078 2985 2425 3050 caelestem
2452 2994 2758 3070 Sponsum
2787 3012 2973 3073 quem
3003 2995 3084 3057 ab
3118 2994 3377 3063 infantia
3401 2998 3642 3081 dilexit,
3687 3042 3700 3051 ν

2078 3082 2281 3146 anima
2338 3082 2508 3147 illius
2565 3085 2871 3153 charitate
2927 3090 3206 3172 perfecta
3252 3099 3484 3174 tenuit,
3526 3122 3643 3171 nec

2080 3197 2352 3263 unquam
2386 3182 2667 3248 dimisit.
2701 3190 2840 3268 Ipsa
2867 3185 3101 3254 dilecto
3130 3212 3244 3257 suo
3276 3200 3339 3259 et
3369 3198 3641 3268 dilectus

2078 3274 2220 3351 illi,
2251 3279 2358 3362 qui
2394 3279 2620 3345 faciem
2654 3303 2831 3347 suam
2879 3284 2936 3348 ei
2980 3288 3356 3366 ostendere,
3388 3299 3642 3382 saepius

2076 3372 2256 3440 illam
2288 3376 2527 3461 alloqui
2555 3386 2739 3461 atque
2770 3382 3154 3465 amplexariz
3186 3393 3340 3454 Data
3384 3392 3641 3463 dextera

2079 3490 2151 3535 ac
2212 3470 2471 3539 caelesti
2519 3476 2745 3539 annulo
2792 3497 2933 3541 eam
2984 3480 3365 3564 desponsare
3387 3533 3406 3562 ,
3455 3475 3644 3560 Sacra

2075 3568 2556 3653 Redemptionis
2582 3572 2887 3657 Stigmata
2928 3582 2991 3639 et
3035 3580 3250 3645 Crucis
3288 3586 3544 3672 vestigia
3575 3591 3642 3656 in

2080 3664 2220 3748 ejus
2248 3666 2537 3752 virgineo
2561 3688 2823 3752 corpore
2866 3670 3268 3755 imprimeret
3304 3683 3637 3763 spinosum

2077 3763 2385 3829 Diadema
2444 3766 2630 3848 capiti
2690 3768 3057 3853 transfigere
3076 3813 3098 3845 ,
3156 3773 3405 3860 aliaque
3447 3782 3638 3868 divini

2077 3862 2312 3926 amoris
2372 3862 2553 3946 signa
2605 3865 2928 3946 praeclara
2971 3870 3302 3936 ostendere
3347 3877 3638 3962 dignatus

2078 3964 2195 4021 est.
2231 3958 2620 4023 sublimibus
2648 3960 3128 4028 charismatibus
3155 3970 3468 4040 cumulata
3498 3998 3642 4060 pro.

2081 4057 2332 4139 phetico
2373 4055 2616 4121 lumine
2678 4059 2908 4122 meruit
2961 4059 3265 4129 illustrari
3286 4111 3307 4141 ,
3352 4075 3638 4141 cordium

2077 4161 2317 4216 secreta
2349 4152 2632 4217 funditus
2661 4160 3032 4236 penetrare,
3075 4178 3192 4225 nec
3232 4163 3491 4234 defuere
3534 4172 3641 4237 ad-

2079 4250 2406 4315 mirabiles
2428 4256 2718 4315 Ecstases
2741 4293 2761 4326 ,
2792 4251 3020 4334 quibus
3047 4274 3159 4335 per
3187 4258 3324 4324 dies
3355 4263 3637 4351 integros

2078 4348 2371 4412 sensibus
2400 4348 2740 4421 destituta,
2773 4356 2837 4412 et
2865 4351 2927 4412 in
2956 4370 3102 4416 aera
3132 4358 3510 4444 quandoque
3536 4385 3637 4431 su.

2075 4444 2250 4511 blata
2289 4445 2472 4511 unice
2504 4465 2647 4511 cum
2679 4453 2811 4511 Deo
2840 4452 3366 4520 conversabatur.
3416 4467 3636 4529 Sacrae

2075 4543 2262 4628 hujus
2289 4542 2559 4627 Virginis
2588 4542 2877 4609 heroicas
2916 4546 3183 4614 virtutes
3211 4560 3277 4615 et
3304 4555 3639 4624 admirabi-

2050 4713 2055 4720 ξ
2076 4643 2198 4707 lem
2232 4642 2618 4706 sanctitatem
2637 4641 3163 4724 incomparabiles
3183 4650 3313 4714 Viri
3336 4654 3636 4737 dignitate

2075 4739 2392 4821 conspicui
2428 4740 2818 4822 probarunt,
2861 4760 2933 4804 ac
2977 4761 3162 4824 supra
3205 4769 3421 4815 omnes
3452 4754 3635 4822 divus

2074 4837 2395 4919 Philippus
2424 4837 2668 4910 Nerius,
2698 4844 2765 4901 et
2796 4845 3005 4902 sancta
3031 4842 3227 4908 Maria
3268 4850 3636 4931 magdalena
3754 4853 3762 4862 '

2075 4934 2153 4998 de
2181 4935 2393 4997 Pazzis
2424 4941 2568 4996 tunc
2596 4933 2811 4998 coaevi
2838 4935 3287 5006 intellexerunt
3329 4954 3393 5009 et
3435 4948 3632 5011 admi.

2072 5031 2188 5091 rati
2236 5028 2408 5094 l'uere
2434 5077 2449 5091 .
2493 5037 2760 5112 AEquum
2805 5031 3006 5113 igitur
3028 5035 3194 5110 erit,
3226 5044 3636 5109 SANCTlTA-
3697 5081 3710 5092 —

2074 5132 2238 5190 TEM
2270 5132 2631 5192 vEs‘rnAM
2674 5147 2936 5195 exorare
2958 5173 2978 5202 ,
3010 5135 3081 5195 ut
3108 5132 3409 5201 discussis
3438 5149 3503 5204 et
3531 5164 3637 5225 ap.

2071 5225 2356 5306 probatis
2413 5225 2797 5300 virtutibus,
2844 5246 2917 5290 ac
2961 5228 3256 5296 discussis
3298 5237 3531 5316 pariter
3568 5249 3637 5305 et

2072 5322 2431 5403 approbatis
2461 5322 2825 5396 miraculis,
2870 5344 3008 5389 eam
3055 5328 3117 5389 in
3164 5331 3462 5418 catalogo
3491 5345 3636 5405 San-

2072 5426 2314 5484 ctarum
2345 5420 2666 5504 virginum
2696 5420 2992 5506 dignetur
3019 5425 3380 5495 adscribere
3402 5479 3418 5495 .
