4442 6300
919 533 952 582 s
1915 538 2118 589 ACTA
2163 502 2821 594 canosum-tonis

731 687 918 756 eaput
947 675 1303 741 collocavit.
1338 677 1509 742 L'nde
1539 681 1776 745 vocatis
1794 684 2023 745 ceteris
2054 682 2112 743 in
2148 704 2286 762 par·

739 783 866 836 tem
902 772 1365 848 solicitudinis,
1425 778 1911 863 posthabitoque
1974 801 2051 844 eo
2108 780 2299 842 etiam

735 871 1065 952 Discipulo
1089 917 1108 942 ,
1140 893 1328 954 quem
1363 896 1548 957 supra
1582 876 1861 957 reliquos
1923 876 2258 957 Apostolos
2281 922 2303 951 ,

737 969 1042 1032 teneriori
1082 973 1312 1033 amoris
1345 974 1569 1035 affectu
1600 977 2145 1054 prosequebatur,
2194 976 2300 1037 uni

734 1075 968 1129 tantum
1004 1074 1194 1131 Petro
1228 1070 1460 1131 dictum
1493 1091 1527 1132 a
1562 1073 1826 1133 Domino
1858 1082 1994 1134 ost:
2052 1072 2153 1155 (α)
2215 1076 2302 1134 Tu

729 1182 820 1224 ms
863 1185 1110 1243 sequere
1145 1167 1239 1250 (b)
1269 1175 1333 1228 in
1361 1173 1712 1231 individuae
1753 1176 2016 1232 unitatis
2067 1191 2304 1232 consor-

733 1269 883 1324 tium
917 1305 937 1333 ,
976 1271 1128 1325 idest
1156 1271 1221 1325 in
1248 1273 1381 1327 veri
1415 1270 1689 1327 Pastoris
1719 1272 1959 1346 officio,
2018 1280 2074 1349 et
2101 1280 2292 1343 potes-

731 1374 850 1422 tate
885 1368 1167 1424 imitare:
1210 1372 1429 1427 adeon!
1467 1364 1561 1447 (c)
1598 1385 1749 1441 quae
1801 1370 1918 1426 sibi
1965 1380 2136 1429 erant
2189 1386 2305 1441 po-

733 1472 944 1522 testate
977 1466 1237 1536 propria
1258 1504 1278 1531 ,
1313 1467 1499 1524 eidem
1533 1467 1791 1524 voluerit
1813 1483 1934 1524 esso
1962 1469 2304 1541 participa-

731 1564 892 1620 tione
928 1563 1301 1621 communia.

861 1662 1015 1717 Cum
1046 1656 1236 1738 igitur
1265 1656 1342 1717 ad
1376 1665 1735 1736 utrumque,
1765 1664 2143 1736 potestatem
2175 1658 2296 1720 sci·

729 1750 923 1824 licet,
958 1759 1019 1815 et
1047 1753 1480 1835 magisterium
1533 1753 1846 1835 pertineat
1905 1753 2299 1817 Beatificatio

731 1854 1059 1912 Servorum
1095 1850 1206 1911 Del
1232 1894 1251 1921 ,
1281 1858 1467 1929 atque
1497 1854 1830 1914 Beatorum
1869 1850 2294 1919 canonizatio,

733 1954 907 2009 recte
942 1954 1243 2010 statutum
1279 1956 1372 2009 est
1396 1990 1415 2015 ,
1447 1955 1515 2008 ut
1544 1966 1575 2008 a
1609 1946 1746 2010 solo
1803 1946 2128 2011 militantis
2187 1954 2297 2012 Ec-

731 2041 966 2106 clesiae
1000 2042 1213 2123 Capite
1266 2044 1578 2125 penderet
1636 2044 1714 2105 de
1776 2044 2176 2126 regnantibus
2237 2043 2297 2105 in

728 2140 910 2204 caelo
939 2141 1259 2222 publicum
1297 2141 1560 2224 prodere
1614 2141 2044 2204 testimonium
2067 2185 2088 2212 ,
2122 2150 2184 2204 et
2218 2142 2301 2204 de

731 2237 1007 2310 honore,
1038 2223 1556 2320 qui⁵deferendus
1588 2238 1825 2303 eisdem
1859 2250 2030 2303 esset
2062 2241 2125 2301 in
2174 2248 2296 2302 ter-

735 2334 821 2397 ris
843 2376 864 2407 ,
901 2344 1039 2397 tuto
1072 2335 1420 2399 decernere
1441 2378 1461 2406 ,
1493 2356 1565 2398 ac
1597 2334 1875 2397 definire.
1902 2337 2024 2398 Sed
2057 2357 2132 2399 ne
2164 2337 2297 2416 'plu-

732 2452 796 2496 ra
828 2433 1033 2495 dicam
1062 2432 1348 2495 hocloco
1379 2432 1690 2514 impedior
1718 2453 1914 2496 aureo
1945 2439 2145 2512 Opere
2163 2434 2296 2516 jam

730 2527 1023 2611 vulgato,
1051 2529 1153 2593 cui
1186 2529 1342 2589 nihil
1375 2538 1482 2592 aut
1512 2529 1792 2601 addere,
1822 2539 1929 2593 aut
1965 2530 2296 2595 detrahere

733 2625 847 2691 ulli
880 2646 1154 2708 unquam
1188 2626 1481 2699 dabitur,
1510 2632 1881 2690 PROSPERl
1937 2632 2299 2690 canoma-

734 2732 852 2789 LlS
887 2728 1363 2789 LAMBERTtNl
1385 2769 1405 2797 ,
1436 2743 1623 2805 quem
1656 2744 1895 2787 summa
1927 2725 2037 2788 Dei
2090 2725 2294 2807 provi·

730 2823 943 2886 dentia
972 2832 1115 2904 post
1146 2823 1502 2885 diuturnam
1538 2841 1649 2887 sex
1712 2822 2021 2884 mensium
2080 2823 2295 2886 Eccle-

734 2919 864 2984 siae
893 2918 1261 2983 viduitatem
1294 2919 1371 2984 ad
1433 2918 1834 2998 Apostolicae
1891 2918 2075 2981 Navis
2135 2919 2296 3002 regi-

738 3036 883 3080 men
917 3026 1099 3081 sexto
1129 3016 1354 3080 abhinc
1383 3035 1545 3078 anno
1577 3014 1848 3078 vidimus
1878 3016 2120 3080 evocari
2171 3022 2299 3078 BE-

732 3119 1043 3178 Nsslllc'l'l
1079 3118 1235 3175 XlV.
1270 3112 1524 3177 nomine
1551 3159 1571 3187 ‚
1605 3113 1966 3178 Pontificem
2022 3114 2250 3178 merito
2274 3158 2294 3186 ‚

740 3220 803 3275 et
833 3211 1140 3295 dignitate
1173 3211 1529 3274 maximum.
1559 3212 1670 3273 Hic
1700 3220 1991 3291 tanquam
2045 3211 2141 3293 (d)
2198 3231 2295 3272 aa·

726 3314 903 3385 piens
937 3311 1310 3369 Architectus
1345 3305 1585 3386 positus
1614 3306 1707 3389 (e)
1737 3314 1802 3368 in
1830 3327 1981 3382 opus
2023 3312 2302 3368 Ministe-

736 3411 838 3475 νοῒ,
871 3412 935 3466 in
968 3411 1443 3480 aedificationem
1474 3410 1750 3482 Corporis
1784 3409 2025 3476 Christi,
2053 3411 2133 3467 ad
2152 3425 2299 3465 con-

740 3510 1201 3566 summationem
1234 3507 1593 3564 Sanctorum
1618 3547 1638 3575 ‚
1684 3502 1977 3585 pluribus
2036 3501 2300 3565 volumi·

737 3601 955 3671 nibus,
991 3600 1473 3664 Beatilicationis
1498 3610 1565 3663 et
1590 3599 2081 3664 canonizationis
2110 3599 2299 3682 origi·

740 3719 882 3762 nem
914 3719 985 3762 ac
1014 3698 1514 3779 progressionem
1548 3698 1988 3779 persequitur:
2048 3696 2301 3778 antiqua

734 3796 911 3880 praxi
948 3795 1024 3858 ad
1058 3794 1351 3857 trutinam
1384 3805 1666 3860 revocata
1689 3838 1710 3867 ,
1739 3813 1901 3874 quae
1951 3794 2295 3876 perscripta

741 3903 961 3978 postea
1010 3900 1108 3955 est
1165 3912 1277 3974 pro
1334 3893 1540 3956 valida
1597 3890 1991 3957 confectione
2049 3898 2304 3955 Proces-

739 4011 957 4062 suum,
993 3994 1331 4053 Causarum
1364 3989 1859 4060 introductione,
1890 3988 2301 4051 continuatio·

740 4107 821 4151 ne
845 4130 867 4160 ,
898 4107 969 4150 ac
996 4084 1171 4150 felici
1205 4086 1743 4151 consummatione
1789 4085 2012 4159 tradit,
2068 4105 2141 4147 ac
2198 4105 2305 4147 ex-

742 4183 978 4268 plicat:
1026 4185 1517 4248 constitutiones
1540 4226 1560 4255 ‚
1619 4190 1860 4266 Leges,
1917 4190 1982 4246 et
2042 4189 2300 4245 Decreta

741 4282 1300 4348 Praedecessorum
1361 4301 1615 4345 suorum
1684 4279 1941 4363 allegat:
2015 4277 2259 4342 indulta
2285 4325 2305 4352 ,

742 4379 1240 4462 dispensationes
1262 4423 1282 4451 ‚
1312 4387 1377 4443 et
1408 4377 1641 4463 gratias
1672 4384 1998 4441 recenset:
2033 4377 2210 4439 Ritus
2243 4385 2305 4440 et

745 4475 1170 4541 caeremonias
1200 4475 1436 4550 refert,
1467 4494 1701 4556 easque
1761 4472 2038 4537 illustrat
2084 4475 2302 4559 mysti-

741 4575 833 4644 cis
881 4574 1232 4638 rationihus
1257 4616 1278 4646 ‚
1335 4572 1663 4639 confirmat
1725 4572 2068 4653 exemplis:
2129 4573 2306 4646 Quod

745 4693 935 4738 unum
966 4672 1442 4735 desiderabatur
1458 4680 1596 4753 post
1625 4681 1745 4733 tam
1770 4671 2092 4754 egregium
2122 4692 2304 4751 opus,

746 4779 812 4836 ut
845 4769 1420 4851 praestantissimus
1455 4774 1687 4829 Auctor
1716 4786 2004 4848 suprema
2042 4766 2301 4828 Romani

748 4864 1063 4930 Pontificis
1097 4865 1467 4928 auctoritate
1502 4865 1634 4945 ipse
1673 4884 1782 4945 per
1837 4884 1904 4924 se
1963 4884 2306 4944 exequere·

745 4973 885 5035 tur,
919 4985 1077 5045 quae
1114 4973 1237 5025 tam
1272 4962 1539 5043 sapienti
1577 4960 1939 5044 magisterio
1967 4959 2129 5023 alios
2159 4963 2306 5023 edo-

747 5067 1009 5128 cuerat:
1043 5060 1160 5125 hoc
1192 5060 1271 5124 ad
1303 5079 1634 5122 commuue
1693 5055 2010 5121 Ecclesiae
2071 5058 2304 5119 bonum

857 5275 949 5349 (a)
973 5277 1149 5329 Joan.
1175 5276 1245 5327 21
1276 5293 1333 5327 v.
1366 5276 1454 5327 19.
1492 5301 1501 5310 ·

851 5363 937 5435 (b)
966 5366 1019 5418 S.
1047 5366 1163 5418 Leo
1189 5365 1272 5418 M.
1298 5363 1359 5415 in
1409 5361 1702 5417 Annivers.
1754 5362 2037 5434 Assumpe.
2082 5376 2219 5414 suae
2270 5370 2323 5410 et

777 5470 942 5508 serm.
969 5452 1024 5504 2.
1055 5452 1110 5505 e'n
1140 5451 1344 5508 Natali
1371 5452 1461 5505 SS.
1490 5450 1913 5523 Apostolorqm.

2417 683 2476 745 in
2507 685 2673 748 Petri
2706 682 3010 749 cathedra
3039 683 3419 747 constitutus
3471 686 3725 761 efferit3
3792 707 3983 770 ‹pian-

2415 781 2755 862 doquidem
2793 782 2952 844 inter
2970 786 3195 842 Beatos
3224 780 3437 845 relatis
3463 782 3813 848 Alexandro
3832 793 3982 848 Sau-

2416 878 2477 940 lo
2511 878 2817 959 Episcopo
2847 877 3155 939 Aleriensi
3184 888 3250 940 et
3279 877 3543 942 camillo
3594 882 3673 943 de
3732 880 3933 946 Lellis
3958 925 3979 954 ,

2413 972 2710 1056 cultuque
2732 990 2776 1046 ,·
2804 973 2908 1057 qui
2965 974 3220 1037 Nicolao
3280 975 3599 1059 Alhergati
3658 979 3970 1042 cardinali

2413 1073 2722 1155 Episcopo
2755 1072 3127 1134 Bononiensi
3175 1080 3246 1135 ·et
3277 1075 3622 1137 Benedicto
3653 1096 3685 1136 a
3722 1083 3781 1138 S.
3834 1077 3975 1140 Phi-

2413 1171 2730 1252 ladelphio
2762 1170 2942 1233 Laico
2986 1169 3270 1250 professo
3332 1173 3480 1235 Ord.
3533 1172 3683 1237 Min.
3747 1175 3979 1237 Obser-

2411 1280 2575 1332 vant.
2606 1275 2664 1332 S.
2699 1267 2999 1332 Francisci
3023 1310 3043 1339 ‚
3077 1268 3255 1332 annis
3281 1279 3533 1335 centum
3565 1278 3628 1333 et
3652 1269 3809 1334 ultra
3835 1282 3969 1333 tan·

2411 1388 2595 1447 quam
2630 1365 2837 1429 Beatis
2871 1366 3149 1428 tributus
3179 1365 3422 1439 fuerat,
3455 1370 3822 1448 approbato:
3853 1368 3973 1433 hoe

2409 1482 2571 1526 anno
2601 1463 2848 1526 tandem
2881 1462 3123 1525 Sanctis
3153 1464 3484 1545 adscripsit
3514 1470 3741 1529 Beatos
3788 1466 3970 1547 quin-

2410 1556 2534 1641 ijue
2557 1604 2577 1632 ,
2608 1559 2901 1623 videlicet
2937 1559 3216 1624 Fidelem
3244 1582 3279 1622 a
3309 1561 3718 1645 Sigmaringa,
3748 1563 3973 1627 Camil·
4093 1611 4102 1619 .
4135 1614 4149 1624 .

2409 1657 2537 1720 lum
2575 1658 2779 1739 ipsum
2811 1657 2890 1720 de
2923 1656 3140 1729 Lellis,
3169 1665 3419 1722 Petrum
3458 1659 3966 1743 Regalatum,.lo·

2407 1754 2667 1836 sephum
2692 1775 2726 1816 a
2756 1754 3072 1829 Leonissa‚
3094 1765 3160 1819 et
3193 1756 3581 1820 catharinam
3610 1757 3688 1821 de
3721 1757 3973 1820 Ricriis.

2533 1856 2772 1924 Quanto
2801 1861 3007 1915 autem
3038 1859 3332 1934 apparatu
3354 1895 3375 1925 ‚
3408 1851 3663 1924 labore,
3710 1873 3782 1917 ac
3844 1864 3973 1918 stu-

2410 1948 2517 2015 dio
2541 1949 2603 2011 id
2635 1948 2867 2014 factum
2900 1950 3025 2021 sit,
3057 1949 3327 2014 instituti
3352 1950 3515 2014 ratio
3546 1949 3847 2034 postulat,
3879 1959 3972 2025 ut,

2406 2055 2703 2129 quantum
2741 2046 2873 2109 fieri
2911 2054 3160 2128 potest,
3192 2048 3532 2131 diligenter
3586 2060 3921 2113 enarretur
3946 2091 3967 2122 ,

2409 2163 2482 2206 ac
2514 2152 2879 2225 exponatur.
2915 2144 3202 2207 Occurrit
3228 2145 3430 2224 prima
3451 2189 3469 2216 ,
3493 2144 3674 2227 juxta
3725 2155 3969 2227 tempo-

2414 2262 2552 2305 rum
2582 2241 2844 2312 seriem,
2877 2262 3063 2305 causa
3100 2247 3166 2304 B.
3201 2240 3431 2306 Fidelis
3461 2263 3495 2305 a
3537 2242 3917 2326 Sigmaringa
3945 2285 3967 2314 ,

2412 2338 2473 2399 in
2505 2359 2624 2420 qua
2657 2338 2903 2401 duobus
2937 2360 3018 2401 ex
3048 2348 3363 2419 quatuor,
3394 2360 3557 2422 quae
3586 2348 3726 2423 post
3769 2339 3975 2401 indul·

2409 2444 2533 2501 tam
2566 2441 2760 2498 Beato
2788 2437 3267 2498 venerationem
3297 2436 3617 2519 proposita
3674 2434 3919 2498 fuerant
3947 2479 3969 2506 ,

2408 2532 2775 2614 approbatis
2807 2531 3122 2594 mirac-ulis
3169 2532 3274 2595 die
3327 2536 3424 2595 18.
3486 2534 3765 2596 lanuarii
3829 2536 3976 2596 anni

2415 2634 2600 2692 1744.
2635 2636 2962 2709 supererat
3022 2629 3326 2704 dubium:
3384 2650 3463 2693 an
3519 2639 3657 2694 tuto
3720 2632 3974 2713 procedi

2412 2735 2626 2808 posset
2656 2727 2732 2790 ad
2768 2725 3113 2790 solemnem
3148 2727 3434 2810 ejusdem
3476 2729 3646 2791 Beati
3708 2729 3971 2791 Canoni-

2408 2825 2740 2889 zationem.
2770 2825 2927 2898 Quia
2957 2845 3109 2889 vero
3139 2846 3365 2890 causae
3394 2825 3631 2890 relator
3674 2827 3967 2890 Eminen-

2409 2923 2693 2986 tissimus
2727 2928 2795 2982 l).
2830 2922 3164 3004 pompejus
3194 2922 3373 2986 card.
3409 2921 3823 2993 Aldrovan'di,
3880 2925 3966 2985 oh

2409 3019 2851 3082 demandatam
2887 3018 3005 3080 sihi
3043 3015 3484 3079 Romandiolae
3519 3018 3923 3100 Legationem
3948 3062 3971 3092 ‚

2411 3123 2607 3179 Roma
2638 3116 3046 3178 discesserat:
3085 3113 3636 3178 Eminentissimus
3691 3120 3764 3179 D.
3820 3115 3965 3180 Ale·
3998 3150 4001 3153 ⁴

2410 3212 2646 3276 xander
2673 3209 2851 3271 card.
2888 3211 3199 3280 Albanus,
3229 3210 3290 3270 in
3322 3210 3462 3292 ejus
3496 3206 3699 3272 lorum
3745 3232 3781 3275 a
3812 3219 3967 3276 Pon-

2415 3307 2580 3370 tifice
2615 3307 2938 3373 suffectus.
2975 3306 3035 3367 in
3066 3307 3343 3390 generali
3369 3327 3682 3370 sacrorum
3715 3310 3974 3372 Rituum

2412 3403 2906 3487 Congregatione
2937 3402 3146 3465 habita
3206 3424 3416 3466 coram
3480 3409 3972 3469 SANCTlTATB

2412 3508 2549 3565 SUA
2583 3502 2686 3564 die
2715 3504 2818 3561 24.
2851 3501 3055 3564 Martii
3085 3502 3145 3561 in
3178 3500 3318 3564 aula
3352 3500 3563 3564 Palatii
3597 3501 3933 3574 Quirinalis
3954 3547 3976 3576 ,

2414 3598 2521 3659 ubi
2551 3607 2620 3660 et
2665 3597 3048 3660 consistoria
3112 3606 3355 3662 secreta
3411 3597 3637 3661 hiemis
3687 3607 3974 3681 tempore

2412 3694 2629 3756 haberi
2662 3695 2912 3767 solent,
2948 3695 3133 3759 titulo
3164 3716 3387 3759 causae
3430 3694 3749 3776 perlecto,
3805 3717 3975 3759 com·

2414 3791 2794 3873 pendiariatn
2830 3798 3126 3857 Actorum
3156 3790 3529 3855 relationem
3556 3836 3578 3866 ,
3618 3815 3780 3875 quae
3835 3769 3974 3858 {ieri

2412 3899 2868 3962 consueverat,
2899 3890 3217 3962 Pontificis
3242 3890 3428 3974 jussu‘
3459 3891 3714 3955 missam
3774 3890 3928 3954 fecit
3950 3935 3974 3966 ,

2415 3999 2479 4055 et
2510 3987 2814 4067 simplex,
2849 3989 2927 4051 de
2959 4010 3082 4070 quo
3115 4009 3298 4069 supra
3333 3989 3645 4061 diximus,
3703 3989 3967 4051 dubium

2415 4087 2764 4166 proposuit.
2798 4092 2952 4150 cum
2985 4106 3243 4156 omnes,
3303 4095 3459 4166 quot
3509 4087 3768 4148 aderant
3794 4130 3814 4159 ,
3847 4092 3970 4148 ΠΙ).

2416 4181 2777 4246 Cardinales
2809 4183 3186 4245 unanimiter
3205 4180 3583 4246 affirmative
3617 4184 3973 4263 respondis·

2417 4287 2602 4351 sent:
2665 4284 2955 4342 Summus
3009 4277 3295 4342 Pontifex
3368 4280 3747 4343 sententiam
3810 4279 3982 4344 ferre

2417 4373 2697 4448 distulit;
2729 4383 2797 4438 ut
2829 4376 2891 4437 in
2924 4395 2990 4437 re
3026 4383 3148 4438 tam
3182 4376 3356 4459 gravi
3392 4376 3632 4455 largius
3693 4378 3816 4440 sihi
3883 4376 3978 4439 lu-

2421 4491 2563 4534 men
2593 4493 2626 4536 a
2659 4479 2786 4535 Deo
2816 4473 3110 4553 precihus
3167 4472 3541 4553 postularet.
3606 4481 3750 4538 Post
3809 4496 3981 4539 men-

2420 4588 2554 4632 sem
2583 4567 2870 4632 Pontifex
2903 4580 3156 4649 peracto
3187 4543 3415 4632 siissae
3440 4568 3752 4634 Sacrificio
3776 4571 3838 4632 in
3863 4577 3982 4634 Ara

2419 4665 2701 4747 principe
2731 4665 2976 4747 Templi
3008 4666 3549 4747 capuccinorum,
3612 4667 3673 4729 in
3732 4689 3854 4748 qua
3910 4673 3978 4731 B.

2421 4764 2652 4828 Fidelis
2683 4763 3012 4846 Reliquiae
3050 4765 3405 4847 propositae
3441 4765 3826 4828 venerationi
3852 4764 3984 4830 fue·

2421 4870 2553 4923 rant
2582 4904 2602 4935 ,
2637 4882 2703 4924 se
2740 4863 2977 4944 recepit
3012 4862 3072 4921 in
3106 4861 3416 4934 chorum3
3450 4861 3553 4921 ubi
3586 4863 3834 4934 sedens,
3854 4862 3986 4924 lau-

2420 4961 2566 5022 dato
2599 4960 2771 5040 prius
2801 4961 3032 5022 eodem
3067 4959 3335 5030 Ordine,
3368 4977 3555 5039 quem
3593 4964 3762 5022 Deus
3826 4961 3986 5022 tanti

2418 5055 2708 5139 Martyris
2740 5056 3040 5139 sanguine
3084 5055 3283 5118 voluit
3341 5055 3528 5119 etiam
3587 5058 3986 5121 commenda·

2532 5269 2610 5340 (c)
2645 5270 2696 5322 S.
2720 5267 3051 5323 Ambrosius
3069 5287 3233 5321 serm.
3263 5269 3353 5323 n.
3380 5282 3435 5322 et
3459 5270 3614 5343 episc.
3644 5272 3734 5323 80.

2529 5357 2625 5430 (d)
2654 5360 2707 5410 1.
2743 5358 2996 5412 Corinth.
3025 5377 3148 5429 cop.
3179 5359 3233 5411 3.
3261 5377 3317 5413 υ.
3352 5362 3437 5412 to.

2534 5446 2620 5519 (e)
2648 5447 2851 5518 Ephes.
2883 5448 2933 5499 4.
2963 5465 3019 5500 υ.
3054 5447 3137 5498 12.
