4442 6300
1720 380 1751 425 Ο

1454 510 1804 582 qumque
1870 512 2339 566 ammonens
2407 511 2576 566 nc.
3383 510 3456 565 ιιτ

517 688 543 714 ·
584 663 894 725 Cerneres
926 659 1090 722 inter
1114 656 1269 725 baec
1300 666 1513 725 autem
1539 663 1829 723 veterem
1862 657 1958 721 di·-

382 754 702 838 sclplinae
731 759 1044 822 rationem
1079 776 1219 818 eum
1262 755 1580 821 mordicus
1638 756 1914 821 retinere
1937 799 1957 828 ‚

2069 664 2197 722 tate
2224 654 2489 720 facultas
2519 654 2769 718 videndi
2796 654 3151 735 impertita,
3180 674 3477 737 asperum
3508 655 3643 717 vul-

2068 774 2185 818 nus
2215 753 2277 816 in
2307 773 2465 836 genu
2493 747 2706 815 ⁸semeia
2737 752 2984 815 cuidam
3009 758 3272 833 repente
3294 750 3643 823 occlusum,

374 853 641 937 abjecta
672 854 959 934 quamvis
988 865 1049 918 et
1110 872 1377 935 operosa
1439 854 1651 915 munia
1708 873 1955 917 summa
2061 871 2220 928 puer
2238 850 2399 916 alius
2431 857 2562 913 toto
2591 870 2850 930 corpore
2893 850 3124 912 debilis
3151 849 3412 913 mirifice
3458 848 3642 912 robo-

368 947 715 1015 alaoritate
748 950 1004 1025 subire,
1037 969 1348 1030 nunquam
1382 949 1446 1010 in
1501 946 1798 1022 culcitra,
1860 970 1958 1013 ca-

372 1053 528 1112 tena
564 1056 629 1112 et
661 1047 857 1111 lorica
887 1047 1092 1111 ferrea
1127 1054 1433 1127 perpetuo
1480 1046 1907 1126 praecinctum
1933 1089 1954 1119 ,

372 1144 600 1224 flagris
630 1145 913 1208 attritum
945 1144 1157 1207 inedia
1192 1142 1601 1215 labefactari,
1651 1143 1954 1207 acriorem

377 1242 444 1303 in
479 1243 632 1305 dies
662 1242 759 1305 sui
824 1241 1105 1323 corporis
1162 1240 1631 1323 castigationem
1690 1261 1914 1321 urgere
1935 1284 1956 1314 ,

382 1339 598 1404 donec
628 1342 883 1403 tandem
919 1339 1103 1419 longa
1135 1344 1324 1419 atque
1365 1336 1724 1401 admirabili
1786 1337 1958 1400 labo-

381 1437 747 1501 riosissimi.
769 1436 1037 1499 instituti
1095 1434 1430 1514 patientia,
1484 1442 1579 1498 tot
1635 1433 1957 1500 contectus

382 1537 604 1607 curis,
637 1544 721 1599 tot
755 1535 1141 1598 cruciatibus
1167 1532 1405 1597 fractus
1434 1554 1506 1597 ac
1565 1532 1955 1606 lancinatus‚

382 1651 514 1696 non
546 1633 752 1695 minus
781 1651 968 1711 qnam
1001 1631 1350 1695 ardentiori
1383 1630 1632 1695 divinae
1692 1631 1959 1694 charita-

387 1729 473 1792 tis
506 1728 757 1811 impetu
790 1729 1116 1791 absumtos
1137 1769 1157 1795 ,
1191 1737 1377 1791 sexto
1407 1747 1592 1809 supra
1654 1728 1960 1810 quinqua·

381 1828 701 1910 gesimam
722 1825 963 1890 aetatis
991 1844 1192 1898 anno,
1223 1826 1300 1889 ad
1335 1844 1522 1896 eum,
1581 1845 1768 1907 quem
1825 1832 1956 1891 tota

381 1930 599 1986 mente
631 1920 995 2005 complexus
1026 1919 1254 1993 fuerat,
1286 1928 1482 1986 Deum
1507 1922 1958 1997 immortalem,

385 2038 429 2081 e
458 2019 748 2101 corporis
776 2017 1040 2081 vinculis
1070 2026 1366 2101 tanquam
1398 2038 1434 2081 e
1463 2037 1722 2083 earcere
1750 2018 1960 2084 subla·

383 2124 493 2181 tus
521 2123 643 2180 est.
682 2144 705 2169 ο
1086 2116 1109 2141 ““

524 2242 551 2270 0
588 2214 761 2277 Unde
788 2212 853 2275 id
889 2232 1006 2295 ego
1034 2231 1196 2276 nunc
1226 2211 1376 2275 mibi
1412 2231 1676 2285 sumam,
1704 2219 1955 2278 PATER

385 2315 857 2374 nsssrtsstnss
879 2354 895 2381 ,
932 2319 998 2372 ιιι
1030 2311 1142 2373 viri
1177 2308 1511 2378 clarissimi
1570 2312 1810 2375 exitum
1871 2312 1961 2374 vi-

385 2417 494 2471 tae
522 2408 930 2488 ⁴sanctissime
960 2417 1137 2471 actae
1166 2408 1436 2473 maxime
1467 2417 1957 2471 consentaneum

385 2506 573 2589 digna
606 2524 951 2584 prosequar
978 2504 1376 2580 laudation03
1409 2525 1479 2574 ac
1510 2505 1661 2568 satis
1693 2526 1808 2587 pro
1862 2507 1954 2569 rei

390 2601 697 2685 dignitate
757 2620 1251 2665 commemorem
1275 2645 1296 2674 ,
1368 2610 1520 2684 quot
1593 2604 1961 2667 muneribus

390 2705 561 2763 Dens
609 2699 1227 2763 munificentissimus
1284 2710 1654 2780 perspectae
1708 2701 1961 2765 virtutis

394 2795 716 2859 bominem
755 2798 1062 2859 ornaverit
1089 2839 1111 2866 ,
1159 2806 1315 2878 quot
1372 2797 1572 2877 signis
1629 2798 1962 2880 prodigiis·

393 2913 517 2974 que
547 2895 845 2956 virtutem
883 2893 1155 2955 hominis
1185 2901 1248 2955 et
1272 2894 1744 2958 sanctimoniam
1775 2914 1955 2975 aper·

395 2990 637 3053 tissime
669 2990 1219 3071 comprobaverit?
1258 3018 1282 3043 a

528 3118 551 3143 .
595 3087 925 3153 Familiare
956 3087 1014 3151 ei
1048 3088 1299 3170 quidem
1329 3086 1574 3158 fuerat,
1607 3086 1754 3150 dum
1798 3087 1961 3152 inter

398 3184 687 3249 homines
741 3192 1001 3269 ageret,
1062 3205 1324 3250 arcanos
1379 3185 1724 3248 animorum
1787 3185 1957 3249 sinus

394 3289 691 3346 excutere
716 3328 736 3353 ‚
790 3281 1135 3346 futurarum
1196 3303 1405 3346 rerum
1464 3290 1726 3347 eventus
1780 3291 1957 3347 certo

396 3381 722 3462 praesagio
753 3379 1109 3464 significare
1135 3422 1156 3450 ,
1189 3381 1445 3444 morbos
1473 3399 1508 3442 e
1552 3381 1917 3461 corporibus
1937 3423 1957 3453 ,

396 3475 700 3540 insaniam
732 3497 765 3540 a
802 3477 1119 3540 mentibus
1150 3477 1471 3556 depellere
1497 3519 1516 3549 ,
1568 3478 1629 3538 in
1690 3478 1867 3541 arido
1898 3499 1958 3541 a·

397 3593 557 3654 quae
593 3573 831 3636 fontem
866 3574 1222 3637 sitientibus
1253 3574 1496 3653 aperire
1523 3617 1543 3644 ,
1577 3575 1798 3637 bovem
1850 3575 1956 3639 de-

397 3680 714 3732 mortuum
753 3689 1047 3733 revocare
1078 3670 1153 3731 ad
1190 3689 1349 3750 opus
1369 3668 1609 3733 laboris
1634 3712 1655 3741 ,
1690 3670 1958 3732 indomi-

395 3773 525 3828 tum
558 3768 725 3828 bruti
758 3786 955 3849 genus
986 3767 1160 3830 vocis
1186 3766 1454 3849 imperio
1510 3786 1912 3847 compescere
1938 3814 1956 3842 ,

397 3865 780 3947 patiperibus
808 3862 1049 3944 pluries
1077 3864 1309 3927 victum
1351 3863 1638 3946 prodigio
1694 3884 1956 3947 augere,

392 3961 615 4026 fluvios
645 3961 825 4042 aquis
858 3961 1350 4025 intumescentes
1391 3961 1562 4025 sicco
1616 3960 1777 4042 pede
1834 3970 1956 4025 tra·

387 4058 630 4140 iit-ere,
662 4066 726 4120 ιιι
758 4057 1009 4120 omnino
1040 4058 1238 4122 videri
1271 4065 1524 4140 posset,
1586 4077 1707 4120 non
1765 4061 1958 4123 modo

396 4155 676 4220 homines
705 4165 961 4219 naturae
985 4153 1201 4217 babitu
1232 4156 1521 4237 vitiisque
1578 4153 1954 4228 ferociores,

394 4271 465 4318 ae
495 4255 682 4318 bruta
712 4252 1042 4316 animantia
1067 4295 1087 4324 ,
1122 4255 1231 4316 sed
1262 4254 1450 4316 etiam
1482 4261 1701 4316 ventos
1722 4295 1743 4324 ,
1800 4262 1960 4317 tem-

395 4358 797 4432 pestatesque
821 4348 962 4430 ejus
977 4347 1403 4413 voluntatibus
1416 4350 1911 4428 obtemperasse.
1926 4378 1949 4403 .

534 4477 559 4502 ο
599 4452 810 4528 anue
830 4490 851 4518 ,
882 4456 1213 4527 postquam
1243 4448 1323 4510 ab
1355 4445 1711 4508 bominibus
1743 4466 1959 4510 exces-

397 4544 516 4616 sit,
548 4543 724 4607 nullo
780 4562 1057 4626 unquam
1089 4553 1377 4625 tempore
1417 4541 1773 4614 intercidit,
1831 4543 1958 4606 imo

393 4640 711 4705 illustrior
736 4642 1006 4704 accrevit
1051 4639 1288 4722 gloria;
1350 4639 1509 4702 adeo
1569 4638 1824 4720 quidem
1889 4649 1958 4704 ιιι

396 4755 514 4801 non
549 4736 751 4801 solum
788 4735 1418 4805 Amaatrieiiincolis,
1454 4734 1562 4796 ubi
1596 4755 1955 4815 supremum

400 4832 565 4896 diem
604 4835 915 4915 oppetiit,
946 4834 1058 4897 sed
1087 4832 1368 4896 finitimis
1399 4852 1657 4912 quoque
1705 4831 1958 4913 populis

398 4928 584 4992 funus
617 4930 898 5002 illustre,
955 4931 1195 4995 viscera
1253 4929 1622 4993 suavissime
1683 4928 1916 4993 olentia
1936 4974 1957 5002 ‚

399 5027 631 5111 digitus
662 5030 886 5092 Medici
918 5028 1195 5092 curantis
1221 5027 1487 5092 cadaver
1543 5047 1577 5088 a
1631 5028 1954 5107 praesenti

398 5127 651 5189 vulnere
684 5136 940 5207 repente
972 5147 1199 5198 sanus,
1232 5123 1459 5187 mulier
1491 5144 1526 5186 e
1572 5125 1797 5188 morbo
1855 5145 1960 5189 ex·

397 5225 638 5304 templo
670 5225 1111 5287 convalescens
1134 5266 1155 5294 ‚
1185 5228 1374 5303 atque
1399 5265 1420 5293 ,
1468 5228 1536 5284 ut
1588 5222 1709 5286 alia
1768 5221 1958 5305 hujus

398 5322 650 5402 generis
680 5322 1028 5386 clarissima
1055 5323 1223 5385 omni
1254 5330 1542 5402 tempore
1558 5327 1800 5401 patrata
1821 5339 1958 5400 pro-

401 5418 561 5503 digia
589 5422 1087 5502 praetermittam
1113 5463 1133 5493 ‚
1160 5437 1353 5496 puero
1384 5419 1465 5482 ab
1497 5417 1699 5481 nativa
1753 5417 1953 5481 caeci·

2066 956 2259 1021 ratus,
2289 952 2511 1011 mulier
2536 948 2614 1010 ab
2646 949 3015 1026 desperatae
3045 947 3382 1011 curationis
3416 944 3644 1019 fistula,

2069 1046 2280 1110 statim
2313 1046 2388 1110 ad
2420 1044 2841 1109 valetudinem
2878 1046 3133 1110 reducta
3181 1051 3271 1107 tot
3313 1045 3644 1107 virtutibus

2068 1143 2323 1207 aliunde
2351 1144 2526 1225 prius
2556 1143 2898 1224 quaesitam
2930 1144 3073 1207 Viro
3104 1142 3338 1205 eximio
3368 1141 3641 1208 celebri-

2068 1247 2265 1306 tatem
2313 1241 2579 1303 nominis
2624 1239 2929 1305 latissime
2976 1239 3425 1303 confirmarint.
3472 1246 3644 1315 Quae

2069 1339 2298 1411 omnia,
2321 1339 2400 1400 ab
2421 1336 2679 1421 insignis
2703 1338 3039 1400 memoriae
3064 1337 3336 1418 principe
3358 1338 3644 1401 Clemen-

2068 1443 2133 1500 te
2175 1443 2305 1499 ΧΠ.
2351 1435 2686 1499 decessore
2729 1442 2863 1498 Tuo
2904 1443 2973 1496 ιιι
3023 1439 3348 1497 Beatorum
3396 1434 3647 1499 nomine

2069 1531 2531 1613 appellaretur,
2562 1532 2676 1594 abs
2720 1539 2783 1595 te
2827 1552 2976 1594 vero
3020 1530 3109 1593 uti
3145 1531 3308 1594 inter
3340 1531 3637 1603 caelites,

2072 1638 2247 1692 recte
2272 1673 2291 1700 ,
2323 1640 2511 1710 atque
2542 1630 2797 1699 ordine,
2831 1628 3199 1692 solemniter
3227 1630 3637 1692 adnumeran-

2069 1724 2188 1789 dus
2211 1725 2603 1807 judicaretur
2623 1769 2644 1799 ,
2678 1732 2928 1789 PATER
2961 1731 3420 1789 BEATtSStME
3441 1767 3462 1799 ,
3495 1746 3639 1808 por-

2071 1820 2376 1886 fecerunt.
2405 1849 2429 1875 ο

2205 1948 2229 1973 ·
2261 1918 2380 1984 Sed
2410 1938 2611 2001 neque
2656 1939 2728 1985 ea
2757 1919 3131 1984 inconcinno
3178 1939 3438 2002 prorsus
3481 1919 3634 1985 stilo

2068 2013 2292 2098 bisque
2351 2017 2657 2098 angustiis
2714 2017 3042 2099 praefinito
3097 2026 3309 2082 essent
3360 2017 3640 2102 jejunius

2066 2110 2337 2177 fortasse
2360 2157 2380 2186 ‚
2411 2133 2596 2196 quam
2631 2133 2841 2177 rerum
2873 2116 3237 2196 magnitudo
3264 2126 3635 2196 exposceret

2068 2213 2527 2291 pertractanda,
2556 2222 2614 2273 et
2644 2212 2775 2293 jam
2810 2231 2922 2276 nos
2957 2222 3209 2294 tempus
3239 2222 3304 2275 et
3333 2214 3510 2278 locus
3538 2214 3644 2278 ad-

2070 2317 2307 2380 monet,
2336 2317 2402 2372 ut
2432 2308 2680 2391 longius
2701 2328 2887 2391 quam
2922 2331 3032 2392 par
3063 2319 3197 2374 erat
3226 2318 3644 2395 praetergres-

2072 2426 2201 2470 sam
2246 2407 2684 2470 contrahamus
2727 2408 3108 2472 Orationem.
3138 2409 3439 2482 Quoniam
3480 2428 3633 2474 vero

2072 2500 2193 2565 buc
2237 2499 2399 2566 forte
2443 2503 2885 2585 pervenimus,
2915 2513 2980 2566 ut
3010 2506 3075 2566 in
3119 2512 3287 2566 tuam
3325 2506 3405 2568 de
3453 2507 3641 2570 beato

2073 2600 2224 2662 Viro
2254 2601 2627 2664 sententiam
2658 2600 3102 2675 incideremus,
3135 2601 3288 2664 illud
3321 2624 3355 2666 a
3388 2624 3489 2668 me
3520 2622 3642 2666 non

2074 2696 2595 2777 praetereundum
2627 2698 2952 2780 intelligo,
2986 2701 3152 2779 quod
3187 2702 3261 2763 ad
3296 2700 3499 2781 ipsum
3541 2706 3638 2764 tu-

2074 2812 2177 2853 um
2214 2792 2294 2855 de
2324 2812 2399 2856 ea
2442 2812 2508 2855 re
2537 2794 2846 2876 judicium.
2884 2794 3259 2876 pertinuisse
3302 2796 3637 2862 dicendum

2070 2894 2190 2951 est.
2223 2916 2247 2941 ·

2205 3012 2228 3035 -
2263 2982 2464 3055 Diem,
2496 2990 2565 3047 ut
2586 2985 2781 3065 probe
2811 2986 3054 3066 poteris
3074 2987 3458 3059 meminisse,
3479 3011 3641 3055 sum·

2071 3100 2170 3142 ma
2199 3079 2354 3144 olim
2388 3079 2691 3145 felicitate
2719 3083 3020 3168 insignem
3043 3127 3063 3157 ,
3096 3106 3221 3167 quo
3250 3085 3467 3169 quinto
3496 3097 3640 3154 ante

2070 3198 2230 3243 anuo
2260 3178 2325 3241 in
2353 3178 2471 3243 hoc
2501 3181 2779 3243 divinum
2822 3182 3250 3263 amplitudinis
3275 3191 3343 3248 et
3382 3185 3641 3265 dignita·

2070 3277 2156 3340 tis
2184 3275 2495 3360 fastigium
2527 3298 2812 3348 veneras,
2842 3279 2906 3340 in
2936 3300 3075 3344 eam
3109 3300 3240 3343 rem
3272 3281 3504 3363 elapsis
3536 3303 3631 3347 re-

2068 3381 2169 3437 tro
2202 3375 2531 3437 mensibus
2560 3376 3033 3441 consultissime
3077 3379 3533 3459 praestituisti,
3577 3390 3648 3444 ut

2071 3470 2148 3531 de
2182 3469 2298 3533 boc
2320 3470 2469 3533 Viro
2495 3473 2878 3536 caelestibus
2899 3473 3244 3538 bonoribus
3270 3495 3642 3540 consecran-

2071 3567 2153 3630 do
2180 3568 2450 3650 primum
2471 3570 2754 3651 aperires
2785 3571 2971 3635 nobis
2999 3572 3470 3656 elegantissime
3501 3574 3647 3637 Edi-

2071 3674 2238 3727 ctum
2285 3673 2459 3727 tuum
2485 3708 2504 3730 .
2532 3666 2593 3728 id
2628 3686 2705 3729 eo
2747 3669 3101 3732 certissimo
3130 3681 3456 3750 precatore
3499 3670 3641 3734 Tibi

2069 3782 2329 3843 sperans
2356 3765 2800 3844 praestandum
2836 3785 2977 3830 esse
3003 3809 3023 3838 ,
3056 3776 3129 3829 ut
3157 3774 3323 3831 Deus
3370 3770 3645 3848 optimus

2070 3869 2129 3923 et
2161 3860 2542 3924 immortalis
2571 3861 2659 3925 tui
2681 3866 3027 3925 Minister-ii
3042 3877 3313 3939 tempora
3347 3872 3647 3943 bonimius

2071 3964 2366 4034 aspiceret
2397 3976 2471 4020 uc
2494 3963 2566 4020 To
2598 3979 2844 4023 suarum
2867 3967 3072 4023 ovium
3102 3976 3405 4037 pastorem
3430 3963 3646 4027 volen-

2069 4056 2115 4115 ti
2145 4055 2516 4136 labentique
2538 4056 2747 4118 animo
2778 4066 3055 4122 servaret
3071 4078 3145 4122 ac
3176 4068 3480 4124 tueretur.
3513 4067 3643 4126 'rua

2068 4151 2252 4233 plane
2299 4162 2398 4216 est
2462 4156 2711 4234 tuisque
2756 4154 2966 4219 verbis
3006 4155 3251 4237 prolata
3294 4159 3643 4232 sententia,

2069 4270 2254 4331 quam
2285 4258 2373 4313 Te
2404 4250 2653 4314 dicente
2683 4273 2715 4315 a
2738 4252 2924 4316 nobis
2958 4255 3252 4319 omnibus
3273 4256 3493 4336 plausu
3529 4259 3641 4320 mi·

2070 4347 2245 4411 ritico
2288 4356 2612 4429 exceptam
2637 4393 2657 4421 ,
2693 4349 3033 4415 iterandam
3081 4352 3375 4434 equidem
3407 4363 3496 4420 Te
3540 4377 3647 4420 an·

2070 4443 2281 4507 diente
2324 4445 2699 4526 suscipimus
2743 4446 3184 4514 libentissime.
3231 4450 3645 4533 imploramus

2071 4541 2284 4622 itaque
2314 4561 2473 4604 nunc
2502 4542 2692 4606 fidem
2729 4554 2896 4607 tuam
2921 4590 2942 4620 ,
2970 4554 3039 4610 ut
3071 4568 3145 4611 ea
3166 4591 3185 4619 ,
3217 4569 3378 4631 quae
3411 4550 3646 4632 recepi-

2072 4639 2191 4710 sti,
2222 4658 2408 4719 quam
2452 4640 2758 4705 citissime
2801 4642 3136 4718 absolvas,
3167 4665 3294 4725 quo
3324 4646 3473 4708 dum
3521 4646 3649 4711 tuis

2070 4737 2180 4798 Vir
2212 4737 2614 4800 beatissimus
2646 4750 2871 4803 annuat
2904 4741 3066 4804 votis
3090 4783 3108 4812 ,
3139 4760 3255 4804 nos
3283 4742 3534 4804 tandem
3568 4746 3648 4807 ab

2070 4833 2562 4914 impendentium
2602 4836 2909 4902 malorum
2941 4841 3182 4920 impetu
3215 4861 3287 4904 ac
3331 4841 3640 4906 malorum

2074 4930 2412 4996 formidine
2443 4932 2803 4997 liberemur.
2838 4963 2861 4989 ·

2209 5058 2230 5082 ·
2258 5034 2386 5091 Hoc
2415 5032 2898 5112 capuccinorum
2931 5032 3221 5098 Familiae
3253 5034 3331 5099 de
3380 5056 3448 5099 re
3485 5035 3645 5100 cbri-

2074 5127 2274 5190 stiana
2304 5127 2542 5209 optime
2573 5129 2830 5193 meritae
2851 5132 3132 5200 vocibus,
3161 5131 3280 5195 hoc
3312 5142 3376 5197 et
3400 5135 3643 5199 univer-

2075 5245 2180 5289 sae
2206 5224 2576 5289 christianae
2621 5228 3028 5306 Reipublicae
3063 5231 3323 5292 nomine
3370 5232 3646 5313 postula·

2071 5341 2235 5393 mus,
2266 5331 2568 5402 quotquot
2603 5322 2741 5387 heic
2771 5324 3063 5388 adsumus
3084 5337 3226 5390 ante
3253 5334 3343 5391 Te
3366 5328 3431 5389 in
3461 5329 3644 5392 obse·

2073 5419 2284 5501 quium
2327 5419 2674 5500 provoluti,
2701 5421 3160 5488 immortalibus
3187 5423 3323 5487 Tibi
3369 5425 3646 5491 devincti
