4442 6300
3364 482 3542 569 ars*

1639 683 2449 807 ORNATUS

967 912 2128 1115 VATICANI
2254 930 3123 1108 TEMPLI

1777 1300 2305 1343 -ψ-

550 1527 1060 1661 Amplissimam
1118 1577 1214 1663 (a)
1260 1576 1386 1641 divi
1437 1575 1604 1641 Petri
1652 1571 1985 1640 Basilicam
2096 1588 2329 1653 gonum
2380 1571 2548 1652 quod
2592 1568 2859 1635 Deiticae
2902 1569 3217 1637 Trinitatis
3256 1578 3356 1637 est
3405 1573 3659 1658 symbo-

423 1675 695 1739 omnium
726 1675 830 1760 (b)
857 1673 1284 1740 Eccleslarum
1316 1668 1890 1756 caput‚‘speculum
1926 1679 1989 1736 et

422 1771 782 1861 exemplar,
830 1793 862 1835 a
893 1778 1117 1855 Magno
1155 1772 1556 1836 Constantino
1598 1772 1748 1838 olim
1779 1770 1990 1836 aedili-

418 1877 618 1933 catam
654 1870 910 1934 Romani
956 1869 1285 1934 Pontifices
1319 1879 1484 1935 tanta
1528 1891 1676 1935 cura
1705 1878 1990 1953 sumptui

422 1987 542 2049 que
576 1986 802 2050 augere
836 1987 1091 2050 semper
1124 1979 1191 2034 et
1221 1988 1447 2033 ornare
1479 1969 1848 2033 studuerunt
1868 2011 1888 2039 ,
1920 1972 1989 2032 ut

415 2062 570 2125 nibil
614 2084 689 2128 ea
721 2058 1223 2147 magnificentius
1245 2109 1267 2138 ‚
1312 2064 1457 2127 nihil
1491 2065 1842 2149 elegantius
1883 2064 1990 2128 aut

419 2159 684 2224 inveniri
716 2181 985 2244 unquam
1022 2182 1209 2245 posse
1232 2206 1252 2235 ,
1283 2169 1386 2226 aut
1417 2162 1757 2246 excogitari
1783 2161 1990 2226 videa·

418 2265 540 2320 tur.
569 2260 720 2333 Quia
756 2268 967 2323 tamen
1001 2260 1207 2324 minus
1237 2248 1518 2324 animum
1552 2267 1803 2323 movent
1831 2278 1988 2342 quae

414 2373 567 2436 prae
612 2356 811 2421 oculis
855 2376 1109 2438 semper
1136 2365 1320 2431 suut,
1362 2359 1622 2440 Templa
1664 2358 2010 2422 consuevi--

425 2472 564 2516 mus
586 2496 606 2525 ,
651 2453 773 2516 etsi
802 2464 936 2517 arte
969 2461 1035 2517 et
1079 2455 1338 2518 materia
1371 2457 1661 2538 apprime
1705 2455 1942 2518 nobilia
1966 2497 1988 2529 ‚

421 2570 560 2614 cum
595 2557 790 2613 statae
821 2551 1130 2632 quaedam
1175 2560 1281 2615 aut
1312 2560 1484 2616 extra
1516 2553 1795 2616 ordinem
1828 2551 1995 2616 cele·

422 2649 686 2712 britates
715 2648 1089 2721 inciderint,
1120 2649 1359 2714 adscito
1389 2649 1562 2713 cultu
1592 2657 1657 2714 et
1682 2657 1994 2732 tempora·

421 2744 532 2810 riis
562 2745 945 2809 ornamentis
974 2746 1290 2819 excolere,
1321 2755 1390 2810 ut
1418 2748 1659 2813 novitas
1681 2766 1994 2812 commen-

425 2842 577 2913 det,
607 2844 772 2925 quod
804 2844 1177 2909 assiduitate
1208 2845 1672 2925 quodammodo
1699 2845 1992 2910 viluerat.

426 2940 604 3014 Quod
635 2940 890 3021 quidem
910 2984 932 3013 ,
980 2941 1031 3003 si
1064 2941 1401 3007 vaticanae
1432 2942 1731 3005 Basilicae
1764 2942 1998 3026 praeci·

427 3056 551 3118 pue
583 3036 832 3109 accidit3
865 3056 1004 3099 cum
1033 3043 1392 3102 Sanctorum
1424 3039 1622 3103 Fastis
1643 3041 1999 3103 adscriben-

429 3132 495 3196 di
526 3124 693 3197 in’ea
727 3132 1021 3206 fuerunt,
1060 3135 1168 3217 qni
1204 3136 1503 3218 sanguine
1533 3158 1644 3219 pro
1674 3138 1898 3202 Christi
1927 3137 1999 3202 fi-

426 3230 506 3294 de
525 3229 804 3311 profuso,
826 3241 934 3312 aut
956 3232 1079 3295 vita
1099 3232 1163 3293 in
1187 3234 1352 3297 omni
1374 3235 1671 3298 virtutum
1693 3236 1995 3300 exercita·

429 3328 602 3394 tione
624 3328 906 3393 traducta
923 3328 1179 3393 illorum
1213 3332 1476 3414 gloriam
1496 3341 1994 3412 promeruerunt;

427 3430 598 3487 tanta
630 3432 799 3488 certe
823 3424 1036 3489 cultus
1059 3470 1080 3498 ,
1112 3434 1177 3489 et
1211 3437 1718 3492 ornamentorum
1751 3428 1828 3491 ad
1859 3445 2001 3492 eam

427 3521 710 3584 accessio
737 3518 897 3585 facta
928 3532 1027 3587 est
1055 3523 1175 3588 boc
1208 3532 1517 3605 tempore;
1548 3544 1691 3588 cum
1724 3525 1805 3590 de
1826 3528 2002 3609 quin-

430 3636 552 3698 que
579 3618 791 3682 Beatis
817 3618 985 3682 inter
1014 3625 1273 3683 sanctos
1301 3621 1365 3682 in
1402 3621 1620 3685 eadem
1653 3621 2003 3688 referendis

407 3705 638 3775 ‘actum
670 3712 790 3776 fuit
810 3756 831 3787 ,
863 3723 930 3778 ut
964 3734 1178 3780 secum
1211 3716 1343 3797 ipsa
1374 3717 1843 3798 quodammodo
1872 3739 2005 3784 cer-

431 3811 696 3885 taverit3
727 3811 930 3876 nativa
962 3832 1040 3875 an
1070 3812 1313 3878 adscita
1340 3812 1832 3894 pulchritudine,
1864 3836 2005 3901 spe-

433 3906 726 3973 ctabilior
752 3909 1093 3974 videretur.

561 4013 650 4069 De
681 4005 866 4089 bajus
893 4007 1088 4091 igitur
1106 4014 1443 4088 apparatus
1470 4008 1884 4091 descriptione
1917 4011 2003 4074 di·

438 4102 703 4165 cendum
735 4102 924 4166 modo
958 4104 1232 4166 breviter
1251 4105 1395 4176 erit3
1423 4108 1614 4167 Nemo
1641 4114 1860 4185 quippo
1892 4119 1999 4180 m,

442 4203 547 4277 qui
573 4206 828 4272 nesciat,
854 4198 948 4284 (c)
970 4202 1327 4264 sanctorum
1348 4208 1582 4280 gyter-tas
1615 4209 1730 4266 tali
1758 4210 2001 4268 celebri-

443 4304 565 4357 tate
598 4300 974 4373 frequentari
998 4300 1064 4360 in
1094 4304 1308 4371 ton-is,
1341 4312 1408 4361 ut
1436 4306 1665 4363 virtuto
1695 4307 1841 4377 pari
1858 4344 1878 4374 ,
1908 4309 2004 4366 da·

439 4400 680 4457 votione
724 4399 1031 4456 consimili
1069 4415 1142 4458 ac
1185 4402 1297 4473 Mc
1342 4404 1733 4472 dimicantes,
1777 4404 2002 4462 hostsm

443 4495 677 4554 vinem
697 4532 718 4564 ‚
763 4503 822 4554 st
854 4499 924 4554 da
941 4505 1124 4566 parta
1156 4500 1425 4559 victoria
1455 4515 1591 4559 cum
1622 4503 1769 4575 ipsis
1802 4507 2008 4561 trium·

442 4592 633 4667 phara
658 4632 677 4660 ,
715 4594 947 4652 Christo
972 4603 1323 4666 praestante
1350 4602 1652 4670 possimus
1682 4602 1748 4657 in
1782 4602 2004 4661 Caelis.

525 4687 841 4751 -uedtam
892 4688 1138 4769 Templi
1185 4688 1406 4754 faciem
1461 4712 1644 4775 supra
1691 4696 2006 4761 Porticum

444 4783 665 4867 ingens
691 4783 930 4865 pictura
956 4784 1323 4860 decorabat,
1356 4791 1745 4873 septuaginta
1774 4793 2013 4875 palmo-

440 4901 577 4945 rum
609 4880 965 4953 altitudine,
996 4883 1327 4948 latitudine
1349 4905 1498 4949 vero
1526 4889 1803 4971 quinque
1828 4912 2008 4974 supra

448 4979 739 5063 triginta,
773 4980 835 5040 in
866 5001 985 5062 qua
1018 4982 1092 5044 ad
1125 4982 1328 5044 vivum
1364 5004 1696 5066 expressae
1724 4991 2011 5070 Quinque

449 5081 784 5140 Beatorum
828 5077 1134 5160 imagines
1179 5079 1264 5141 ita
1309 5082 1572 5163 genibus
1610 5084 1772 5146 inter
1813 5088 2015 5150 nubes

449 5173 654 5247 flexis,
677 5172 1249 5256 splendidissimum
1274 5176 1335 5238 in
1357 5178 1663 5259 superiori
1679 5191 1859 5263 parte
1880 5183 2010 5246 Tri·

558 5373 644 5444 (a)
670 5375 741 5427 D.
771 5375 914 5442 Aug.
945 5372 1012 5425 de
1043 5372 1200 5434 Cioie.
1231 5374 1352 5427 Det*
1365 5392 1486 5448 cap.
1515 5377 1570 5430 7.

643 5461 1100 5532 frising.'1ib.='7.
1142 5480 1265 5534 cap.
1296 5465 1387 5517 81.

782 5580 991 5619 sasso.
1034 5580 1150 5620 nv.
1192 5580 1340 5621 ron.
1382 5571 1511 5623 vlt.

2098 1666 2233 1729 lum
2257 1710 2278 1739 ,
2306 1670 2807 1744 venerabantur3
2833 1675 2903 1732 ut
2934 1675 2999 1733 et
3032 1671 3112 1733 ab
3143 1691 3222 1735 eo
3252 1688 3472 1753 magna
3498 1670 3661 1736 lucis

2101 1764 2422 1830 immissae
2451 1765 2630 1846 copia
2657 1766 3123 1832 illustrarentur
3143 1812 3165 1842 ‚
3197 1776 3261 1832 et
3287 1770 3369 1833 ab
3403 1774 3666 1851 Aposto-

2099 1861 2301 1926 lorum
2334 1863 2724 1947 Principibus
2757 1886 2976 1948 parum
3009 1865 3169 1930 infra
3198 1868 3533 1951 Trigonum
3565 1887 3662 1932 se·

2100 1961 2398 2026 dentibus
2427 1963 2676 2027 invitari
2706 1963 3065 2028 viderentur
3087 2008 3108 2038 ‚
3139 1972 3204 2028 ut
3237 1966 3525 2047 superius
3567 1986 3665 2031 as·

2096 2061 2458 2125 conderent.
2501 2068 2735 2143 Tapete
2767 2062 3128 2127 coccineum
3175 2071 3240 2126 et
3267 2065 3473 2128 aureis
3512 2063 3665 2130 laci-

2100 2158 2214 2221 niis
2243 2159 2320 2222 ad
2354 2179 2495 2222 oras
2527 2159 2854 2242 magnifice
2885 2167 3164 2225 assutum
3190 2160 3350 2226 infra
3380 2161 3667 2227 demitte·

2101 2257 2326 2328 batur,
2358 2256 2521 2338 quod
2545 2254 2905 2320 inferiorem
2939 2259 3273 2323 Procestrii
3300 2267 3535 2342 partem
3559 2280 3669 2325 ve-

2099 2351 2282 2424 laret,
2312 2372 2392 2415 ex
2424 2374 2549 2434 quo
2582 2354 2816 2415 Summi
2856 2353 3185 2419 Pontifices
3214 2355 3450 2436 Populo
3479 2357 3667 2420 bene·

2101 2449 2338 2515 dicunt.
2383 2450 2659 2513 Medium
2708 2451 2769 2512 in
2798 2472 2876 2517 eo
2920 2462 3056 2516 erat
3086 2452 3475 2518 Gentilitium
3521 2460 3667 2518 San-

2100 2546 2329 2611 ctitatis
2351 2552 2507 2611 Suae
2541 2554 2809 2611 stemma
2840 2548 3089 2612 duobus
3108 2550 3183 2611 ad
3205 2549 3403 2614 latera
3422 2560 3665 2615 susten-

2103 2651 2298 2717 tatum
2333 2641 2642 2726 Aligeris=
2681 2644 2952 2727 insignia
2987 2646 3387 2729 Regularium
3422 2649 3673 2712 Institu-

2108 2750 2313 2804 torum
2336 2784 2358 2813 ‚
2390 2760 2468 2803 ex
2496 2742 2725 2823 quibus
2757 2744 2931 2807 Beati
2964 2744 3361 2824 prodierant,
3405 2745 3687 2811 inferius·

2106 2841 2569 2921 aspiciebantur
2585 2840 2767 2903 variis
2793 2838 3100 2905 frondium
3114 2843 3461 2926 florumque
3474 2843 3675 2909 corol-

2108 2936 2190 3002 lis
2210 2935 2572 3001 interclusa.

2237 3033 2501 3118 Fastigio
2537 3033 2695 3097 Ostii
2726 3032 3062 3117 principis,
3111 3054 3190 3097 ex
3220 3056 3345 3118 quo
3384 3034 3450 3097 in
3481 3036 3676 3101 Porti-

2108 3151 2250 3195 cum
2296 3139 2392 3195 est
2426 3130 2664 3203 aditus,
2710 3130 2795 3194 ita
2841 3137 3057 3196 ornato
3088 3153 3279 3207 suus,
3321 3140 3385 3195 et
3424 3132 3682 3198 minori-

2112 3232 2227 3293 bus
2250 3229 2457 3313 januis
2475 3245 2637 3311 qnae
2668 3228 2964 3310 utrinque
2993 3229 3303 3314 adjacent,
3329 3230 3531 3295 cultus
3552 3251 3682 3297 non

2110 3329 2370 3399 deeratz
2421 3327 2933 3408 supereminebat
2981 3328 3146 3391 enim
3195 3328 3460 3412 singulis
3506 3331 3684 3395 aurei

2110 3426 2342 3490 coloris
2371 3425 2496 3488 tela
2541 3424 2942 3508 praegrandis
2970 3426 3266 3490 tortuosis
3299 3434 3361 3489 et
3394 3428 3530 3508 ipsa
3570 3429 3684 3492 sso-

2114 3543 2252 3588 rum
2285 3523 2532 3586 coronis
2553 3566 2574 3596 ,
2617 3529 2681 3585 et
2709 3521 3101 3606 Aligerorum
3147 3523 3492 3606 interjectis
3518 3525 3701 3608 capi--

2119 3621 2287 3685 tibus
2312 3617 2579 3683 interius
2607 3618 2770 3700 picta
2791 3661 2811 3691 ,
2841 3619 3120 3684 exterius
3148 3639 3302 3685 vero
3331 3621 3549 3687 sericis
3574 3643 3684 3687 ve-

2113 3719 2194 3783 lis
2224 3728 2370 3802 apte
2397 3716 2687 3796 crispatis
2716 3716 3152 3797 undecumque
3182 3718 3500 3800 cospicua;
3534 3740 3682 3785 una-

2115 3836 2400 3898 quaeque
2434 3812 2780 3877 latitudinis
2823 3812 3068 3893 palmos
3095 3813 3377 3879 babebat
3415 3815 3681 3899 viginti,

2113 3912 2469 3976 altitudinis
2494 3910 2883 3994 quindecim,
2914 3909 2978 3972 in
3007 3912 3241 3997 quibus
3267 3910 3561 3977 lemmata
3590 3914 3684 3976 in·

2114 4011 2349 4092 scripta
2392 4015 2567 4071 erant
2598 4005 2717 4071 boc
2749 4006 3018 4085 ordines
3062 4009 3344 4073 Primum
3372 3995 3454 4074 'ab
3485 4015 3685 4076 lanua

2112 4106 2391 4193 principe
2422 4105 2837 4171 dextrorsum.

2155 4308 2238 4370 IN
2301 4305 2813 4367 COELESTIBUS
2875 4305 3158 4366 REGNIS
3219 4305 3688 4371 SANcronmt

2283 4404 2709 4464 ΗΔΒΙΤΑΤῙΟ
2763 4404 2946 4473 BST3
3002 4405 3104 4463 ET
3157 4403 3240 4463 m
3290 4407 3687 4468 AETERNUH

2290 4501 2621 4572 REQUOES
2664 4501 2957 4561 EORUM.

2504 4690 2792 4756 Alterum
2847 4688 3300 4754 sinistrorsum.

2161 4889 2515 4955 CORPORA
2560 4890 3022 4951 SANCTORUM
3069 4890 3149 4949 m
3192 4891 3390 4950 Pace
3434 4893 3690 4955 SEPUL-

2291 4992 2392 5051 ΤΛ
2420 4990 2629 5050 'SUNT
2651 5027 2672 5056 ,
2718 4990 2817 5047 ΕΤ
2860 4988 3132 5048 NOMEN
3179 4990 3447 5050 EORUM
3475 4990 3688 5053 vwrr

2292 5089 2373 5149 m
2407 5085 3054 5154 GENERA‘HONEM,
3086 5087 3184 5145 ET
3216 5085 3689 5150 GENERAUO·

2199 5247 2212 5258 ,
2291 5186 2476 5246 REM.
2516 5184 2682 5243 Eccl.
2717 5183 2921 5242 xuv.
2958 5180 3057 5241 14.

1754 5378 1844 5450 (h)
1885 5379 2091 5438 Lucius
2128 5381 2240 5436 ΙΙΙ.
2281 5379 2338 5433 in
2377 5377 2558 5449 Epist.
2600 5374 2677 5429 ad
2717 5372 3025 5430 corradum
3047 5375 3186 5445 Imp.
3227 5375 3380 5446 apud
3409 5363 3691 5433 ostionem

1538 5466 1623 5538 (c)
1664 5472 1714 5524 S.
1743 5472 2000 5527 ,Ioannes
2031 5470 2309 5543 Chrys-ose.
2352 5472 2520 5525 See-m.
2552 5468 2602 5521 1.
2638 5464 2709 5520 de
2744 5466 2987 5535 Hareyr.
3029 5475 3161 5517 tom.
3193 5465 3244 5522 ³.
3751 5471 3755 5476 ’

3372 5573 3441 5624 49
