4442 6300
967 547 1036 595 88
1870 550 2078 605 AGTA
2121 549 2781 605 ‹zattoNtzA'rtonts

769 688 934 769 quod
968 689 1516 756 bacchanaliorum
1540 692 2020 760 consuetudines
2063 697 2336 780 extirpa-

788 794 905 847 tac.

902 913 923 936 ·
964 891 1207 948 Interea
1230 927 1251 957 ‚
1280 904 1419 949 cum
1451 893 1545 951 tot
1573 893 1900 970 tantasque
1938 891 2341 972 quotidianas

2454 694 2650 761 ferret
2673 694 2947 778 aliquid,
2969 715 3096 777 quo
3115 693 3338 759 obvios
3369 693 3429 756 in
3459 693 3556 754 via
3588 714 3895 775 pauperes
3925 714 4024 757 so·

2452 791 2712 864 larmir,
2736 793 3111 874 quandoque
3130 802 3339 856 tamen
3360 811 3504 854 cum
3534 792 3679 853 nihil
3704 792 3820 856 sibi
3844 804 4022 873 prae-

2456 900 2625 954 terea
2677 889 2988 971 reliquum
3033 886 3236 958 foret,
3280 908 3359 951 eo
3405 909 3605 969 usque
3635 887 3834 951 voluit
3876 908 4019 952 esse

766 979 983 1045 clades
1001 981 1309 1065 acciperet
1341 982 1800 1049 infensissimus
1817 985 2066 1050 humani
2089 988 2338 1063 generis
2461 987 2843 1056 misericors,
2875 993 2941 1050 ut
2964 986 3094 1049 suis
3115 985 3249 1065 ipse
3278 986 3564 1049 vestibus
3593 994 3926 1050 trementes
3945 1004 4027 1049 ex

767 1076 1010 1153 hostis,
1038 1086 1103 1142 et
1136 1087 1300 1144 tenta
1329 1081 1451 1162 ipsi
1482 1080 1825 1147 inferretur
1845 1129 1864 1155 ,
1910 1105 2034 1148 uno
2062 1087 2339 1166 Josepbo

774 1182 1072 1248 auctore,
1129 1177 1481 1258 pernicies,
1543 1179 1918 1244 incredibile
1980 1182 2146 1246 dictu
2197 1191 2341 1257 est,

775 1282 1005 1352 quanta
1046 1273 1108 1334 in
1152 1294 1296 1337 eum
1343 1274 1772 1357 indignatione
1808 1278 2339 1355 excandesceret,

776 1379 1039 1449 quantas
1071 1370 1191 1451 ipsi
1227 1371 1555 1435 moliretur
1581 1372 1882 1446 insidias,
1913 1387 2172 1457 quantas
2197 1399 2342 1440 con-

769 1477 860 1529 tra
895 1466 1074 1530 illum
1108 1470 1406 1534 excitaret
1442 1458 1872 1553 tempestates.
1900 1476 2204 1546 Quoniam
2236 1497 2341 1538 ve·

2452 1082 2686 1166 frigore
2721 1102 3035 1164 pauperes
3052 1083 3351 1163 operiret.
3383 1083 3441 1144 Si
3470 1102 3625 1145 vero
3648 1082 4025 1163 quandoque

2451 1180 2815 1262 Apostolico
2836 1179 3082 1243 muneri
3111 1180 3482 1245 incumbens
3511 1180 3575 1241 in
3604 1176 3819 1262 aliquo
3849 1189 4027 1243 extra

2452 1282 2830 1343 conventum
2873 1278 3150 1358 hospitio
3189 1278 3486 1361 degeret,
3528 1276 3557 1361 (
3580 1278 3748 1359 quod
3794 1277 4029 1356 saepis-

2453 1377 2606 1439 sime
2638 1378 3083 1459 contiugebat)
3105 1387 3233 1440 tum
3266 1376 3326 1436 in
3354 1376 3524 1438 aliud
3563 1396 3873 1459 pauperes
3904 1385 4031 1437 tur-

2455 1474 2671 1535 matim
2704 1473 3124 1554 compellere,
3154 1473 3242 1534 ibi
3273 1494 3385 1534 eos
3416 1493 3448 1533 a
3480 1473 3699 1552 capitis
3729 1472 4026 1535 vestium·

772 1585 842 1628 ro
888 1565 1219 1635 collectam
1254 1569 1359 1631 diu
1393 1570 1633 1634 rabiem
1668 1570 1805 1650 ipse
1837 1592 1949 1653 per
1973 1592 2044 1636 se
2070 1574 2131 1635 in
2163 1580 2342 1638 Jose-
2392 1580 2402 1635 Ι
2455 1590 2576 1650 que
2607 1570 2904 1635 sordibus
2932 1590 3197 1652 purgare
3219 1614 3240 1641 ,
3269 1571 3465 1650 pedes
3494 1588 3713 1632 eorum
3748 1579 4019 1652 tergere,

768 1662 957 1743 plnum
992 1666 1313 1731 effundere
1342 1666 1809 1746 prohibebatur,
1842 1670 2093 1743 effecit,
2126 1679 2191 1734 ut
2223 1671 2342 1736 hoc
2448 1665 2663 1749 plagas
2692 1680 2913 1732 curare
2942 1674 3007 1731 et
3037 1666 3304 1732 osculari
3337 1667 3689 1748 gaudebat;
3733 1674 3863 1729 tum
3893 1665 4024 1731 lau·

766 1760 970 1839 ipsum
1000 1780 1115 1842 per
1143 1761 1464 1843 improbos
1495 1765 1795 1845 quosdam
1829 1767 2118 1833 homines
2152 1770 2339 1831 mini-

774 1868 944 1921 stros
974 1880 1147 1930 suos,
1170 1879 1438 1940 quorum
1467 1862 1617 1924 vitia
1647 1883 1981 1946 moresque
2008 1857 2339 1948 corruptos

766 1955 1126 2032 Apostolica
1149 1954 1442 2021 libertate
1473 1959 1998 2039 reprehendebat,
2023 1963 2337 2026 abundan—

729 2046 736 2051 ’
769 2050 1009 2114 tissime
1037 2063 1551 2134 consequeretur:
1586 2061 1802 2137 ltaque
1826 2077 1965 2120 cum
1990 2059 2339 2126 innumeris

764 2146 989 2212 suisset
1018 2149 1097 2211 ab
1125 2149 1207 2213 iis
1233 2148 1565 2216 lacessitus
1594 2152 1843 2236 injuriis
1862 2199 1884 2226 ,
1925 2158 2339 2238 maximisque

765 2246 1164 2312 contumeliis
1191 2247 1494 2326 affectus,
1522 2271 1601 2315 eo
1632 2253 1881 2316 taudem
1913 2253 2143 2319 furoris
2173 2256 2341 2319 insa-

766 2342 1038 2424 niaeque
1067 2344 1400 2409 deventum
1431 2356 1553 2419 est,
1583 2357 1650 2411 ut
1679 2349 1741 2410 in
1773 2350 2028 2432 publico
2061 2353 2339 2417 omnium

766 2448 1104 2520 conspectu
1128 2482 1148 2511 ,
1182 2441 1518 2524 medioque
1547 2434 1770 2527 Oppidi
1815 2445 1955 2510 foro
1987 2448 2178 2511 barba
2212 2450 2338 2531 ipsi

763 2552 880 2614 per
907 2555 1222 2601 summam
1267 2538 1561 2620 injuriam
1590 2536 2010 2617 avelleretur,
2054 2547 2340 2609 verberi·

765 2632 886 2695 bus
915 2640 981 2696 et
1009 2632 1287 2715 colaphis
1314 2636 1672 2703 immaniter
1699 2641 2112 2716 caederetur,
2141 2653 2201 2705 et
2236 2665 2339 2726 pa·

765 2748 906 2793 rum
938 2730 1213 2795 abluerit
1235 2775 1255 2806 ,
1285 2735 1437 2815 quin
1466 2755 1500 2798 a
1532 2735 1991 2802 scelestissimo
2018 2742 2289 2822 quodam
2318 2786 2339 2816 ‚

2457 1765 2725 1829 tioribus
2745 1809 2767 1836 ,
2798 1765 3026 1847 quibus
3056 1773 3322 1847 poterat,
3351 1764 3695 1829 esculentis
3729 1764 4020 1837 reficere,

2454 1883 2803 1945 somnoque
2846 1875 3199 1946 opportuno
3238 1861 3301 1923 in
3345 1862 3720 1945 praeparatis
3768 1860 4024 1927 lectulis

2452 1977 2756 2024 recreare.
2786 1960 2943 2033 Quin
2975 1960 3167 2024 etiam
3198 1959 3262 2019 in
3289 1958 3461 2041 ipses
3489 1979 3558 2023 se
3586 1958 3902 2023 insinuans
3932 1978 4027 2022 se·

2452 2057 2948 2121 cretissimorum
2978 2076 3305 2121 carcerum
3340 2056 3779 2129 obscuritates,
3810 2054 4024 2120 confe-

2450 2164 2589 2217 ctos
2618 2154 2707 2218 ibi
2735 2154 3031 2236 squalore
3057 2173 3127 2217 ac
3157 2153 3321 2217 fame
3349 2154 3663 2227 homines,
3682 2154 3851 2219 omni
3870 2175 4023 2236 quo·

2451 2271 2718 2334 cumque
2751 2253 2939 2317 modo
2967 2262 3234 2333 poterat,
3267 2252 3550 2327 relevare
3580 2253 3940 2335 satagebat,
3973 2252 4025 2315 si

2452 2371 2639 2431 quem
2668 2370 2819 2414 vero
2845 2370 3064 2414 eorum
3104 2351 3202 2415 vel
3232 2351 3628 2413 innocentem
3672 2349 4022 2432 deprehen·

2454 2446 2677 2518 deret,
2718 2445 2819 2510 vel
2863 2448 3049 2511 morti
3080 2448 3463 2511 destinatum
3497 2445 3920 2529 intelligeret,
3951 2445 4026 2508 il·

2453 2542 2578 2608 lius
2606 2563 2861 2609 causam
2906 2544 3069 2626 apud
3097 2544 3350 2607 ,ludices
3392 2562 3623 2621 agei-eg
3666 2543 3830 2607 hunc
3869 2563 4023 2607 vero

2453 2639 2666 2712 omni,
2697 2660 2824 2723 quo
2855 2649 3107 2724 posset,
3139 2639 3324 2704 officii
3369 2659 3598 2720 genere
3628 2638 3794 2722 apud
3824 2644 4020 2702 Deum

2445 2737 2669 2820 juvare
2699 2745 2764 2801 et
2794 2737 3102 2802 consolari
3134 2736 3450 2801 studebat.
3481 2739 3637 2799 Cum
3664 2743 3872 2800 autem
3919 2754 4023 2798 ve-

764 2837 1018 2907 arrepto
1063 2839 1329 2912 utraque
1382 2852 1563 2898 manu
1613 2837 1897 2916 caputio,
1938 2858 2141 2919 eoque
2172 2841 2343 2905 collo
2451 2835 2924 2900 bementissime
2955 2842 3241 2919 optaret,
3288 2842 3404 2906 ut,
3448 2853 3571 2913 qua
3600 2832 3738 2913 ipse
3781 2837 4025 2896 aestua-

763 2935 932 2990 arcte
965 2928 1300 3009 perstricto
1320 2972 1341 3002 ‚
1372 2930 1674 3012 elisisque
1703 2930 1989 2999 faucibus
2015 2938 2340 3018 praefoca-

763 3031 955 3086 retur.
986 3029 1156 3098 Quae
1186 3039 1394 3092 tamen
1423 3031 1630 3095 omnia
1664 3040 1789 3094 tam
1836 3035 2150 3115 aequabili
2186 3038 2338 3099 invi·

763 3130 991 3202 etoque
1021 3125 1233 3188 animo
1264 3127 1359 3188 vir
1379 3146 1529 3192 vere
1563 3128 1946 3196 Christianus
1998 3133 2291 3198 toleravit
2315 3181 2335 3206 ,

763 3226 826 3279 ut
858 3218 1192 3292 charitatis,
1225 3223 1587 3304 patientiae,
1614 3221 1986 3291 humilitatis
2018 3235 2341 3312 exemplar

764 3320 1037 3379 evaserit
1059 3319 1513 3382 admirandum.
1537 3321 1775 3387 Gaudio
1804 3323 2121 3406 siquidem
2146 3328 2204 3388 in
2234 3328 2335 3389 triss

765 3412 1089 3477 bulatione
1115 3437 1229 3495 pro
1244 3415 2018 3501 Christosuperabuudans
2036 3442 2177 3486 cum
2210 3445 2338 3486 ma·

766 3508 1150 3576 lediceretur
1181 3514 1625 3587 benedicebat,
1655 3537 1795 3579 cum
1828 3522 2333 3600 persecutionem

766 3618 1092 3688 pateretur
1114 3655 1132 3681 ,
1164 3613 1553 3681 sustinebat,
1582 3635 1722 3677 cum
1759 3615 2335 3704 blasphemaretur,

772 3706 1181 3782 obsecrabat,
1226 3719 1288 3772 et
1335 3709 1556 3771 Christi
1587 3717 1737 3775 ,lesu
1788 3713 2334 3796 mortifipationem

771 3803 834 3864 in
860 3824 1121 3885 corpore
1151 3827 1266 3870 suo
1315 3808 1771 3872 circumferens
1796 3852 1816 3880 ,
1847 3811 2105 3893 eiusque
2136 3816 2333 3878 consi-

772 3898 930 3961 lium
963 3921 1265 3981 peragens
1295 3907 1666 3984 percutienti
1701 3907 2045 3982 maxillam,
2074 3910 2335 3974 alteram

772 4000 1052 4078 protinus
1078 4002 1405 4067 offerebat.
1446 4032 1469 4058 ·

905 4128 927 4151 ·
968 4104 1179 4182 Neque
1199 4121 1351 4165 vero
1378 4105 1682 4167 constanti
1709 4105 1868 4170 adeo
1887 4105 2209 4171 voluntate
2235 4127 2338 4170 ae⁴

772 4207 1010 4260 ternam
1060 4208 1297 4262 tantum
1337 4200 1685 4264 animarum
1729 4201 1994 4266 salutem
2025 4203 2337 4286 Iosephus

769 4295 1192 4375 operabatur,
1224 4297 1336 4361 sed
1371 4298 1489 4363 dici
1521 4298 1622 4361 vix
1653 4309 1863 4381 potest
1892 4308 2186 4382 quantam
2235 4322 2335 4365 su-

771 4392 1041 4473 sceperit
1077 4392 1269 4456 etiam
1300 4414 1636 4476 corporum
1666 4415 1882 4459 curam
1909 4439 1930 4470 ,
1973 4404 2334 4478 quantoque

768 4508 984 4552 amore
1026 4487 1247 4570 inopes
1295 4511 1517 4555 omnes
1562 4492 2111 4573 complecteretur.
2175 4495 2333 4560 Hinc

770 4603 895 4649 uon
923 4584 1128 4649 solum
1159 4607 1270 4650 eos
1297 4587 1514 4658 cibos,
1544 4589 1649 4669 qui
1686 4588 1809 4652 sibi
1841 4590 2332 4674 contingebant,

769 4683 988 4767 majori
1020 4703 1097 4747 ex
1132 4693 1303 4765 parte
1331 4706 1472 4750 cum
1507 4688 1884 4768 pauperibus
1914 4688 2333 4769 communicab

767 4782 897 4853 bnt,
916 4790 977 4846 et
1008 4783 1605 4863 omnesacommunis
1629 4805 1882 4850 mensae
1904 4784 2206 4868 reliquias
2238 4785 2332 4849 di-

762 4877 1177 4962 ligentissime
1219 4879 1565 4962 colligebat
1591 4883 1801 4967 egenis
1829 4882 2287 4965 impertiendas
2306 4926 2328 4958 ,

765 4978 876 5041 sed
909 4997 1028 5041 non
1069 4978 1358 5062 exiguam
1389 4979 1640 5061 insuper
1678 4980 1838 5045 horti
1868 5000 2078 5043 aream
2109 4980 2187 5043 de
2219 4986 2330 5044 Su·

763 5075 1076 5157 periorum
1126 5076 1377 5140 licentia
1419 5078 1553 5141 suis
1579 5078 1714 5160 ipse
1746 5079 2038 5141 manibus
2068 5076 2328 5144 celeus,

765 5173 1070 5256 quidquid
1116 5173 1260 5236 inde
1306 5181 1417 5237 aut
1465 5172 1781 5237 fructuum
1835 5172 2175 5255 accipiebat
2223 5181 2332 5236 aut

767 5271 1008 5333 olerum
1035 5317 1055 5346 ‚
1104 5271 1167 5335 id
1222 5289 1410 5336 omne
1465 5270 1891 5335 amantissime
1948 5271 2332 5354 pauperibus

768 5369 1210 5454 elargiebatur.
1244 5369 1628 5435 Guardianus
1657 5390 1847 5451 porro
1875 5387 2014 5433 cum
2045 5367 2182 5436 fuit,
2212 5366 2331 5430 etsi

765 5487 1079 5551 utnusquam
1112 5468 1296 5533 domo
1326 5467 1706 5541 diverteret,
1758 5467 1909 5549 quin
1956 5485 2169 5530 secum
2218 5464 2329 5528 de·

2452 2931 2601 3002 bat,
2650 2933 2982 3016 singularis
3028 2931 3295 2997 charitas
3343 2930 3408 2992 in
3454 2928 3729 2993 omnium
3773 2927 4020 2994 animos

2448 3027 2948 3101 diffunderetur,
2997 3037 3062 3094 et
3111 3028 3188 3092 ad
3234 3025 3481 3091 futuras
3531 3024 3723 3089 etiam
3779 3032 4020 3111 aetates

2450 3126 3022 3199 transmitteretur,
3053 3145 3087 3189 a
3118 3124 3452 3189 ditioribus
3481 3124 4019 3206 quibuscumque,

2447 3244 2567 3305 qua
2600 3225 2897 3308 precibus
2918 3268 2939 3298 ,
2987 3243 3107 3305 qua
3144 3223 3396 3286 monitis
3423 3265 3442 3294 ,
3473 3242 3594 3303 qua
3627 3221 3853 3291 minis,
3895 3240 4021 3301 qua

2449 3321 3015 3402 pollicitationibus
3044 3322 3439 3400 impetravit,
3477 3330 3547 3382 ut
3574 3340 3750 3382 suam
3778 3318 3841 3380 in
3871 3319 4019 3382 suh·

2446 3416 2727 3485 levandis
2756 3421 3134 3503 pauperibus
3162 3415 3854 3500 operam'collocarent.
3882 3422 4018 3489 Quo

2444 3514 2675 3580 factum
2704 3526 2799 3583 est
2825 3560 2846 3590 ‚
2884 3525 2957 3581 ut
2987 3537 3061 3580 ex
3092 3515 3517 3598 eleemosynis
3558 3512 3787 3598 collata
3829 3533 4017 3594 pecu·

2448 3614 2549 3678 nia
2570 3659 2591 3687 ,
2618 3613 2800 3697 plura
2831 3614 2894 3675 in
2922 3613 3184 3678 diversis
3215 3608 3474 3693 oppidis
3503 3608 3600 3672 vel
3634 3609 4019 3673 instaurare·

2448 3713 2563 3786 rit,
2605 3711 2706 3777 vel
2748 3710 3115 3776 excitaverit
3142 3727 3483 3792 pauperum
3528 3714 3594 3772 et
3620 3707 4019 3791 peregrinan-

2449 3810 2604 3873 tium
2634 3809 2925 3890 Hospitis
2948 3851 2970 3882 ,
2999 3816 3065 3873 et
3091 3814 3301 3871 certos
3328 3812 3790 3890 perpetuosque
3820 3806 4015 3867 Pieta-

2445 3906 2556 3977 tis,
2586 3914 2656 3968 ut
2682 3914 2931 3976 vocant,
2956 3910 3204 3972 Montes
3234 3900 3657 3967 solertissime
3690 3899 4016 3964 stabilive-

2446 4003 2526 4064 rit
2546 4045 2568 4076 ,
2609 4021 2875 4085 quorum
2905 4000 3146 4067 fructus
3176 4000 3238 4062 in
3269 4018 3611 4084 egenorum
3646 3995 4016 4062 beneficium

2446 4108 2879 4183 erogarentur.
2918 4124 2942 4153 ο

2579 4228 2603 4252 ·
2652 4202 2819 4262 Haec
2860 4205 3074 4260 autem
3118 4192 3372 4275 pietatis
3413 4191 3614 4256 officia
3648 4196 3777 4256 Deo
3817 4188 4015 4274 fuisse

2446 4294 2881 4374 acceptissima
2925 4291 3211 4374 pluribus
3240 4288 3715 4373 insignibusque
3759 4287 4019 4352 miracu-

2447 4388 2522 4453 lis
2570 4396 2736 4455 Deus
2781 4391 2918 4471 ipse
2966 4394 3233 4453 testatus
3260 4395 3395 4451 estz
3445 4392 3615 4448 Inter
3645 4403 3804 4464 quae
3852 4382 4012 4446 illud

2445 4510 2565 4554 non
2616 4497 2714 4554 est
2756 4483 3389 4571 praetermittendum
3417 4525 3440 4555 ,
3501 4482 3669 4563 quod
3732 4477 4011 4544 Ocriculi

2443 4607 2680 4652 summa
2710 4585 2988 4650 omnium
3006 4581 3418 4649 admiratione
3441 4586 3749 4662 patratum
3770 4585 3889 4641 est.
3914 4575 4007 4638 lbi

2439 4686 2605 4749 enim
2637 4704 2780 4750 cum
2812 4692 2983 4748 esset
3001 4677 3260 4761 loseph,
3292 4676 3742 4756 habuissetque
3773 4693 4012 4737 sermo·

2396 4793 2403 4800 ’
2441 4802 2584 4846 uem
2614 4782 2694 4845 de
2723 4802 2801 4846 eo
2831 4779 3053 4843 Christi
3091 4773 3415 4847 miraculo,
3448 4794 3572 4854 quo
3601 4771 3875 4855 quinque
3906 4789 4010 4850 pa·

2442 4880 2622 4942 nibus
2661 4887 2726 4942 et
2753 4878 2998 4941 duobus
3040 4873 3320 4957 piscibus
3364 4869 3643 4953 quinque
3687 4867 4007 4931 bominum

2441 4975 2638 5039 millia
2672 4980 3100 5043 saturaverat,
3145 4968 3439 5052 quoniam
3474 4985 3722 5030 summa
3760 4964 3823 5032 id
3855 4971 4009 5026 tem-

2441 5074 2609 5156 poris
2646 5089 2928 5135 annonae
2968 5068 3232 5134 caritate
3262 5066 3307 5128 ii
3335 5064 3551 5147 Populi
3590 5061 4007 5133 laborabant,

2442 5192 2551 5235 sua
2578 5171 2640 5231 in
2671 5174 2866 5232 Deum
2890 5165 3015 5230 fide
3043 5164 3351 5244 Josepbus
3371 5162 3663 5232 obtinuit,
3679 5167 3846 5222 utex
3864 5176 4009 5240 per-

2441 5268 2664 5350 exigua
2719 5264 2966 5338 farina,
3015 5281 3204 5345 quam
3252 5268 3578 5339 acceperat
3616 5278 3696 5322 ex
3726 5256 4004 5320 eleemo-

2442 5385 2593 5449 syna
2614 5407 2635 5432 ,
2666 5369 2835 5426 tanta
2868 5361 3041 5445 panis
3071 5359 3248 5440 copia
3278 5356 3745 5427 conficeretur,
3772 5363 4005 5435 quanta

2442 5460 2750 5526 sufficeret
2794 5459 3038 5542 integro
3083 5454 3177 5518 illi
3223 5451 3494 5537 popule,
3550 5450 4002 5531 finitimisque,
