4442 6300
1565 468 1909 536 anQut
1951 465 2423 521 sancta-ouum
2460 470 2627 519 πται.

485 610 803 680 fidelibus
823 614 1352 698 atqnehtinistris,
1364 611 1868 697 frequentissima
1887 616 2045 674 Con·

2165 611 2589 694 omnibusque
2619 612 2708 677 ibt
2736 614 3179 696 praesentibus
3200 613 3543 696 plenariam
3578 633 3719 698 pec·

488 710 881 777 sacerdotum
911 732 1135 777 corona
1156 711 1414 796 stipati,
1441 712 1519 777 ad
1553 731 1784 776 sacram
1819 708 2050 773 beatis·
2111 792 2116 799 ·
2156 716 2442 773 catorum
2473 710 2928 796 indulgentiam
2961 711 3169 797 largiti
3199 711 3465 778 inimum·
3568 756 3573 767 -

484 807 632 873 simi
690 802 1132 890 Apostolorum
1193 810 1499 893 Principis
1554 807 1924 872 memoriam
1981 807 2048 869 in

484 906 783 970 Vaticano
815 905 1115 970 solemnis
1144 906 1618 988 supplicationis
1646 907 1766 969 ritu
1796 920 2050 987 proces-

485 1002 719 1067 simus:
752 1002 865 1068 Ubi
897 1002 1189 1067 exhibitis
1216 1003 1413 1068 Nobis
1444 1005 1672 1067 iterum
1720 1024 1754 1067 a
1811 1002 2045 1067 dilecto

485 1101 644 1166 Filio
671 1110 884 1166 nostro
912 1100 1236 1167 Joachimo
1266 1102 1458 1165 Tituli
1493 1107 1854 1165 Sanctorum
1886 1106 2045 1175 Qu'a-

486 1203 629 1263 tuor
660 1202 1100 1262 coronatorum
1134 1200 1516 1284 Presbytero
1543 1198 1852 1263 Cardinali
1899 1205 2046 1262 Por·

484 1302 801 1359 tocarrero
832 1305 1205 1377 nuncupato,
1227 1297 1691 1377 praedictorum
1723 1314 2045 1377 supremo-

484 1410 620 1456 rum
650 1391 1005 1473 Principum
1038 1401 1102 1455 et
1154 1398 1484 1457 Procerum
1512 1437 1533 1465 ,
1592 1388 2043 1456 Ecclesiamn‘i-

479 1510 650 1571 que,
683 1497 748 1553 et
773 1489 1282 1572 congregationis
1334 1489 1725 1554 clericorum
1786 1487 2042 1574 Regula-

477 1585 643 1651 rium
679 1586 970 1670 precibus
997 1594 1057 1650 et
1086 1586 1629 1652 obsecrationibus
1651 1635 1670 1662 ‚
1704 1587 1812 1650 Dei
1840 1586 2043 1652 nomi-

480 1702 562 1748 ne
587 1704 734 1748 cum
764 1683 1423 1767 gemitibusinvocato
1445 1726 1466 1756 ,
1494 1684 1573 1748 ad
1603 1685 1858 1748 laudem
1907 1686 2043 1748 sa‘n·

482 1787 620 1845 ctae
646 1789 710 1845 et
738 1780 1093 1847 individuae
1124 1783 1447 1848 Trinitatis
1467 1826 1487 1853 ‚
1519 1782 1597 1847 ad
1637 1781 2043 1864 Triumphau-

485 1877 573 1943 tis
600 1877 927 1943 Ecclesiae
955 1876 1219 1962 gloriam
1243 1924 1264 1951 ‚
1297 1887 1367 1945 et
1393 1878 1718 1945 Militantis
1767 1880 2044 1946 consola·

485 1978 724 2041 tionem
758 1984 950 2058 atque
977 1977 1362 2058 praesidium
1394 1978 1764 2044 auctoritate
1795 1978 2041 2041 Domini

478 2072 686 2137 Nostri
718 2080 868 2137 lesu
900 2073 1125 2137 Christi
1147 2117 1168 2146 ,
1201 2083 1553 2138 sanctorum
1588 2074 2034 2155 Apostolorum

477 2171 646 2236 Petri
680 2181 747 2235 et
772 2168 945 2234 Pauli
970 2214 990 2243 ‚
1020 2190 1095 2235 ac
1123 2174 1344 2235 Nostra
1364 2215 1386 2243 ,
1417 2192 1489 2236 ac
1518 2171 1600 2236 de
1623 2180 2037 2255 congregatae

474 2266 903 2334 Fraternitatis
924 2311 944 2340 ‚
973 2275 1040 2330 ut
1072 2289 1253 2350 supra
1283 2269 1558 2334 diximus
1579 2311 1600 2341 ,
1656 2288 1916 2334 assensu
1972 2277 2037 2334 et

484 2366 747 2431 consilio
776 2365 1158 2447 praedictum
1181 2365 1513 2431 Camillum
1544 2367 1620 2430 de
1639 2366 1833 2430 Lellis
1857 2367 2037 2431 Dioc-

482 2460 644 2528 cesi's
700 2462 1041 2526 'theatinae
1096 2464 1499 2529 Sacerdotem
1521 2507 1542 2536 ,
1615 2464 2031 2531 Fundatorem

476 2557 984 2642 Congregationis
1014 2557 1390 2623 clericerum
1426 2559 1826 2643 Regularium
1858 2560 2035 2622 uini·

469 2655 804 2720 strantium
835 2654 1105 2719 Infirmis
1126 2699 1146 2727 ,
1174 2657 1252 2719 de
1280 2656 1461 2740 cujus
1492 2656 1904 2737 praecellenti
1940 2657 2037 2720 tvi-

475 2752 552 2818 de
583 2760 641 2816 et
676 2753 978 2817 charitate
1010 2753 1367 2834 ceterisque
1398 2754 1753 2818 Virtutibus
1779 2756 1842 2816 in
1900 2775 2031 2837 gra·

472 2851 553 2915 du
582 2850 862 2923 heroico,
880 2870 1119 2915 necnon
1151 2850 1230 2914 de
1259 2851 1576 2915 Miraculis
1604 2851 1801 2934 ipsius
1828 2852 2025 2916 inter·

469 2947 753 3011 cessione
783 2936 820 3009 a
848 2949 981 3009 Deo
1009 2947 1267 3026 patratis
1297 2945 1662 3027 plenissime
1707 2948 2033 3012 constabat

473 3050 538 3108 et
565 3049 846 3116 constat,
879 3048 1162 3107 Sanctum
1196 3063 1338 3106 esse
1368 3043 1729 3109 definiendo
1761 3062 2029 3128 pronun-

469 3138 769 3206 ciavimus
790 3182 813 3212 ,
845 3146 910 3202 et
940 3159 1057 3221 pro
1088 3144 1312 3205 Sancto
1342 3140 1422 3203 ab
1455 3139 1747 3204 omnibus
1799 3139 2030 3204 haben·

468 3235 615 3300 dum
645 3243 837 3317 atque
865 3235 1199 3301 colendum
1233 3237 1589 3312 ediximus,
1647 3239 1713 3300 in
1769 3239 2024 3301 nomine

462 3334 661 3400 Patris
689 3343 754 3396 et
786 3331 930 3395 Filii·
954 3341 1014 3395 et
1048 3334 1310 3417 Spiritus
1341 3334 1542 3400 Sancti
1564 3360 1584 3409 ς
1607 3335 2029 3416 omnibusque

343 3475 398 3535 Δ
467 3428 1028 3502 christifidelibus,
1062 3429 1169 3513 qui
1196 3431 1455 3514 singulis
1486 3432 1663 3497 annis
1706 3431 1811 3497 die
1867 3438 2026 3495 xlv,

467 3525 621 3592 Iulii
649 3546 798 3589 vere
830 3527 1231 3609 poenitentes
1261 3536 1326 3592 et
1357 3528 1636 3593 confessi
1679 3528 2027 3596 Ecclesiam

470 3630 531 3689 S.
557 3624 788 3689 Mariae
819 3623 1224 3708 magdalenae
1256 3626 1333 3688 de
1365 3628 1531 3690 Urbe
1591 3627 2030 3710 congregatio-

462 3719 562 3784 nis
592 3719 908 3803 praefatae
928 3720 1314 3786 clericorum
1347 3722 1744 3805 Regularium
1767 3767 1789 3798 ‚
1820 3724 1883 3784 in
1906 3744 2029 3804 qna

459 3818 660 3900 ipsius
688 3819 889 3885 Sancti
920 3822 1153 3902 Corpus
1181 3807 1476 3900 religiose
1508 3821 1900 3892 asservatur-,⁵
1920 3821 2028 3885 de·

465 3911 610 3978 vote
638 3914 1072 3987 visitaverint,
1104 3923 1345 3996 septem
1389 3935 1583 3981 annos
1638 3923 1699 3980 et
1761 3917 2025 3981 totidem

465 4012 895 4095 quadragenas
926 4011 1004 4073 de
1037 4011 1334 4096 injunctis
1363 4012 1456 4077 eis
1477 4057 1497 4087 ‚
1533 4034 1641 4076 scu
1674 4013 1836 4077 alias
1851 4014 2026 4078 debi-

462 4107 548 4173 tis
579 4106 982 4190 poenitentiis
1003 4149 1024 4179 ,
1053 4107 1270 4172 eadem
1303 4110 1672 4173 auctoritate
1706 4110 1774 4171 in
1807 4129 2027 4192 perpe·

464 4213 637 4269 tuum
696 4203 1195 4269 misericorditer
1248 4206 1684 4271 relaxavimus.
1743 4207 2025 4288 Denique

455 4301 522 4363 in
585 4301 954 4383 obsequium
1017 4302 1471 4383 omnipotentis
1528 4303 1640 4367 Dei
1699 4303 2024 4369 decantato

463 4398 685 4462 Laudis
715 4408 779 4462 et
809 4396 1238 4463 confessionis
1288 4407 1536 4486 Hymno
1559 4444 1579 4471 ,
1634 4401 2019 4467 incruentam

463 4494 685 4557 salutis
713 4500 963 4558 nostrae
991 4496 1273 4558 Hostiam
1303 4497 1379 4561 ad
1412 4498 1623 4562 Altare
1672 4497 2023 4566 Confessio·

463 4591 558 4656 nis
586 4591 937 4656 beatissimi
970 4591 1134 4655 Petri
1169 4593 1452 4676 Apostoli
1486 4594 1548 4656 in
1582 4596 1798 4676 spiritu
1824 4595 2021 4658 humi-

461 4689 659 4753 litatis
677 4687 1023 4752 obtulimus
1044 4706 1185 4750 cum
1208 4690 1807 4756 commemoratione
1828 4694 2019 4758 etiam

460 4786 662 4868 ipsius
693 4791 752 4849 S.
782 4784 1031 4848 Camilli
1081 4784 1517 4859 confessoris,
1576 4807 1818 4853 necnon
1876 4795 2023 4851 San·

459 4892 702 4948 ctorum
734 4881 965 4947 Fidelis
996 4883 1323 4968 Martyris,
1381 4886 1585 4961 Petri,
1642 4893 1706 4949 et
1763 4883 2021 4965 losephi

460 4977 896 5042 Contessorum
921 5021 941 5051 ,
971 4987 1037 5042 et
1064 4979 1429 5045 catharinae
1492 4980 1760 5065 Virginis
1783 5023 1804 5054 ,
1861 5001 2022 5063 quos

464 5072 702 5159 pariter
729 5080 1092 5138 Sanctorum
1133 5075 1296 5139 Albo
1356 5077 1476 5141 rite
1513 5077 2022 5171 adscripsimus,
2123 5103 2134 5110 ·

569 5271 623 5323 Δ
659 5267 1066 5338 Indulgentiae.

571 5359 616 5409 C
663 5355 907 5409 Sanctio.

2287 806 2543 870 uxultet
2568 807 2760 889 igitur
2787 808 3073 874 Ecclesia
3100 819 3310 875 sancta
3340 810 3499 882 Dei,
3526 820 3597 876 et
3618 812 3716 895 ja-

2160 902 2470 966 cundetur
2497 903 2561 965 in
2592 905 2856 969 Domine
2876 944 2898 979 ,
2928 904 3039 986 qai
3064 905 3409 977 secundum
3453 909 3718 988 promis-

2158 997 2367 1063 siones
2393 1020 2543 1065 suas
2570 1002 2925 1067 sanctitatis
2950 1010 3017 1069 et
3043 1002 3401 1068 dilectionis
3430 1004 3714 1085 spiritum

2154 1094 2218 1155 in
2252 1115 2324 1159 ea
2354 1106 2682 1161 conservat
2708 1105 2772 1162 et
2803 1098 2995 1164 fovet.
3044 1100 3415 1164 Excitentur
3472 1101 3717 1169 Fideles

2156 1191 2234 1255 ad
2266 1192 2582 1274 praeclara
2614 1197 2815 1260 Sancti
2844 1197 3027 1280 hujus
3054 1197 3486 1279 persequenda
3532 1203 3720 1267 vesti·

2154 1288 2253 1371 gia
2274 1332 2295 1363 ,
2324 1299 2390 1353 ut
2423 1292 2619 1374 ipsius
2648 1302 3007 1359 mereantur
3034 1295 3349 1377 suffragiis
3391 1295 3669 1381 adjuvari
3694 1327 3716 1377 ς

2153 1389 2261 1467 qui
2295 1410 2490 1469 quum
2525 1392 2589 1452 in
2618 1389 2734 1455 illo
2764 1399 2981 1475 Regno
3010 1393 3427 1457 Beatitudinis
3452 1394 3514 1456 in
3548 1399 3713 1478 quod

2151 1502 2362 1565 neque
2391 1485 2598 1551 luctus
2640 1506 2847 1570 neque
2906 1488 3089 1553 dolor
3147 1488 3534 1570 ingreditur,
3592 1512 3715 1557 non

2154 1579 2388 1647 habeat
2409 1626 2431 1655 ‚
2460 1586 2561 1650 cui
2593 1593 2845 1651 assueta
2871 1585 3338 1651 misericordiae
3369 1608 3522 1652 suae
3552 1591 3718 1665 exbi-

2155 1680 2303 1744 beat
2331 1679 2575 1755 officia,
2600 1702 2715 1747 nos
2741 1682 2844 1747 hic
2875 1684 2939 1745 in
2969 1683 3162 1748 tantis
3191 1684 3499 1766 angustiis
3527 1694 3592 1750 et
3618 1708 3718 1755 ca·

2154 1775 2306 1841 lami
2314 1778 2549 1844 tatibus
2565 1780 2936 1845 constitutos
2953 1802 3064 1846 sua
3093 1781 3544 1846 intercessione
3566 1786 3715 1851 sua·

2151 1872 2363 1939 levare
2384 1918 2405 1947 ‚
2438 1882 2499 1938 et
2530 1875 2776 1958 flagella
2807 1876 3066 1941 Divinae
3093 1877 3502 1943 iracundiaea
3534 1880 3714 1955 nohis

2154 1974 2378 2038 lubens
2406 1974 2684 2039 studebit
2712 1984 3016 2040 avertere.

2274 2077 2353 2136 Ut
2382 2078 2588 2136 autem
2618 2073 2962 2154 praemissa
2995 2070 3205 2139 011111ἰο
3230 2073 3311 2137 ad
3338 2072 3715 2139 consolatio-
3759 2083 3820 2161 B,

2146 2187 2294 2231 nem
2327 2178 2391 2232 et
2417 2168 2840 2234 eruditionem
2872 2169 3269 2234 Christianae
3300 2169 3508 2252 plebis
3567 2172 3705 2236 uhi·
3747 2203 3762 2215 ·

2144 2287 2270 2350 que
2300 2267 2650 2332 innoteseat
2674 2311 2697 2342 ,
2721 2273 2850 2332 Nos
2879 2286 2955 2332 ea
2998 2268 3423 2351 praesentium
3479 2269 3708 2339 Litera·

2145 2384 2283 2429 rum
2317 2363 2813 2443 Apostolicarum
2846 2373 3064 2429 tenore
3096 2373 3163 2429 et
3187 2366 3578 2437 auctoritate,
3600 2386 3711 2448 pu-

2144 2460 2434 2524 blicanda
2491 2468 2684 2542 atque
2750 2460 3055 2526 edicenda
3108 2480 3255 2526 esse
3306 2463 3705 2540 censuimusg

2144 2557 2515 2622 mandantes
2537 2603 2556 2627 .
2587 2566 2653 2621 ut
2684 2559 3053 2623 earumdem
3084 2560 3513 2640 praesentiam
3543 2568 3711 2627 tran-

2144 2655 2412 2737 sumptis
2435 2700 2456 2727 ,
2484 2657 2614 2720 sive
2645 2656 2958 2737 exemplis
2988 2655 3191 2720 etiam·
3211 2656 3562 2737 inpressis,
3580 2678 3708 2729 ma-

2143 2771 2224 2813 nu
2256 2752 2524 2834 alicujus
2549 2752 2787 2817 Notarii
2820 2751 3061 2835 publici
3094 2753 3499 2836 subscriptis,
3532 2763 3595 2821 et
3622 2753 3704 2833 si-

2139 2849 2301 2933 gillo
2328 2867 2631 2929 personae
2659 2848 2724 2910 in
2754 2848 3192 2917 Ecclesiastica
3224 2850 3531 2933 dignitate
3558 2871 3704 2916 con·

2142 2949 2402 3012 stitutae
2432 2946 2715 3012 munitis.
2743 2946 2965 3009 eadem
2992 2964 3254 3029 prorsus
3280 2946 3440 3011 fides
3470 2948 3550 3009 ab
3573 2967 3705 3011 om·

2140 3044 2332 3109 nibus
2360 3044 2665 3108 habeamr
2688 3087 2709 3115 ,
2741 3063 2904 3129 quae
2934 3043 3093 3125 ipsis
3120 3045 3562 3126 praesentibus
3595 3044 3703 3113 ad·

2138 3141 2505 3209 biberetur..
2537 3142 2589 3205 si
2619 3140 2827 3205 forent
2858 3141 3190 3206 exhibitae
3216 3142 3315 3206 vel
3347 3151 3658 3208 ostensae.

2263 3237 2433 3302 Nulli
2464 3257 2616 3321 ergo
2644 3238 2899 3301 omnino
2928 3238 3244 3301 bominum
3295 3237 3479 3303 liceat
3531 3239 3708 3324 pagl-
3743 3247 3791 3311 C

2136 3353 2282 3398 nam
2314 3334 2466 3397 ha‘nc
2496 3332 3202 3407 nostrae-definitionis,
3253 3334 3536 3408 decreti,
3595 3337 3704 3418 agl·

2137 3429 2496 3512 scriptionis
2515 3472 2535 3498 ,
2568 3430 2842 3494 mandati
2861 3474 2882 3505 ‚
2940 3431 3197 3505 statuti,
3259 3431 3699 3508 relaxationis,

2136 3533 2197 3588 et
2230 3525 2563 3590 voluntatis
2593 3525 2937 3611 intringere
2960 3568 2981 3596 ‚
3008 3527 3115 3589 vel
3144 3526 3204 3591 ei
3232 3547 3391 3591 ausu
3435 3536 3701 3593 temera-

2136 3623 2238 3687 rio
2265 3623 2600 3687 contraire.
2634 3623 2694 3686 Si
2750 3623 2896 3704 quis
2949 3632 3161 3687 autem
3220 3623 3338 3688 hoc
3389 3633 3696 3690 attentare

2137 3719 2670 3801 praesumpserit,
2701 3719 3197 3799 indignationem
3241 3720 3697 3803 omnipotentis

2137 3818 2295 3889 Dei,
2327 3837 2398 3881 ac
2427 3816 2750 3881 beatorum
2778 3814 2945 3879 Petri
2969 3824 3033 3880 et
3061 3815 3233 3880 Pauli
3257 3816 3695 3899 Apostolorum

2138 3913 2279 3998 ejus
2307 3932 2377 3977 se
2405 3913 2652 3977 noverit
2682 3911 3101 3978 inmrsnrum.

2265 4014 2487 4072 Datum
2515 4016 2752 4073 Romae
2783 4009 2949 4093 apud
2977 4019 3259 4072 sanctum
3289 4014 3540 4075 Petrum
3589 4028 3697 4074 aa·
3741 4037 3792 4097 ῃ

2135 4123 2216 4167 110
2245 4103 2694 4167 incarnationis
2727 4105 3084 4168 Dominicae
3108 4110 3551 4179 unccxtvt„
3592 4113 3695 4169 ut.

2134 4199 2453 4264 Kalendas
2483 4198 2636 4262 1111ἰὶ
2654 4240 2676 4273 ,
2709 4198 3103 4265 pontificatus
3129 4201 3340 4265 Nostri
3363 4220 3522 4268 anno
3553 4209 3651 4268 vt.

2201 4385 2291 4472 ff·
2319 4379 2478 4479 Ego
2503 4376 2945 4454 Benedictus
2982 4378 3393 4455 Catholicae
3427 4379 3684 4457 Eccle-

2139 4497 2278 4569 siae
2310 4496 2735 4599 Episcopus.
3470 4499 3477 4506 ’

2293 4693 2575 4768 Locum
2609 4702 2695 4789 »ᾖ
2726 4691 2974 4798 sigilli.

2149 4889 2203 4973 ⁴1·
2262 4892 2391 4967 890
2426 4893 2491 4950 Τ.
2528 4893 2872 4968 Episcopus
2907 4895 3142 4956 Oarion.
3206 4903 3269 4955 ct
3326 4898 3685 4957 Veliternos.

2271 4990 2446 5049 Cara.
2485 4991 2676 5066 Rufus
2730 4993 3010 5054 1100011111
3034 5035 3055 5066 ,
3090 5002 3149 5054 or
3210 4992 3271 5052 S.
3315 4996 3379 5054 κ.
3414 4994 3482 5051 Β.
3524 4996 3690 5054 Vico·

2262 5087 2705 5148 cancella-rius.

1215 5271 1262 5325 B
1301 5272 1688 5327 Praesentem
1716 5272 2056 5326 Litterarum
2080 5276 2353 5347 exemplis
2378 5275 2690 5333 ductor-iras
2714 5278 2992 5333 tribuitur.

1051 5358 1109 5410 Β
1149 5359 1281 5412 Dae.
1315 5356 1691 5430 pontificatue
1716 5362 1886 5415 Anno
1923 5364 2016 5415 VI.
2044 5362 2137 5417 dte
2159 5364 2253 5419 29.
2280 5365 2456 5420 ,Iunii
2480 5368 2639 5421 17⁴6.
