4442 6300
1449 502 1743 574 QUINQU
1756 507 1797 555 tt
1840 502 2310 557 SANCTORUM
2350 504 2519 557 me.
3343 509 3413 563 ⁹2

348 661 711 735 argumenta
758 655 1061 718 maximae
1105 652 1461 717 charitatis=
1508 657 1694 717 Sacra
1726 651 1915 733 siqui-

350 750 494 814 dem
541 751 1006 834 Redemptiouis
1036 752 1335 835 Stigmata
1370 750 1728 815 Catharinae
1775 750 1916 813 sini·

353 857 481 913 stro
525 849 740 921 lateri,
786 853 1078 915 manibus
1122 850 1517 933 peldihusque
1564 848 1916 932 sanguineis

351 946 723 1028 quibusdam
755 946 1090 1030 rutilisque
1120 948 1283 1011 notis
1327 947 1628 1028 insculpta
1654 973 1669 1009 ε
1703 945 1916 1027 Spino-

355 1063 490 1106 sum
526 1045 823 1109 Diadema
845 1089 864 1118 ‚
912 1066 1037 1127 quo
1065 1051 1247 1127 caput
1274 1044 1633 1109 catharinae
1674 1042 1918 1107 transli-

355 1141 481 1204 xit:
530 1144 740 1208 Crucis
771 1142 1032 1226 vestigia
1063 1142 1426 1207 Catharinae
1457 1148 1633 1226 tergo
1665 1140 1916 1224 profun-

356 1238 432 1302 de
474 1239 809 1322 impressaz
857 1238 1324 1321 suimetipsius
1367 1239 1644 1304 exterior
1673 1238 1916 1319 species

355 1354 389 1399 a
421 1337 792 1401 Catharinae
826 1335 998 1400 vultu
1029 1334 1162 1397 viva
1194 1336 1462 1417 quadam
1510 1335 1915 1399 similitudine

355 1433 732 1516 aliquando,
777 1456 856 1499 eo
896 1434 1340 1517 permittente,
1385 1453 1684 1516 expressa
1728 1443 1916 1514 atque

352 1542 855 1615 repraesentata:
917 1530 1338 1596 Acerbissima
1402 1531 1709 1596 Passionis
1768 1551 1918 1594 suae

351 1634 663 1695 tormenta
689 1650 806 1714 per
824 1628 1155 1695 duodecim
1179 1649 1375 1693 annos
1397 1627 1659 1712 singulis
1687 1627 1920 1691 hebdo-

356 1726 560 1791 madis
590 1728 670 1793 ab
711 1727 858 1791 hora
889 1726 1124 1792 decima
1169 1736 1383 1791 octava
1424 1725 1618 1789 feriae
1662 1726 1919 1807 quintae

351 1842 553 1907 usque
592 1823 671 1890 ad
697 1826 1058 1908 vigesimam
1103 1824 1439 1889 secundam
1468 1823 1662 1888 feriae
1705 1832 1919 1886 sextae

350 1930 485 1986 tum
517 1923 762 2005 corpori
792 1922 1227 1992 extrinsecus,
1269 1929 1401 1984 tum
1435 1920 1606 1985 cordi
1630 1921 1921 1985 intrinse-

354 2038 466 2084 cus
492 2021 972 2091 communicata,
996 2038 1118 2082 non
1151 2018 1356 2084 minus
1382 2017 1747 2083 Catharinae
1773 2039 1917 2098 erga

354 2115 632 2180 divinum
665 2123 971 2199 Sponsum
1018 2118 1389 2181 charitatem
1418 2162 1436 2188 ‚
1472 2136 1657 2198 quam
1702 2116 1918 2199 Sponsi

356 2214 548 2278 divini
583 2235 730 2299 erga
775 2234 954 2279 suam
985 2216 1283 2295 Sponsam
1329 2234 1603 2279 amorem
1652 2213 1921 2298 siugula-

351 2333 484 2378 rem
517 2313 766 2378 abunde
795 2318 1123 2377 testantur.
1177 2340 1200 2366 ο

486 2440 509 2465 ι
564 2418 732 2476 Haec
773 2419 1030 2483 autem,
1075 2408 1327 2475 tametsi
1374 2408 1750 2491 amplissima
1796 2410 1920 2473 sint

357 2516 422 2572 et
447 2508 631 2593 plane
660 2509 1000 2592 singularia
1022 2551 1043 2581 ,
1086 2527 1207 2571 uon
1240 2513 1381 2571 sunt
1409 2516 1616 2572 tamen
1650 2508 1923 2590 praecla-

353 2606 516 2671 riora
545 2606 657 2670 illa
683 2614 1090 2689 argumenta,
1134 2603 1365 2685 quihus
1397 2610 1607 2667 mutua
1642 2605 1916 2668 Cathari-

354 2722 472 2769 nae
516 2704 863 2788 sponsique
906 2700 1193 2767 caelestis
1240 2701 1509 2766 charitas
1556 2702 1875 2765 evincatur
1901 2750 1916 2766 .

354 2805 588 2887 Maiora
618 2802 929 2885 siquidem
951 2806 1016 2865 et
1046 2799 1245 2863 multo
1265 2799 1690 2882 splendidiora
1721 2820 1920 2863 rema-

357 2913 507 2967 nent
535 2901 918 2966 recensenda
946 2898 1314 2963 charismata
1340 2944 1359 2973 ‚
1392 2918 1575 2980 quae,
1606 2905 1674 2959 nt
1709 2909 1918 2962 tantae

359 2988 641 3067 charitati
671 3000 869 3065 vicem
896 2998 1272 3080 rependeret
1293 2995 1588 3061 caelestis
1621 3002 1917 3078 Sponsus,

355 3099 419 3164 iu
449 3098 838 3165 catharinam
868 3096 1059 3162 voluit
1092 3096 1411 3159 uberrima
1441 3093 1704 3159 derivari
1731 3141 1745 3156 .
1791 3101 1920 3160 Me·

352 3199 587 3264 moriae
619 3196 926 3279 siquidem
974 3194 1294 3278 proditum
1338 3201 1480 3264 est,
1524 3193 1732 3275 quod,
1775 3215 1914 3258 cum

355 3296 687 3380 aliquando
717 3293 983 3360 orationi
1014 3292 1353 3357 ferventius
1382 3312 1524 3356 esse
1549 3292 1822 3365 intenta,
1853 3314 1919 3357 se

355 3395 555 3479 ipsam
604 3414 790 3476 saepe
823 3392 1079 3474 Deipara
1108 3390 1614 3470 conspiciendam
1647 3400 1921 3454 rontem-

358 3493 781 3577 plandamque
810 3487 903 3552 illi
946 3487 1344 3571 praebuerit,
1374 3508 1489 3552 uec
1518 3488 1922 3553 dulcissimos

357 3593 551 3658 modo
580 3610 721 3653 cum
768 3609 839 3653 ea
870 3606 1196 3652 sermones
1238 3586 1572 3656 hahuerit,
1619 3587 1727 3650 sed
1775 3607 1918 3649 eum

351 3689 557 3775 ipsum
601 3694 867 3750 Puerum
915 3690 1133 3748 ,lesum
1161 3728 1180 3756 ,
1222 3685 1285 3746 in
1330 3703 1518 3764 quem
1565 3683 1923 3747 desiderant

357 3786 579 3873 Angeli
610 3783 1002 3868 prospicere,
1047 3782 1109 3844 in
1139 3781 1281 3864 ejus
1312 3781 1449 3843 sinu
1496 3780 1920 3846 amantissime

354 3880 796 3953 collocaverit,
835 3886 905 3942 ut
937 3898 1084 3940 eum
1125 3876 1467 3942 tenerrime
1518 3876 1924 3957 amplectere-

360 3990 465 4047 tur
487 3988 681 4066 atque
709 3976 1118 4048 oscularetur,
1151 3983 1214 4038 et
1243 3995 1385 4039 cum
1420 3974 1532 4038 illo
1565 3973 1921 4039 familiaris·

357 4081 519 4146 sime
543 4077 1017 4158 colloqueretur
1041 4082 1228 4155 atque
1261 4071 1682 4137 deliciaretur:
1713 4074 1919 4148 Quod-

353 4199 479 4263 que
522 4176 878 4242 eademmet
917 4172 1188 4255 Doipara
1217 4171 1473 4254 Virgine
1517 4172 1795 4252 pronuba
1840 4174 1921 4258 ab

351 4275 491 4359 ipso
521 4273 980 4353 Redemptore,
1027 4268 1171 4333 data
1202 4268 1459 4332 dextera
1483 4311 1503 4341 ‚
1546 4268 1916 4350 pretiosissi-

352 4393 456 4437 mo
487 4369 880 4450 caelestique
902 4365 1136 4430 annulo
1162 4363 1363 4429 fuerit
1381 4365 1773 4447 desponsata.
1795 4372 1920 4434 Nec

361 4469 613 4535 silentio
639 4464 1164 4551 praetereundum
1198 4471 1334 4537 est,
1367 4464 1570 4545 quod,
1599 4483 1738 4526 cum
1769 4487 1918 4548 qua-

353 4568 498 4634 dam
544 4567 645 4631 die
677 4573 819 4630 aute
860 4561 1084 4627 Christi
1121 4561 1358 4624 Domini
1406 4563 1485 4625 de
1529 4567 1725 4626 cruce
1765 4585 1913 4646 pen-

365 4666 576 4731 dentis
615 4660 946 4745 imaginem
978 4667 1286 4740 prostrata
1313 4658 1581 4741 iaceret,
1617 4656 1916 4725 fervidas-

354 4785 475 4847 que
526 4761 606 4826 de
652 4779 824 4824 more
879 4778 992 4822 suo
1034 4756 1328 4822 funderet
1354 4776 1621 4839 preces,
1667 4757 1916 4824 brachia

352 4859 547 4928 clavis
600 4856 843 4924 confixa
898 4853 1212 4919 revellens
1268 4853 1439 4918 idem
1495 4855 1802 4920 Dominus
1849 4858 1913 4919 in

353 4957 747 5024 dulcissimos
794 4954 1113 5034 amplexus
1154 4950 1520 5015 Catharinae
1556 4954 1916 5034 proruerit,

358 5077 544 5142 quam
572 5076 716 5120 cum
748 5051 1109 5116 dulcissimo
1154 5056 1425 5133 Sponsae
1457 5051 1705 5115 nomine
1748 5073 1918 5118 rom·

367 5153 691 5238 pellasset,
720 5150 857 5234 ejus
886 5168 1107 5232 preces
1135 5148 1252 5212 sihi
1282 5148 1746 5230 acceptissimas
1776 5172 1918 5216 esse

357 5249 696 5320 affirmavit.
751 5277 774 5302 ι

488 5385 511 5408 .
560 5355 660 5414 Ex
682 5346 777 5411 his
806 5352 1013 5410 autem
1034 5350 1158 5408 tam
1191 5341 1568 5407 sublimibus
1583 5342 1919 5408 charisma-

359 5452 525 5519 tibus
550 5493 569 5524 ,
627 5445 857 5531 quibus
907 5448 1206 5524 Sponsam
1255 5459 1430 5504 suam
1495 5446 1619 5503 tam
1672 5441 1917 5508 abunde

531 5575 752 5618 tunso.
793 5574 908 5613 xiv.
949 5571 1096 5611 rou.
1138 5558 1260 5609 vll.

2031 646 2316 712 Christus
2347 649 2648 715 Dominus
2677 651 2975 736 insignire
3003 650 3201 719 voluit
3234 663 3297 718 et
3326 652 3599 718 cumula·

2030 764 2098 808 re
2121 789 2138 817 ,
2171 746 2415 829 sejungi
2454 747 2712 811 minime
2743 749 2934 813 dehet
2966 750 3399 833 propheticum
3435 751 3592 814 illusi

2028 842 2275 915 lumen,
2321 866 2445 926 quo
2472 844 2778 909 illustrata
2824 854 2886 910 et
2916 846 3122 912 futura
3148 895 3165 922 ‚
3212 860 3277 913 et
3306 838 3591 913 absentia

2030 958 2217 1021 saepe
2247 939 2445 1015 vidit,
2476 951 2541 1007 et
2579 944 2745 1025 quod
2779 964 3089 1007 summum
3123 952 3261 1017 est,
3306 946 3589 1009 cordium

2030 1043 2270 1099 secreta
2303 1036 2638 1119 aliquando
2668 1040 2951 1106 funditus
2991 1043 3335 1125 penetravit
3366 1091 3381 1105 .
3415 1043 3594 1117 Quod

2029 1133 2185 1197 adeo
2214 1132 2523 1199 familiare
2556 1135 2646 1197 illi
2680 1136 2839 1208 fuit,
2887 1145 2998 1211 ut,
3039 1160 3179 1203 cum
3219 1141 3591 1221 saepissime

2027 1251 2250 1296 arcana
2282 1234 2563 1296 cordium
2594 1235 2991 1319 perlegisset,
3024 1239 3305 1320 quidque
3338 1245 3599 1303 Sorores

2028 1331 2233 1394 animo
2275 1328 2697 1412 cogitassent,
2750 1334 2895 1416 quid
2948 1345 3158 1400 mente
3206 1336 3592 1410 volvisseut,

2029 1429 2193 1491 omni
2223 1428 2545 1493 dubietate
2578 1431 2851 1512 seposita
2876 1476 2897 1504 ,
2929 1435 3201 1497 maxima
3236 1436 3596 1498 earumdem

2029 1525 2437 1591 admiratione
2495 1525 2946 1611 patefecisset,
3006 1552 3415 1614 unaquaeque
3476 1533 3595 1596 sibi

2031 1628 2388 1695 metueret,
2449 1644 2527 1686 ne
2572 1626 2624 1688 si
2673 1624 2913 1707 aliquid
2959 1629 3163 1693 minus
3203 1638 3442 1693 rectum
3499 1628 3598 1694 vel

2031 1727 2493 1801 perpetrasset,
2525 1722 2622 1785 vel
2659 1725 3095 1807 concepisset,
3147 1749 3181 1792 a
3228 1726 3552 1791 Catharina
3581 1772 3602 1797 ,

2032 1816 2133 1878 cui
2158 1816 2312 1878 nihil
2350 1826 2484 1882 erat
2502 1822 2841 1896 occultum,
2875 1825 3340 1908 objurgaretur.
3365 1832 3453 1889 Ex
3474 1842 3602 1908 quo

2030 1911 2184 1975 illud
2226 1919 2771 1998 consequebatur,
2815 1928 2884 1982 ut
2926 1923 3202 1987 suaviter
3243 1921 3604 1986 salubriter·

2033 2032 2155 2092 que
2197 2019 2330 2077 tum
2365 2017 2522 2096 apud
2568 2023 2765 2079 Deum
2810 2025 2944 2082 tum
2990 2021 3154 2104 apud
3201 2021 3493 2085 homiues
3537 2021 3599 2085 in

2034 2109 2236 2174 officio
2269 2112 2753 2176 continerentur.
2807 2145 2829 2169 ·

2170 2234 2193 2260 ·
2244 2209 2465 2272 Mirum
2513 2219 2725 2276 autem
2759 2212 2957 2276 videri
2989 2234 3112 2277 non
3155 2215 3388 2288 dehet,
3434 2215 3600 2298 quod

2029 2308 2265 2368 tantam
2313 2305 2376 2367 in
2435 2309 2767 2390 semetipsa
2812 2313 3235 2376 construxerit
3292 2313 3598 2379 fabricam

2031 2400 2450 2474 celsitudinis,
2484 2426 2619 2469 cum
2652 2416 2890 2472 tantum
2919 2411 3092 2491 prius
3124 2411 3200 2475 de
3235 2410 3600 2475 fundamen-

2033 2506 2098 2562 to
2128 2502 2529 2585 cogitavisset
2559 2505 2968 2580 humilitatis;
3005 2526 3206 2591 neque
3237 2511 3401 2591 quod
3436 2516 3602 2575 Deus

2031 2596 2180 2661 talia
2211 2618 2284 2663 ac
2312 2605 2479 2664 tanta
2508 2602 2569 2663 in
2603 2623 2676 2668 ea
2706 2614 3000 2687 congesta
3025 2624 3164 2670 esse
3195 2606 3460 2671 voluerit
3493 2608 3603 2671 do·

2031 2713 2106 2754 na
2140 2696 2472 2769 caelestia,
2504 2720 2645 2763 cum
2679 2721 2797 2764 non
2825 2704 3101 2784 potuerit
3132 2725 3253 2768 non
3286 2705 3596 2786 respicere

2032 2790 2446 2858 humilitatem
2469 2797 2753 2862 Ancillae
2782 2820 2951 2864 suae.
2977 2808 3146 2867 Haec
3177 2803 3338 2866 euim
3372 2803 3599 2874 virtus,

2030 2908 2191 2971 quae
2246 2903 2600 2957 ceterarum
2652 2896 2921 2960 omnium
2969 2908 3063 2963 est
3124 2920 3350 2982 parens
3410 2910 3596 2984 atque

2031 2988 2370 3070 magistra,
2422 3012 2605 3073 quam
2652 2992 2997 3073 profundas
3047 2995 3293 3063 fixisset
3344 2999 3407 3059 in
3458 2998 3596 3082 ejus

2028 3086 2215 3150 corde
2253 3087 2531 3163 radices,
2577 3110 2655 3154 ex
2698 3112 2773 3155 eo
2807 3093 2960 3158 satis
3002 3097 3293 3178 cognosci
3342 3104 3595 3179 potest,

2032 3183 2198 3265 quod
2232 3185 2451 3250 divinis
2480 3188 2955 3254 charismatibus
2976 3201 3099 3255 tam
3134 3193 3481 3259 liberaliter
3505 3197 3596 3260 lo-

2032 3280 2342 3361 cupletata
2365 3327 2384 3354 ,
2431 3285 2696 3348 summis
2736 3288 3115 3368 Populorum
3138 3334 3158 3362 ,
3201 3299 3553 3376 Magnatum
3578 3340 3597 3368 ,

2034 3377 2382 3459 Principum
2432 3378 2723 3445 laudibus
2770 3384 3087 3460 exaltata,
3139 3388 3337 3452 adhuc
3389 3398 3597 3454 tamen

2031 3480 2159 3537 tam
2191 3477 2526 3541 demissam
2553 3477 2981 3564 humilemque
3013 3485 3090 3548 de
3110 3487 3443 3567 semetipsa
3464 3490 3596 3569 opi·

2033 3573 2283 3636 niouem
2329 3575 2631 3647 hahebat,
2678 3587 2747 3642 ut
2795 3600 2864 3642 se
2909 3582 3244 3648 maximam
3297 3587 3599 3665 peccatri-

2033 3691 2169 3733 cem
2192 3714 2211 3743 ‚
2244 3674 2558 3736 communi
2593 3674 2732 3737 luce
2767 3677 3103 3761 indignam,
3133 3681 3357 3746 inutile
3388 3693 3598 3749 terrae

2032 3770 2298 3848 pondus,
2330 3791 2436 3833 vas
2464 3772 2768 3837 foetidum
2795 3781 2858 3838 et
2877 3776 3449 3845 immnnd³ss³mum
3476 3805 3596 3847 nou

2033 3867 2427 3948 praedicaret
2457 3872 2646 3934 modo
2669 3917 2688 3942 ,
2734 3873 2845 3935 sed
2877 3894 2956 3938 ex
2987 3876 3195 3941 animo
3237 3887 3549 3959 reputaret
3577 3930 3592 3945 .

2031 3961 2185 4025 Hinc
2204 3962 2462 4027 aliarum
2498 3972 2789 4030 Sororum
2818 3973 3113 4051 precibus
3143 3976 3505 4043 enixissime
3526 4001 3596 4045 se

2033 4063 2475 4126 commendare
2496 4107 2515 4136 ‚
2576 4066 2652 4128 iis
2712 4067 3193 4148 diligentissime
3254 4070 3547 4141 famulari
3574 4124 3594 4149 ,

2033 4177 2250 4222 eorum
2285 4161 2476 4241 pedes
2506 4162 2795 4244 amplecti
2841 4174 3030 4248 atque
3061 4168 3410 4254 deosculari
3455 4195 3596 4239 con-

2040 4258 2281 4321 suevit:
2317 4259 2470 4323 Hinc
2502 4263 2811 4325 suminam
2839 4265 3129 4346 capiebat
3167 4270 3379 4334 animo
3426 4271 3601 4337 volu·-

2046 4364 2307 4438 ptatem,
2328 4357 2378 4419 si
2401 4358 2850 4442 abjectioribus
2881 4361 3241 4429 ministeriis
3270 4367 3595 4436 addicere-

2032 4461 2171 4528 tur,
2215 4455 2267 4518 si
2300 4463 2588 4518 uteretur
2612 4457 2934 4522 vilioribus
2976 4459 3396 4530 indumentis:
3441 4471 3595 4536 Hinc

2036 4552 2342 4636 quidquid
2384 4555 2446 4614 iu
2477 4554 2570 4617 sui
2617 4554 2878 4638 gloriam
2913 4567 2973 4622 et
3004 4558 3252 4625 laudem
3300 4565 3399 4628 vel
3427 4569 3593 4650 apuzl

2036 4652 2462 4724 domesticos,
2505 4651 2602 4715 vel
2638 4654 2797 4734 apud
2844 4663 3098 4721 exteros
3143 4660 3367 4727 redere
3410 4686 3595 4745 posse

2027 4749 2305 4821 videbat,
2323 4747 2451 4812 alto
2467 4758 2896 4834 perpetuoque
2915 4755 3165 4820 silentio
3187 4762 3592 4840 premendum

2028 4853 2209 4912 cante
2239 4849 2540 4922 curabat3
2587 4850 2888 4931 quidquid
2935 4874 3083 4918 vero
3125 4856 3409 4940 ingerere
3452 4882 3598 4925 con·

2027 4952 2337 5027 temptum
2372 4946 2507 5012 sni.
2554 4947 2871 5027 publicum
2919 4952 3209 5016 omnibus
3238 4976 3380 5021 esse
3425 4959 3596 5025 vole-

2035 5043 2142 5107 bat
2171 5051 2235 5107 et
2281 5043 2702 5108 manifestum.
2747 5048 2922 5120 Quod
2956 5051 3240 5129 quidem,
3286 5063 3354 5119 ut
3381 5066 3593 5123 cetera

2023 5143 2544 5227 praetermittam3
2576 5157 2654 5208 ex
2684 5144 2799 5208 hoc
2817 5165 2942 5208 uno
2970 5146 3139 5212 clare
3168 5149 3368 5233 liquet
3387 5174 3594 5220 exem-

2025 5241 2135 5324 plo
2155 5285 2174 5314 ‚
2206 5241 2569 5306 Catharinae
2597 5242 2865 5308 virtutes
2886 5289 2907 5316 ‚
2952 5266 3054 5310 res
3080 5257 3331 5330 gestas,
3377 5262 3442 5318 et
3470 5256 3595 5318 sin-

2027 5339 2275 5423 gulares
2297 5382 2317 5410 ,
2348 5359 2505 5421 quas
2534 5361 2568 5404 a
2597 5341 2856 5406 Domino
2884 5354 3249 5423 acceperat,
3282 5349 3593 5419 caelestes

2033 5437 2264 5521 gratias
2280 5435 2591 5502 volumine
2609 5439 3091 5521 comprehensas
3111 5442 3446 5529 diligenter
3465 5456 3592 5514 Μο-

3197 5561 3263 5611 ss
