4442 6300
1392 450 1419 483 V

1532 480 1889 549 QUtNQUE
1933 480 2401 535 sanctonum
2444 484 2610 536 are.
3424 482 3496 534 2⁷

460 625 631 704 lieet
692 629 967 733 Romae*
1020 628 1817 717 versat-etunibe’atam
1860 628 2333 701 ‘catharinam
2398 629 2491 701 de
2569 626 2823 703 Ricciis
2886 618 3344 728 alloquutum
3420 627 3687 716 fuisse,

459 773 650 849 quae
690 748 890 821 Prati
934 748 1003 817 in
1043 747 1387 821 Hetruria
1422 745 1847 831 morabatur
1872 799 1899 833 ,
1946 744 2152 847 cujus
2196 746 2570 820 heroicam
2639 749 2824 821 vitae
2884 748 3239 818 rationem
3283 743 3500 847 plane
3550 764 3742 823 co·-

456 879 863 966 gnoverat,
914 888 1221 963 eamque
1277 860 1568 965 plurimi
1625 862 1974 936 faciebat.
2034 880 2043 885 “

616 983 808 1054 Haec
844 979 1168 1055 caelestia
1203 978 1396 1053 dona
1430 977 1868 1083 plerumque
1903 978 2375 1053 Sanctitatem
2414 978 2737 1055 indicant
2766 1035 2785 1071 ,
2837 978 2964 1053 sed
3015 981 3090 1052 in
3133 977 3267 1052 illis
3316 978 3676 1061 Sanctitas

461 1103 765 1201 minime
816 1099 1280 1171 continetur.
1318 1097 1700 1170 ‘Continua
1764 1094 1996 1173 ferme
2048 1121 2299 1169 rerum
2364 1095 2775 1170 caelestium
2836 1094 3252 1185 meditatio,
3313 1094 3689 1199 profunda

463 1213 862 1305 humilitas,
915 1217 1059 1290 vita
1085 1211 1464 1316 victusque
1500 1216 1934 1318 asperrimus
1963 1268 1983 1303 ,
2019 1215 2096 1289 in
2132 1211 2599 1293 observandis
2651 1212 2943 1287 Ordinis
2994 1214 3100 1286 sui
3150 1212 3432 1315 legibus
3465 1220 3686 1286 acen-'-

462 1335 801 1407 ratissima
836 1332 1205 1435 diligentia
1234 1388 1256 1423 ,
1308 1358 1580 1407 summa
1616 1330 1974 1436 vigilantia
2013 1348 2236 1433 atque
2267 1329 2586 1409 studium
2618 1389 2636 1417 ‚
2671 1347 2758 1402 ut
2796 1329 3118 1432 reliquae
3164 1330 3471 1404 Sorores
3505 1356 3684 1405 ean-

459 1448 627 1525 dem
670 1451 960 1524 virtutis
993 1452 1317 1522 semitam
1353 1445 1766 1539 calcarent,
1818 1449 1953 1523 hae
2006 1449 2316 1523 fuerunt
2366 1449 2799 1522 Catharinae
2851 1447 3062 1522 dotes
3105 1450 3447 1537 eximiae,
3499 1448 3682 1523 haec

456 1584 885 1640 ornamenta
918 1564 1300 1669 singularia
1333 1620 1352 1639 .
1388 1569 1477 1639 In
1517 1569 1839 1640 examine
1872 1562 2087 1667 h'ujus
2136 1566 2403 1639 Causae
2440 1583 2900 1670 compertum
2936 1582 3078 1655 est,
3119 1568 3340 1670 ipsam
3379 1571 3678 1641 maxime

459 1682 872 1758 excelluisse
929 1688 1004 1760 in
1056 1683 1340 1757 assiduo
1390 1681 1676 1757 illarum
1713 1685 2071 1758 virtutum
2125 1685 2515 1775 exercitia,
2568 1709 2757 1786 quae,
2794 1683 2886 1758 ad
2946 1683 3132 1769 illius
3181 1682 3676 1759 conditionem

453 1817 677 1903 atque
713 1816 979 1875 statum
1018 1802 1489 1904 pertinebant
1516 1859 1532 1875 .
1586 1803 1827 1875 Porro
1880 1799 1953 1874 id
2004 1802 2165 1874 satis
2215 1818 2325 1875 est
2355 1852 2375 1890 ,
2430 1827 2597 1897 cum
2651 1804 2724 1875 in
2762 1800 3109 1903 ejusmodi
3141 1804 3388 1891 Causis
3428 1818 3668 1877 totum

455 1945 755 1992 examen
807 1918 897 1993 ad
934 1944 1065 1993 eas,
1094 1922 1427 1996 virtutes-
1455 1916 1928 2022 redigendum
1992 1920 2127 2008 sit,
2178 1942 2359 2019 quas
2420 1917 2974 1992 Canonizandus
3023 1942 3367 1992 exercere
3426 1920 3673 2021 potuit

445 2034 643 2136 juxta
672 2038 871 2131 ⁵vitae
925 2036 1281 2108 rat-ionem
1311 2090 1331 2126 ,
1381 2062 1602 2136 quam
1644 2036 1772 2108 sibi
1812 2031 2201 2138 delegerit.
2258 2038 2322 2109 A
2359 2037 2518 2108 Deo
2570 2038 2851 2138 saepius
2907 2033 3020 2109 illa
3074 2035 3465 2138 postulavit
3494 2092 3513 2125 ,
3569 2055 3656 2109 ut

446 2155 528 2225 iis
579 2151 785 2232 donis
837 2149 1261 2225 caelestibus
1287 2206 1309 2242 ,
1360 2150 1627 2253 quibus
1682 2150 1953 2225 tamdiu
1999 2150 2361 2227 cumulata
2401 2153 2643 2226 fuerat
2676 2206 2695 2241 ,
2734 2152 3171 2256 spoliaretur
3193 2140 3216 2241 '3
3255 2152 3459 2256 quod
3499 2179 3668 2227 sane

444 2268 1001 2369 commendatur
1054 2267 1453 2372 plurimum
1503 2266 1835 2359 ab.illis,
1884 2270 2009 2369 qui
2073 2272 2222 2373 pias
2280 2272 2546 2344 animas
2603 2268 2688 2343 ad
2733 2269 3260 2373 perfectionem
3323 2271 3676 2345 Christia-

444 2415 610 2462 nam
663 2390 1107 2476 instituunt,
1158 2412 1426 2491 nempe
1478 2402 1569 2460 ut
1619 2385 2135 2475 delectationi,
2186 2402 2263 2460 et
2312 2384 2759 2489 quandoque
2810 2389 3028 2459 etiam
3089 2389 3386 2463 vanitati
3441 2386 3675 2462 aditus

446 2503 1011 2608 praecludatur.
1067 2507 1326 2607 Itaque
1377 2505 1771 2581 Catharina
1802 2558 1823 2594 ,
1901 2503 2107 2606 quod
2170 2504 2660 2580 vehementer
2706 2506 3158 2607 expetierat,
3220 2522 3676 2639 consequuta

442 2641 596 2712 est3
652 2639 974 2698 attamen
1028 2624 1327 2726 opinio,
1377 2649 1565 2727 quae
1618 2622 1760 2697 de
1728 2646 1960 2725 ipsius
1993 2620 2395 2696 Sanctitate
2448 2624 2753 2694 excitata
2812 2616 3099 2712 fuerat,
3152 2623 3474 2694 imminui
3536 2647 3672 2694 ne·-

444 2768 814 2847 quaquam
865 2745 1169 2845 potuit,
1221 2739 1347 2814 sed
1396 2767 1630 2844 usque
1682 2740 1775 2815 ad
1813 2756 2120 2815 mortem
2158 2736 2584 2814 constanter
2638 2742 3085 2842 permansit,
3137 2756 3216 2812 et
3249 2726 3463 2812 etiam
3505 2757 3672 2843 post

446 2875 758 2933 mortem
810 2859 1029 2960 magis
1081 2858 1565 2961 percrebuit.
1616 2858 2004 2935 Catharina
2058 2885 2150 2932 eo
2203 2861 2460 2931 mortis
2503 2883 2776 2961 genere
2831 2856 3181 2947 decessit,
3246 2855 3453 2958 quod
3514 2855 3672 2958 ejus

450 2977 636 3051 vitae
687 2976 1164 3051 sanctitatem
1216 2977 1517 3050 maxime
1570 2974 1917 3049 decebat.
1973 2975 2265 3051 Summa
2307 2977 2900 3051 vitae-austeritas
2933 2991 3014 3048 et
3053 2975 3388 3048 ciborum
3432 2979 3617 3049 ratio
3646 3031 3667 3065 ,

443 3120 629 3196 quos
676 3091 901 3197 longo
938 3097 1289 3198 temporis
1336 3095 1567 3197 spatio
1619 3091 2056 3167 adhibuerat
2109 3092 2285 3167 haec
2339 3094 2562 3195 Virgo
2617 3095 3113 3195 poenitentiae
3150 3093 3664 3182 amantissima,

445 3210 826 3305 mortalem
863 3214 995 3316 ipsi
1023 3212 1547 3317 aegritudinem
1587 3210 2050 3284 attulerunt.
2086 3208 2201 3282 Ad
2239 3206 2430 3281 illam
2467 3208 2765 3312 fortit'er
2818 3206 3234 3281 obeundam
3268 3209 3666 3283 Catharina

450 3333 707 3404 sanctis
780 3330 1128 3433 operibus
1203 3356 1277 3404 se
1345 3331 1856 3434 praeparavit:
1933 3313 2260 3401 Acer-bos
2331 3317 2620 3400 dolores
2695 3323 2860 3398 tulit
2910 3328 3469 3428 patientissime:
3521 3321 3670 3401 Ec-

442 3445 692 3521 clesiae
745 3441 1227 3521 Sacramentis
1276 3473 1548 3521 summa
1605 3448 1871 3550 pietate
1946 3446 2291 3547 susceptis
2322 3499 2344 3534 ,
2416 3441 2666 3517 ultima
2732 3445 2876 3519 sive
2939 3440 3303 3545 colloquia
3368 3447 3515 3522 sive
3578 3442 3669 3519 ad

441 3567 674 3638 Deum
712 3566 1169 3667 precationes
1218 3563 1688 3638 ardentissimi
1744 3566 2005 3637 amoris
2040 3559 2289 3666 plenas
2346 3561 2738 3664 expressit:
2798 3560 3108 3634 Sorores
3157 3586 3316 3636 suas
3367 3565 3667 3636 maxima

445 3679 956 3758 benevolentia
1009 3685 1255 3760 vivens
1308 3698 1757 3786 prosequuta
1808 3697 1918 3754 est
1955 3735 1975 3770 ,
2026 3695 2102 3754 et
2153 3677 2476 3778 ejusdem
2530 3675 3088 3753 benevolentiae
3155 3681 3470 3752 moriens
3543 3707 3668 3752 ar-

439 3816 786 3904 gumenta
850 3798 1223 3874 manifesta
1260 3799 1604 3902 praebuit
1649 3801 1736 3871 'iis
1785 3796 2286 3887 sermonibuS,
2339 3822 2524 3897 quos
2579 3811 2967 3908 postremo,
3000 3793 3089 3870 ad
3129 3798 3310 3900 ipsas
3361 3796 3670 3871 Sorores

442 3919 842 3993 convertit.
896 3915 1263 3990 Nonnulla
1318 3933 1664 4019 portenta
1725 3914 1819 3990 ad
1878 3912 2033 4016 ejus
2082 3931 2394 3989 mortem
2446 3921 2970 4015 contigerunt,
3023 3915 3118 3988 ita
3171 3930 3257 3986 ut
3316 3916 3371 3988 si
3425 3917 3665 3990 omnia

440 4033 650 4108 simul
708 4032 1266 4137 expendantur,
1319 4039 1705 4137 pretiosam
1762 4038 1835 4108 in
1886 4048 2286 4135 conspectu
2322 4033 2611 4105 Domini
2647 4031 3085 4104 Catharinae
3124 4043 3450 4106 mortens
3475 4032 3659 4106 fuis-

442 4175 516 4224 se
568 4176 788 4224 nemo
839 4148 1187 4224 dubitare
1230 4152 1497 4254 possit.
1550 4152 1727 4258 Post
1782 4149 2065 4224 obitum
2119 4148 2338 4250 hujus
2387 4151 2654 4223 Beatae
2709 4151 3226 4226 intercessione
3265 4175 3352 4222 ea
3406 4149 3669 4252 prodi-

443 4269 554 4370 gia
607 4266 797 4341 facta
848 4284 1065 4356 sunt,
1117 4293 1309 4369 quae
1363 4270 1550 4342 vires
1601 4278 1908 4340 naturae
1946 4265 2362 4354 excedunt,
2415 4283 2763 4367 quaeque·
2804 4262 3077 4337 idcirco
3113 4268 3479 4338 communi
3515 4265 3666 4340 cal-

440 4380 610 4457 culo
664 4382 976 4457 fuerunt
1022 4382 1391 4457 Miraculis
1442 4381 1802 4487 adscripta
1827 4381 2129 4470 „Placet
2165 4408 2258 4457 ne
2295 4381 2588 4456 demum
2630 4384 2849 4484 igitur
2883 4382 3139 4471 Vobis»,
3177 4399 3263 4456 ut
3298 4382 3386 4457 ad
3440 4383 3656 4488 hujus

442 4501 705 4594 Beatae
743 4492 1375 4575 Canonizationem
1404 4498 1602 4602 juxta
1637 4516 2062 4580 consuetum
2102 4495 2563 4605 Apostolicae
2603 4499 2808 4574 Sedis
2844 4491 3120 4576 morem
3161 4499 3662 4604 procedamus.

562 4753 756 4811 uem·
808 4747 934 4811 Sibi
980 4754 1067 4811 ΡΙ
1076 4750 1356 4811 Acssnssz
1400 4746 1882 4828 responderunt
1906 4767 2124 4814 omnes
2158 4747 2571 4816 Cardinales,
2618 4769 2806 4830 quos·
2819 4747 3089 4813 subinde
3119 4747 3496 4830 ffloquutus
3556 4758 3654 4812 est

445 4844 879 4908 sanctissimus
920 4845 1219 4908 Dominus
1268 4849 1492 4908 Noster
1532 4842 1651 4909 boc
1695 4846 1921 4909 modoz
2409 4875 2414 4879 ·

504 5073 511 5079 ’
596 5070 1046 5147 Praeclaram
1081 5079 1511 5152 sententiam
1566 5054 1869 5162 vestram
1908 5076 2386 5152 intelleximus
2443 5071 2664 5180 super
2720 5079 2827 5152 his
2859 5137 2876 5166 ,
2927 5104 3115 5181 quae
3162 5107 3204 5151 a
3239 5077 3462 5151 Vobis
3515 5105 3657 5181 po-

439 5190 869 5270 stulavimus.
907 5193 1405 5284 Quamobrem
1478 5198 1780 5298 vestigiis
1840 5210 1916 5270 et
1967 5196 2310 5300 exemplis
2361 5213 2781 5271 nostrorum
2836 5196 3487 5272 Praedecessorum
3544 5200 3698 5280 in·-⁴

443 5310 829 5384 haerentes
863 5309 1016 5383 duo
1070 5311 1362 5414 publica
1415 5314 1851 5388 Consistoria
1900 5315 2302 5402 indicemus
2330 5369 2356 5404 ‚-
2402 5320 2477 5389 in
2531 5316 2800 5416 quibus
2851 5313 3373 5390 Consistorialis
3423 5314 3660 5390 Aulae

443 5431 791 5509 Advocati
831 5428 1059 5531 palam
1098 5432 1588 5546 recensebunt
1625 5434 1809 5510 vitae
1850 5433 2323 5544 sanctitatem
2362 5459 2443 5507 ac
2483 5432 2832 5506 Miracula
2872 5432 3321 5538 singulorum
3360 5459 3449 5508 ex
3482 5435 3672 5508 Bea-
