4442 6300
1012 527 1124 583 2ῢο

2021 504 2229 583 Aura
2268 496 2924 587 cauonrzsrtonrs

832 679 901 735 et
952 670 1212 753 spiritu,
1269 690 1385 753 per
1441 660 1746 756 integrum
1806 674 1974 740 vitae
2028 694 2282 741 cursum
2326 675 2392 738 in
2498 677 2615 749 vit,
2643 694 2828 759 quam
2861 674 3085 740 sedulo
3111 672 3364 756 pietatis
3393 684 3456 739 et
3488 674 3910 757 poenitentiae
3941 682 4068 755 stu-

830 765 1031 833 multa
1074 767 1372 852 patientia
1393 813 1414 842 ‚
1443 769 1505 832 in
1537 769 2051 838 tribulationibus
2074 815 2096 841 0
2125 772 2188 834 in
2220 772 2396 837 labo-

830 868 1049 939 ribus,
1081 865 1147 953 in
1176 867 1501 942 castitate,
1545 868 1608 930 in
1655 867 1778 933 tide
1815 876 1885 933 et
1920 870 2224 935 charitate
2270 888 2395 933 non

827 963 980 1030 ficta
1034 963 1363 1030 ardentem
1431 965 1784 1050 lampadem
1844 966 2081 1049 paravit
2136 966 2398 1033 caelesti

829 1068 1113 1143 Sponsa,
1146 1068 1215 1124 ut
1246 1063 1531 1126 introiret
1560 1085 1699 1127 cum
1731 1084 1811 1129 eo
1839 1065 1917 1128 ad
1953 1065 2221 1148 nirptiasz
2244 1071 2400 1140 Qua-

830 1161 1123 1224 mobrem
1175 1160 1341 1225 intr-r
1386 1160 1697 1243 seraphici
1727 1164 1961 1228 amoris
1989 1162 2254 1229 delicias
2297 1184 2400 1227 su·

825 1278 1191 1343 pernaeque
1221 1258 1772 1341 contemplationis
1802 1260 2168 1326 dulcedines
2195 1259 2398 1325 Infan-

832 1369 964 1425 tem
993 1363 1211 1421 lesum
1234 1399 1255 1428 ,
1290 1354 1352 1418 in
1381 1376 1572 1438 quem
1606 1356 1966 1423 desiderant
2009 1357 2228 1444 Angeli
2268 1376 2400 1423 res·

828 1450 1072 1535 picere,
1102 1451 1277 1516 velut
1302 1451 1553 1517 divinae
1584 1451 1832 1523 futurae
1857 1453 2120 1520 visionis
2147 1454 2393 1518 arrham

830 1550 900 1614 in
932 1549 1114 1614 ulnas
1144 1571 1288 1615 suas
1319 1549 1606 1615 obtinere
1638 1554 2010 1634 promeruit,
2039 1573 2111 1617 ac
2136 1552 2396 1618 caelesti

833 1645 1066 1715 annulo
1125 1647 1530 1731 desponsari.
1589 1650 1761 1715 Hanc
1808 1649 2022 1734 itaque
2063 1651 2396 1715 Heroinam

829 1743 1101 1827 vinculis
1127 1744 1333 1811 carnis
1360 1744 1705 1820 exolutam,
1726 1753 1790 1810 et
1807 1747 1886 1811 ad
1902 1746 2145 1813 aeterni
2179 1747 2400 1830 sponsi

830 1841 1174 1907 thalamum
1205 1840 1565 1906 translatam
1586 1884 1609 1915 ,
1644 1840 1961 1910 miraculis
1986 1843 2179 1909 etiam
2223 1865 2260 1907 a
2304 1865 2399 1909 sa·

832 1961 1086 2007 crorum
1122 1939 1373 2004 Rituum
1404 1939 1892 2031 Congregatione
1917 1941 2199 2023 probatis
2222 1962 2401 2007 coru·

832 2045 1113 2103 scantem
1132 2042 1494 2102 Sanctarum
1519 2036 1841 2121 virginum
1862 2038 2054 2103 cboro
2076 2036 2397 2117 infalliffli

831 2140 1331 2202 amerinus
1386 2139 1705 2200 vEsTnAE
1764 2133 2017 2201 oraculo
2063 2130 2398 2222 aggregan-

831 2237 974 2299 dam
1019 2231 1355 2306 existimo,
1397 2236 1480 2297 nt'
1511 2233 1909 2298 sanctitatem
1961 2235 2101 2319 ejus
2150 2241 2400 2299 narrent

827 2330 1048 2415 Populi
1074 2374 1096 2404 ,
1122 2336 1188 2394 et
1213 2328 1468 2394 laudem
1496 2326 1635 2411 ejus
1660 2330 1913 2396 nunciet
1942 2330 2220 2397 Ecclesia
2241 2375 2259 2394 .

830 2525 1247 2589 mosmos
1280 2528 1397 2587 Tit.
1433 2525 1495 2587 S.
1533 2527 1844 2588 Caeciliae
1893 2527 2212 2606 Prsslytsr
2253 2532 2399 2592 Gor

1236 2625 1471 2686 diaulia
1496 2627 1566 2684 ds
1601 2622 1955 2700 Aequam‘va
1976 2668 1994 2685 .

961 2814 1282 2899 Virginem
1325 2835 1475 2880 vere
1521 2814 1905 2898 sapientem,
1936 2820 2397 2885 neartssmn

833 2920 1127 2987 PATER,
1175 2910 1366 2978 fuisse
1410 2916 1655 2979 beatam
1702 2914 2093 2979 catharinam
2139 2917 2220 2981 de
2262 2918 2401 2984 Ric-

832 3011 969 3083 ciis,
1001 3031 1161 3094 quae
1191 3031 1331 3076 cum
1361 3010 1617 3078 caelesti
1650 3018 1889 3094 sponso
1916 3013 1993 3079 ad
2026 3014 2273 3097 nuptias
2310 3015 2400 3077 in-

832 3109 1057 3183 travit,
1085 3106 1485 3174 mirabilibus
1516 3108 1711 3195 signis
1739 3114 1942 3183 Deus,
1972 3117 2041 3174 ut
2073 3131 2153 3176 ex
2188 3131 2404 3176 munu-

831 3206 1066 3270 mentis
1109 3213 1323 3288 patet,
1365 3203 1859 3272 luculentissime
1907 3206 2398 3273 demonstravit.

830 3309 1061 3372 Nostra
1091 3301 1283 3386 igitur
1315 3306 1626 3370 sententia
1669 3312 1808 3380 est,
1847 3312 1918 3367 ut
1963 3325 2077 3389 per
2102 3310 2401 3370 SANCTI-

835 3404 1107 3463 'raum
1136 3405 1498 3464 vsss‘rnau
1518 3400 1686 3465 illius
1712 3399 1965 3466 illustre
1996 3421 2226 3466 nomen
2256 3408 2403 3466 San·

833 3502 1073 3561 ctarum
1104 3495 1430 3581 virginum
1460 3498 1657 3562 Fastis
1686 3498 2079 3564 adscribatur
2101 3543 2119 3559 .

881 3691 1357 3755 Donmlcvs
1405 3694 1521 3753 Tit.
1565 3693 1672 3754 SS.
1720 3693 1870 3755 111.
1936 3693 2358 3769 Apostolorum

1110 3791 1428 3865 Presbyter
1460 3793 1810 3854 Cardinalir
1845 3794 2088 3854 Rittium
2114 3833 2130 3850 .

902 3990 915 4000 ’
964 3987 1089 4047 Eas
1117 4000 1337 4046 omnes
1369 3979 1636 4046 virtutes
1660 4025 1682 4054 ,
1712 3981 1943 4066 quibus
1986 3983 2218 4067 potitae
2263 3994 2404 4051 sunt

836 4078 1156 4161 sapientes
1188 4077 1483 4163 Virgines
1505 4085 1570 4144 et
1598 4079 1678 4143 de
1710 4071 1973 4146 numero
2001 4082 2401 4163 prudentum,

836 4175 921 4240 ab
967 4173 1121 4256 ipsis
1168 4175 1472 4257 pueritiae
1521 4176 1699 4240 annis
1747 4177 1933 4242 beata
1971 4175 2296 4242 Catharina
2322 4179 2400 4243 de

836 4271 1071 4337 Ricciis
1101 4272 1437 4356 complexa
1470 4280 1609 4337 est.
1637 4269 1988 4356 Antequam
2032 4276 2401 4343 monialibus

836 4377 900 4436 S.
928 4369 1236 4435 Dominici
1283 4391 1507 4435 nomen
1537 4372 1757 4446 daret,
1799 4371 2173 4454 purissimus
2217 4374 2283 4437 in
2328 4396 2402 4440 ea

838 4466 1063 4532 enituit
1089 4467 1316 4532 mentis
1357 4487 1430 4532 ac
1474 4489 1716 4532 morum
1745 4469 2021 4544 candor,
2063 4492 2204 4537 cnm
2251 4472 2403 4537 assi-

838 4563 962 4627 dua
984 4562 1332 4627 divinarum
1363 4583 1574 4629 rerum
1596 4565 2127 4648 “contemplatione
2149 4568 2403 4651 conjun-

840 4661 1004 4727 ctis.
1047 4659 1167 4726 Ubi
1209 4680 1386 4728 sacro
1436 4660 1647 4725 babitu
1698 4662 1915 4730 induta
1941 4663 2102 4740 fuit,
2131 4663 2406 4730 arctissi-

835 4776 1004 4822 mam
1036 4763 1466 4840 paupertatem
1496 4802 1517 4832 ,
1559 4759 1936 4842 singularem
1978 4761 2401 4826 obedientiam

840 4851 1285 4930 etterventem
1329 4852 1391 4916 in
1440 4861 1701 4929 Sorores
1743 4857 2113 4924 charitatem
2150 4878 2403 4941 praese-

837 4949 1024 5027 tulit3
1075 4952 1183 5014 ubi
1232 4950 1360 5017 illis
1405 4953 1670 5036 contigit
1712 4955 2008 5037 praefici,
2038 4956 2404 5022 humilitatis

837 5056 909 5112 et
936 5046 1303 5130 prudentiae
1334 5048 1720 5132 praeclarum
1751 5047 2066 5135 specimen
2096 5051 2402 5118 exhibuit:

838 5144 958 5209 Ubi
1017 5146 1276 5209 demum
1321 5145 1613 5231 evulgata
1639 5148 2035 5215 admirabilis
2062 5150 2246 5233 hujus
2276 5157 2406 5218 Hu-

837 5238 1018 5306 lieris
1047 5242 1211 5305 fama
1243 5242 1473 5324 nedum
1504 5243 1849 5310 Florentiae
1872 5290 1892 5321 ,
1921 5249 2033 5313 sed
2067 5268 2179 5330 per
2208 5257 2403 5314 totam

838 5335 976 5401 fere
1006 5337 1250 5402 ltaliam
1280 5338 1596 5426 Principes
1612 5331 1806 5407 “Viros
1837 5341 1899 5405 in
1933 5345 2171 5427 maguis
2209 5344 2410 5427 digni-

2503 772 2654 849 dio,
2707 780 2773 837 et
2826 766 3010 855 quam
3061 773 3332 837 demisse
3362 774 3442 837 de
3465 793 3544 837 se
3573 774 3876 848 sentiret,
3920 774 4068 856 quis

2501 887 2626 932 non
2655 869 3001 932 admiratus
3047 871 3197 933 est?
3236 876 3356 932 'l’ot
3397 858 3707 951 tantisque
3733 871 4071 937 virtutibus

2504 984 2834 1035 accessere
2864 973 2922 1029 5.
2949 966 3184 1032 Mariae
3207 966 3610 1049 magdalenae
3643 967 3720 1031 de
3753 969 3982 1040 Pastis,
4005 978 4074 1034 et

2506 1067 2564 1125 5.
2599 1061 2864 1145 Philippi
2896 1062 3066 1127 Nerii
3098 1062 3180 1127 de
3209 1062 3380 1129 illius
3409 1065 3748 1153 sanctine
3789 1064 4076 1130 testimo-

2503 1159 2644 1231 nia,
2685 1168 2754 1224 et
2794 1160 3048 1235 demum
3088 1167 3329 1240 patrata
3356 1160 3418 1223 in
3448 1161 3623 1226 obitu
3653 1160 3898 1245 etpost
3937 1162 4078 1226 obi·

2506 1264 2638 1320 tum
2671 1256 3014 1332 miracula,
3044 1267 3187 1322 ante
3227 1257 3804 1331 Restiticationem,
3835 1266 4074 1340 etpost

2505 1353 2679 1419 illam
2713 1356 2837 1420 rite
2864 1357 3299 1438 comprobata,
3328 1356 3581 1433 adeout‚
3609 1358 4074 1425 naATtssuffl

2501 1457 2800 1525 PATER,
2850 1453 3084 1517 sanctis
3129 1436 3524 1536 Virginibus,
3565 1474 3731 1534 quas
3776 1452 4074 1518 caelestis

2508 1553 2784 1632 Sponsus
2809 1549 3139 1635 vigilantes
3166 1550 3441 1627 invenit,
3463 1551 3604 1635 jure
3631 1552 3926 1616 censeam
3971 1551 4075 1616 aa·

2503 1647 2992 1733 numerandam.
3085 1724 3092 1729 .
3185 1694 3190 1699 .

2505 1836 2900 1909 JOJ'NNES
2931 1845 3302 1908 BAPTISTA
3340 1848 3458 1908 Tit.
3504 1848 3566 1910 S.
3613 1845 4075 1925 Marta-Asnau-

2660 1946 2854 2007 lonm·
2891 1945 3218 2023 Proca-utor
3246 1949 3594 2007 cardinatis
3618 1947 3880 2020 spinula
3901 1990 3919 2006 .

2631 2135 3007 2217 Beatissimo
3035 2143 3236 2200 Pater.
3260 2141 3450 2203 B'eata
3477 2136 3800 2203 catharina
3830 2137 3910 2202 d·
3940 2136 4076 2202 Ric-

2506 2232 2624 2299 clis
2649 2234 2915 2318 insignis
2941 2235 3186 2300 Ordinis
3218 2234 3722 2300 Praedicnorum
3762 2233 4028 2299 Alumna
4052 2264 4075 2309 ,-

2510 2331 2847 2395 tresdecim
2866 2331 2968 2395 vix
2986 2352 3183 2397 annos
3207 2341 3349 2397 nata
3380 2340 3504 2397 tam
3539 2331 3798 2397 fortiter
3812 2333 4074 2399 arduum

2506 2428 2915 2510 perfectionis
2946 2430 3066 2494 iter
3089 2430 3373 2514 arripuit,
3395 2437 3690 2512 tantaque
3712 2419 4077 2494 animi‘com

2509 2526 2735 2591 stantia
2785 2537 2852 2591 et
2897 2527 3217 2593 alacritate
3249 2538 3346 2609 est
3394 2534 3765 2640 prosecuta,
3802 2534 3873 2591 nt
3913 2533 4078 2591 Dens

2509 2621 2719 2687 vivam
2763 2622 2859 2686 sui
2898 2623 3101 2706 ipsius
3131 2625 3465 2710 imaginem
3494 2625 3557 2686 in
3592 2623 3765 2686 illam
3795 2621 4078 2687 contule·

2510 2706 2633 2791 rit,
2680 2720 2954 2803 dataque
3002 2722 3258 2787 dextera
3307 2722 3770 2805 pretiosissimo
3812 2720 4076 2787 caelesti

2506 2815 2782 2892 annulo,
2826 2819 3115 2884 adstante
3161 2820 3417 2903 Deipara
3451 2818 3702 2903 Virgine
3734 2819 4077 2901 desponsa·

2507 2912 2703 2975 verit.
2750 2914 2978 2980 Mirum
3033 2922 3242 2980 autern
3296 2915 3457 2990 fuit,
3500 2936 3657 2998 quas
3687 2925 4075 2999 quantasque

2507 3028 2611 3073 res
2641 3009 2835 3076 fuerit
2861 3032 3195 3097 aggressa,
3242 3014 3473 3095 quibus
3513 3022 3701 3078 aucto
3741 3013 4074 3096 insignium
4143 3003 4147 3007 ’

2512 3114 2579 3171 et
2600 3106 2995 3176 heroicarum
3040 3111 3341 3176 virtutum
3385 3110 3638 3177 contulo
3679 3108 3932 3192 sponso
3961 3120 4077 3189 sun

2509 3204 2794 3287 placeret
2819 3254 2835 3270 .
2865 3209 3112 3273 Eximia
3145 3210 3358 3291 itaque
3390 3208 3614 3294 virgo,
3643 3229 3800 3290 quae
3832 3215 4075 3292 sponso

2512 3299 2734 3369 Dirino
2791 3304 2979 3371 fidem
3041 3316 3401 3371 constanter
3445 3307 3754 3380 servavit,
3799 3326 4079 3371 cursum·

2511 3420 2636 3481 qne
2683 3422 2860 3465 suum
2901 3402 3139 3484 optime
3173 3402 3548 3485 fortiterque
3577 3401 4074 3472 consummavit,

2508 3495 2768 3563 indubie
2797 3500 3159 3582 dignissima
3188 3513 3330 3575 est,
3363 3509 3429 3566 ut
3461 3501 3622 3564 ln'ter
3647 3497 3801 3565 alias
3830 3509 4077 3568 sanctas

2512 3593 2575 3657 in
2604 3595 2792 3660 Caelo
2822 3596 3280 3680 triumphantes
3302 3596 3592 3681 Virgines
3607 3601 3972 3678 cooptetur.
3999 3603 4080 3660 Et

2511 3711 2676 3773 quae
2707 3698 2830 3756 tam
2862 3702 3104 3763 exacte,
3136 3699 3259 3756 mn
3295 3692 3644 3780 luculenter
3672 3701 3951 3760 aarum
3968 3696 4076 3756 Ca

2512 3785 2821 3853 tharindrn
2841 3796 3178 3855 senensem
3200 3785 3466 3874 ejusque
3487 3771 3795 3854 inaximas
3815 3795 3878 3853 et
3902 3810 4078 3872 prae-

2511 3886 2727 3967 cipuas
2756 3887 3019 3952 virtutes
3050 3896 3147 3952 est
3177 3887 3436 3961 imitata,
3467 3883 3754 3969 ejusdem
3791 3887 3978 3950 etiam
4013 3885 4077 3950 in

2510 3982 2694 4047 terris
2725 3982 2957 4048 referat
2982 3983 3253 4049 bonores
3284 3994 3349 4049 et
3378 3984 3657 4051 cultum.
3905 4005 3908 4010 ·

2598 4181 2700 4240 tu
2714 4179 2970 4241 YNERI
2979 4181 3071 4243 HS
3104 4183 3220 4242 Tit.
3255 4181 3316 4242 S.
3350 4182 3616 4243 Sabinae
3663 4173 3990 4257 Prfflvtsr

2927 4279 3313 4368 ,Carmeijs
3339 4283 3411 4339 da
3443 4279 3639 4339 flcio:
3701 4287 3716 4300 '
4061 4281 4070 4288 ⁴

2631 4472 2995 4538 Sanctorum
3040 4464 3344 4533 foecunda
3373 4475 3602 4562 Fauen}
3625 4467 3926 4536 Retruria
3970 4487 4079 4532 no-

2509 4579 2648 4629 vam
2674 4584 2943 4647 eamque
2961 4564 3410 4629 sanctissimam
3425 4563 3758 4629 BEATlTU
3769 4570 3925 4629 1)th
3945 4570 4077 4628 VB·

2511 4665 2725 4726 STRAE
2756 4662 3012 4726 exbibet
3039 4661 3227 4727 bodie
3259 4661 3548 4727 sobolem
3580 4668 3647 4726 B.
3676 4653 4077 4728 catharinam

2511 4777 2746 4842 nempe
2767 4779 2848 4825 ex
2873 4759 3073 4825 nobili
3101 4769 3167 4825 et
3201 4761 3496 4844 primaria
3515 4759 3797 4826 Civitatis
3818 4760 4074 4824 Floren-

2510 4857 2638 4924 tiae
2667 4855 2926 4923 Familia
2955 4858 3034 4922 de
3067 4857 3297 4924 Ricciis
3330 4855 3768 4923 Domhicanae
3805 4853 4080 4942 Religio-

2510 4953 2611 5020 nis
2640 4955 2854 5019 lumen
2885 4963 2951 5019 et
2980 4968 3458 5022 ornamentum.
4142 4966 4146 4970 '

2642 5059 2939 5117 Paternae
2964 5051 3077 5119 illa
3098 5054 3325 5120 domus
3347 5053 3594 5119 divitias
3611 5069 3686 5117 ac
3708 5053 4069 5128 commoda,

2515 5156 2889 5231 ceterasque
2907 5152 3113 5217 'seculi
3149 5151 3482 5216 illecebras
3504 5194 3525 5226 ,
3549 5157 3746 5215 nobiti
3772 5160 4069 5232 quodam,

2512 5258 2586 5311 ut
2613 5266 2756 5311 cum
2773 5254 2959 5316 Petro
2986 5245 3266 5313 Blet'ensi
3309 5247 3575 5331 loquar,
3629 5255 3920 5328 eupasia
3975 5256 4077 5313 da·

2512 5348 2730 5421 spexit
2751 5387 2772 5416 ,
2798 5352 2864 5407 et
2891 5343 3281 5409 voluntariae
3310 5346 3697 5428 paupertatis
3719 5388 3740 5416 ,
3799 5345 4070 5429 Religio·

840 5430 1076 5499 tatibus
1106 5434 1476 5503 constitutos
1506 5438 1584 5504 ad
1612 5460 1751 5506 eam
1784 5440 2168 5508 invisendam
2193 5461 2410 5511 evoca·
2519 5460 2625 5510 sae
2656 5440 3053 5510 obedientiae
3078 5485 3098 5520 ,
3147 5441 3771 5529 perfectissimaeque
3827 5441 4081 5513 castita·
