4442 6300
1491 500 1839 571 quimus
1877 498 2350 567 OEGTORUU
2386 500 2556 559 nc.

3357 501 3468 557 nv

422 648 909 725 assertura
958 650 1261 719 VBSTRA
1303 644 1779 715 describendam
1836 663 1981 713 esse
2092 642 2398 711 Sanctitas
2426 662 2463 709 a
2493 641 2727 709 sanct-is
2763 639 3050 727 uhilippo
3090 640 3320 719 nario,
3364 663 3440 710 ac
3463 645 3655 711 Maria

417 748 673 817 affirmo.

519 986 601 1077 D..
627 982 1009 1047 INNOGEN
1018 984 1202 1047 rws
1239 982 1503 1060 Gorgoni
1548 983 1882 1061 Episcopus

561 1112 564 1117 ·
800 1081 1080 1144 Pinenst‘s
1118 1084 1183 1146 et
1226 1083 1604 1144 Hadrianeia.

543 1329 735 1391 Beata
760 1324 1086 1391 catharina
1115 1323 1196 1389 de
1232 1323 1461 1393 Ricciis
1486 1323 1713 1390 eximia
1753 1321 1987 1407 purita-
2048 1368 2049 1371 =

419 1423 489 1483 te
529 1440 604 1485 ae
656 1420 1008 1486 divinarum
1062 1441 1271 1486 rernm
1326 1419 1856 1505 contemplatione
1906 1420 1985 1482 ab

419 1514 557 1599 ipsa
582 1516 841 1583 infantia
880 1516 1154 1585 celebris
1190 1517 1763 1584 Sanctimonialium
1809 1516 1987 1581 Ordi-

419 1614 519 1681 nis
560 1617 1068 1683 Praedicatorum
1109 1617 1475 1682 Institutum
1518 1614 1802 1697 professa
1829 1657 1853 1688 ‚
1897 1616 1984 1679 ita

422 1710 490 1776 in
521 1713 634 1778 Dei
662 1733 876 1779 amore
904 1734 978 1778 ac
1006 1714 1298 1797 supernis
1327 1711 1661 1778 virtutibus
1685 1711 1981 1796 profecit,

420 1816 491 1874 ut
520 1816 586 1873 et
611 1810 795 1894 digna
824 1810 1070 1875 christo
1097 1819 1328 1892 Sponsa
1360 1811 1569 1875 habita
1594 1831 1671 1876 ac
1693 1808 1984 1877 caelesti·

420 1905 542 1972 bus
584 1906 903 1973 favoribus
931 1907 1285 1981 declarata,
1326 1915 1397 1973 et
1418 1907 1746 1993 singularis
1786 1907 1981 1990 ipsius

2088 738 2454 827 uagantem
2479 738 2560 806 de
2588 738 2804 806 Pastis
2832 739 3123 805 divinitus
3149 739 3402 823 agnita,
3445 740 3655 824 palam

2091 838 2481 922 praedicata,
2511 859 2585 904 ac
2614 837 2830 902 multis
2859 858 2896 902 a
2924 843 3053 902 Deo
3083 836 3454 903 miraculis
3432 857 3497 900 in
3525 839 3657 903 vita

2092 942 2316 1018 etpost
2333 941 2600 999 mortem
2620 933 2988 1001 confirmata
3005 933 3218 1012 fuet-113
3239 935 3651 1016 quamobrem

2086 1030 2343 1117 dignam
2370 1031 2567 1115 ipsam
2599 1048 2863 1104 censeo,
2891 1050 3051 1112 quae
3084 1050 3374 1111 suprema
3405 1032 3527 1113 q'ua
3557 1039 3651 1096 Tu

2091 1127 2299 1210 polles
2328 1127 2696 1194 anctoritate
2715 1168 2742 1203 ,
2781 1126 2846 1191 in
2871 1133 3235 1195 Sanctorum
3266 1133 3532 1193 censum
3559 1148 3659 1193 re·

2091 1224 2352 1292 teratur.

2216 1417 2551 1484 Sententiis
2577 1417 2852 1484 omnium
2881 1416 3115 1483 auditis
3143 1462 3165 1492 ,
3206 1418 3363 1485 baec
3389 1418 3659 1503 subjecit

2089 1514 2378 1581 Pontifex
2402 1536 2596 1581 novas
2623 1536 2845 1599 preces
2874 1517 3194 1591 indicens,
3236 1525 3300 1581 et
3332 1518 3657 1589 celebran-

2095 1612 2211 1678 dae
2224 1613 2500 1696 quinque
2515 1618 2852 1678 Beatorum
2875 1614 3337 1680 canonizationi
3356 1614 3521 1680 diem
3548 1615 3655 1682 de-

2092 1711 2346 1796 signans
2387 1710 2757 1796 vigesimum
2799 1731 3032 1777 nonum
3083 1713 3391 1779 currentis
3432 1712 3653 1787 Junii,

2092 1809 2198 1891 qui
2229 1814 2338 1883 SS.
2374 1807 2543 1874 Petri
2571 1816 2635 1873 et
2661 1807 2838 1874 Pauli
2865 1809 3303 1892 Apostolorum
3349 1810 3652 1896 martyrio

2090 1914 2229 1973 erat
2251 1913 2673 1973 consecratus.

430 2107 980 2257 venerabiles
1006 2176 1325 2253 FratreS.
1358 2174 1737 2257 Maximam
1773 2201 1941 2251 sane
1970 2172 2346 2280 voluptate
2379 2177 2839 2283 percepimus
2873 2202 2961 2253 ex
2995 2173 3345 2282 suffragiis
3369 2180 3644 2271 vestris,

429 2318 620 2395 quae
654 2289 1047 2367 solemnem
1083 2292 1343 2368 beatae
1394 2293 1824 2367 Gathar-inae
1859 2292 1957 2367 de
1988 2294 2247 2369 Ricciis
2280 2294 2920 2369 canonizationem
2970 2291 3403 2397 deposcunt.
3438 2299 3643 2370 Ean-

430 2406 598 2484 dem
633 2434 937 2513 prorsus
969 2407 1314 2487 laetitiam
1352 2412 1694 2485 sensimus
1726 2412 1805 2483 in
1838 2427 2165 2512 quatuor
2199 2409 2813 2514 praecedentibus
2843 2411 3325 2503 consistoriis,
3360 2414 3435 2486 in
3470 2412 3641 2516 qui-

428 2523 567 2600 bus
600 2520 935 2628 suffragia
963 2524 1221 2601 tulistis
1256 2524 1348 2601 de
1385 2528 1627 2601 Causis
1661 2523 1966 2600 aliorum
2004 2544 2332 2630 quatuor
2363 2529 2759 2602 Beatorum
2782 2586 2805 2618 ,
2840 2525 2935 2603 de
2970 2555 3289 2632 quorum
3319 2531 3645 2606 Canoni-

431 2644 714 2718 zatione
751 2645 1033 2747 pariter
1068 2643 1442 2748 agebatur.
1492 2645 1749 2748 Itaque
1776 2698 1797 2735 ,
1831 2646 1990 2718 Deo
2028 2642 2330 2748 juvante
2359 2701 2381 2738 ,
2420 2645 2613 2721 diem
2648 2647 3062 2750 vigesimum
3115 2674 3394 2723 nonum
3431 2645 3648 2749 hujus

427 2764 686 2837 mensis
741 2761 942 2837 Junii
977 2816 1000 2856 ,
1057 2764 1183 2865 qui
1237 2761 1932 2838 Sanctorum·Petri
1983 2777 2061 2836 et
2109 2759 2319 2839 Pauli
2368 2759 2890 2866 Apostolorum
2938 2765 3153 2838 Festo
3203 2762 3647 2841 celebrando

428 2888 904 2953 consecratur
932 2906 953 2968 ;
990 2875 1221 2971 illum,
1256 2882 1587 2982 inquam,
1623 2878 1819 2954 diem
1854 2881 2361 2954 constituimus
2388 2933 2409 2970 ,
2445 2895 2534 2953 ut
2564 2881 2719 2954 ritu
2751 2877 3079 2972 solemni,
3111 2907 3428 2956 numero
3461 2882 3651 2956 San-

427 3010 726 3070 ctorum
761 2994 1246 3071 adscribamus
1277 2998 1605 3100 quinque
1639 2998 1899 3071 Beatos
1924 3051 1946 3087 ‚
1997 3022 2264 3101 nempe
2299 2995 2618 3071 Fidelem
2646 3025 2688 3070 a
2721 2996 3168 3101 Sigmaringa
3195 3052 3216 3089 ,
3268 2999 3649 3075 Camillum

426 3109 522 3188 de
555 3111 810 3206 Lellis,
845 3117 1148 3189 Petrum
1181 3112 1601 3219 Regalatum
1627 3168 1650 3208 ,
1688 3115 1734 3188 J
1737 3113 2089 3218 osephum
2125 3143 2167 3189 a
2200 3115 2587 3208 Leonissa,
2620 3139 2703 3189 ec
2742 3114 3207 3192 catharinam
3242 3115 3335 3191 de
3372 3119 3645 3193 Ricciis.

428 3232 725 3306 Interea
760 3256 1017 3336 preces
1053 3248 1324 3308 vestras
1361 3232 1455 3307 ad
1488 3235 1722 3307 Deum
1763 3234 2219 3325 convertite,
2270 3257 2354 3306 ac
2392 3232 2866 3309 vehementer
2900 3232 3048 3306 ab
3028 3259 3184 3338 ipso
3220 3238 3587 3346 exposcite
3624 3289 3648 3327 ,

427 3364 518 3422 ut
552 3373 699 3450 ope
735 3372 862 3424 sua
901 3351 1391 3450 potentissima
1426 3346 1869 3451 caelestique
1912 3349 2385 3452 inspiratione
2434 3348 2659 3424 Nobis
2701 3345 2885 3423 adsit
2936 3350 3345 3452 propitius,
3396 3376 3649 3427 suum-

432 3490 582 3567 que
620 3462 872 3539 lumen
907 3467 1330 3568 impertiat,
1380 3482 1469 3540 ut
1506 3467 1696 3541 hanc
1731 3492 1885 3540 rem
1920 3467 2399 3568 gravissimam
2434 3463 2893 3568 perficiemus
2940 3464 3034 3540 ad
3066 3464 3369 3570 gloriam
3401 3461 3656 3545 nivini

427 3582 751 3658 Nominis
786 3581 1188 3685 augendam
1218 3637 1239 3674 ,
1297 3582 1723 3659 catholicam
1758 3582 2010 3658 Fidem
2046 3583 2263 3685 magis
2293 3579 2737 3657 efferendam
2766 3635 2788 3672 ,
2823 3596 2900 3656 et
2932 3581 3392 3657 christianam
3441 3582 3642 3661 Reli·-

424 3697 715 3803 gionem
750 3697 1323 3803 propagandam.

2050 3940 2454 4025 ,Magistrum
2509 3932 3061 4005 caeremoniarum
3107 3937 3180 4001 in
3212 3938 3332 4006 hoc
3386 3927 3645 4012 mutiero

2085 4038 2431 4104 sufficeret.
2460 4037 2577 4101 Hic
2596 4036 2806 4119 itaque
2832 4036 3176 4106 Pontificiis
3207 4038 3656 4119 obtemperans

545 3938 841 4023 Cognitae
869 3939 1162 4016 Patribus
1185 3913 1318 4025 jam
1371 3939 1519 4004 inde
1578 3960 1617 4006 a
1673 3939 1982 4027 principio

419 4035 782 4104 Consistorii
810 4037 1386 4104 Protonotariornm
1434 4044 1500 4103 et
1553 4037 1981 4105 Procuratoris

423 4132 678 4208 Pisa-,dis
705 4131 1026 4200 absentiae
1045 4154 1159 4218 pro
1184 4154 1253 4199 re
1275 4142 1415 4197 nata
1441 4141 1509 4198 et
1534 4141 1849 4217 potestate
1868 4155 1981 4201 sua

419 4230 731 4296 consuluit
758 4230 1043 4296 Pontifex
1068 4256 1090 4307 3
1118 4231 1443 4296 novissimi
1466 4232 1656 4316 hujus
1685 4234 1854 4296 enim
1898 4232 1982 4298 si-

416 4326 487 4390 bi
517 4326 854 4392 vindicavit
884 4348 1153 4404 munus3
1202 4328 1372 4410 qnod
1424 4347 1574 4393 vero
1602 4328 1684 4393 ad
1742 4329 1980 4414 primos

419 4424 767 4507 spectabat,
797 4422 865 4486 id
887 4424 1434 4488 caeremoniarum
1455 4423 1779 4489 Praefecto
1807 4447 1977 4491 com-

418 4520 638 4596 misit,
667 4530 739 4585 et
764 4539 844 4583 ne
872 4519 1113 4586 novitas
1143 4522 1544 4603 perturbaret
1570 4522 1850 4598 animos,
1878 4542 1979 4589 ac·

417 4620 817 4696 commodata
848 4617 1131 4684 oratione
1161 4660 1182 4692 ,
1212 4617 1362 4683 licet
1389 4637 1468 4681 ex
1498 4625 1784 4700 tempere
1839 4639 1980 4684 sna·

414 4715 575 4782 dere
604 4715 879 4790 studuit,
909 4715 1029 4780 boc
1077 4716 1158 4794 ab
1216 4715 1854 4780 caeremoniariorum
1901 4721 1981 4782 A·

411 4813 859 4895 postolicornm
890 4811 1102 4884 officio
1130 4811 1409 4878 alienum
1455 4832 1580 4878 non
1633 4832 1778 4878 esse
1833 4833 1974 4879 cen-

414 4909 676 4976 sendum
703 4934 726 4984 3
757 4907 989 5000 quippe
1017 4909 1123 4991 qni
1157 4910 1238 4975 de
1283 4917 1426 4976 actu
1457 4909 1734 4974 omnium
1795 4929 1991 4993 prae-s

417 5005 900 5086 callentissimo,
929 5006 1010 5072 de
1039 5006 1347 5071 Canonica
1367 5006 1615 5072 scilicet
1642 5006 1788 5070 novi
1807 5012 1980 5072 Sum-

418 5100 511 5164 mi
537 5100 852 5166 Pontificis
879 5101 1197 5166 electione
1227 5103 1493 5186 ejusque
1522 5102 1844 5183 dignitatis
1879 5122 1979 5169 ac-

419 5189 770 5281 ceptatione
801 5213 1051 5280 semper
1077 5207 1144 5263 et
1174 5199 1695 5284 quandocumque
1739 5199 1976 5264 contin·

424 5302 567 5380 gat,
598 5313 747 5360 sese
800 5313 1023 5379 rogare
1081 5294 1285 5362 solent
1306 5320 1331 5372 3
1389 5303 1768 5379 quapropter
1826 5297 1976 5362 satis

422 5392 994 5474 consonum·videri
1024 5400 1090 5457 et
1118 5413 1387 5476 aequum
1411 5437 1434 5467 ,
1463 5394 1516 5460 si
1548 5395 1973 5461 Protonotario

716 5518 928 5559 annno.
968 5520 1088 5559 xiv.
1129 5519 1278 5561 rou.
1316 5508 1447 5561 Vn.

2086 4133 2437 4210 mandatis,
2468 4153 2661 4199 unum
2719 4141 2829 4197 aut
2854 4133 3041 4216 plura
3097 4140 3524 4202 Instrumenta
3581 4157 3652 4204 se

2087 4232 2523 4306 confecturum
2556 4228 2845 4311 promisit
2869 4229 3198 4311 appellatis
3225 4233 3523 4308 testibus,
3546 4233 3652 4316 qui

2084 4330 2349 4398 aderant
2377 4326 2693 4393 Pontificis
2720 4326 3156 4394 Familiaribns
3174 4372 3193 4402 ,
3225 4334 3289 4393 et
3335 4331 3654 4404 consuetis

2083 4447 2238 4494 usus
2264 4424 2514 4490 verbis:
2550 4427 2897 4503 conficiam.
2951 4429 3129 4491 Vobis
3191 4431 3462 4498 restibus
3491 4452 3510 4490 ε
3561 4436 3654 4494 lta

2087 4524 2421 4606 utriusque
2441 4520 2809 4587 consistorii
2838 4521 3017 4587 Actio
3047 4522 3363 4599 absoluta,
3393 4531 3653 4591 Coetus-

2084 4642 2213 4705 que
2244 4640 2439 4705 prope
2472 4618 2806 4685 meridiem
2836 4619 3162 4685 dimissus.

2355 4818 2437 4879 IN
2478 4811 2780 4880 NOMINE
2823 4817 3104 4880 nomm
3143 4819 3384 4881 AMEN.

2210 5012 2426 5073 Pateat
2451 5006 2517 5068 in
2545 5013 2914 5090 perpetuum
2935 5005 3174 5071 cunctis
3201 5008 3490 5073 omnibus
3512 5009 3651 5073 ubi·

2088 5124 2215 5186 que
2245 5126 2319 5170 ac
2348 5104 2670 5186 evidenter
2697 5112 2913 5169 notum
2945 5102 3027 5167 sit
3054 5097 3322 5188 singulis
3343 5126 3648 5188 praesens

2088 5200 2209 5267 boc
2241 5200 2562 5283 publicum
2589 5206 3084 5265 instrumentum
3119 5202 3498 5268 sanctissimi
3531 5210 3650 5271 Do·

2085 5298 2243 5360 mini
2276 5297 2481 5364 Nostri
2514 5302 2931 5362 BENEmc'rt
2972 5297 3194 5360 Divina
3251 5300 3649 5367 Providentia

2086 5401 2287 5479 Papae
2321 5401 2482 5459 xlv.
2503 5394 2683 5478 jussu
2716 5392 2952 5462 editum
2981 5390 3245 5464 lecturis
3274 5397 3507 5479 pariter
3545 5400 3645 5463 vel

3327 5509 3395 5562 ³⁸1
