4442 6300
1595 724 2698 882 DEDICATIO

1182 1037 1784 1144 PRAEmxA
1859 1030 2454 1141 EDlTloNl
2526 1022 3128 1135 ROMANAE

1966 1298 2155 1353 ARN!
2199 1297 2362 1351 17⁴⁹.

1711 1712 2362 1833 JOANNI
2464 1710 2609 1830 V.

698 1976 1379 2071 LUSITAMAE,
1448 1977 1590 2053 ET
1665 1970 2467 2051 ALGARBIORUM
2536 1966 2803 2044 REGI
2873 1959 3596 2040 FIDELISSIMO

951 2525 1585 2607 EMMANUEL
1625 2530 1772 2609 DE
1812 2523 2340 2607 AzEVEno
2379 2517 3054 2600 socus'rA'rls
3095 2516 3368 2595 JESU

571 2777 831 2926 Cum
859 2846 1128 2922 librum
1151 2846 1245 2923 de
1281 2875 1364 2924 re
1399 2847 1643 2927 divina
1675 2880 1717 2925 a
1753 2850 2055 2925 Summo
2092 2844 2451 2925 Pontifice
2488 2840 3051 2919 BENEDICTO
3075 2838 3275 2913 xlv,
3301 2834 3779 2940 copiosissime

565 2981 1219 3083 sapientissimeque
1274 2983 1769 3087 conscriptum
1830 3000 2178 3085 tanquam
2235 2975 2541 3053 Scholae
2604 2974 3002 3048 Sacrorum
3065 2973 3370 3044 Rituum
3428 2967 3782 3072 primitias

563 3110 919 3216 Majestati
957 3138 1467 3218 nuncuparem
1512 3114 1718 3191 Tuae
1745 3172 1766 3208 ‚
1801 3116 2007 3191 REX
2039 3108 2694 3199 FIDELISSIME‚
2728 3104 2804 3181 id
2840 3130 3076 3179 unum
3127 3103 3302 3179 mihi
3362 3123 3780 3207 proposue-

573 3273 726 3320 ram
755 3301 777 3339 ,
815 3263 902 3320 ut
936 3245 1232 3348 aliquod
1270 3244 1807 3351 qualecumque
1874 3247 2169 3322 demum
2235 3242 2311 3319 id
2371 3257 2556 3316 esset
2583 3295 2605 3331 ‚
2666 3265 2875 3314 meae
2935 3263 3123 3338 erga
3166 3239 3779 3312 Potentissimum

569 3379 1013 3454 Lusitaniae
1048 3378 1393 3452 REGEM
1419 3388 1824 3468 ser-vitatis,
1852 3407 2037 3478 erga
2064 3374 2848 3469 Manifieentissimam
2876 3371 3426 3443 Litteratorum
3454 3372 3782 3443 omnium

571 3509 1086 3582 Protectorem
1121 3508 1645 3584 observantiae
1664 3564 1683 3594 ,
1710 3534 1895 3609 erga
1931 3512 2557 3583 Amantissimam
2590 3505 2915 3578 Patriae
2954 3503 3360 3576 Par-entem
3387 3499 3786 3575 eharitatis
3873 3495 3878 3502 ’

572 3647 1072 3714 testimoniam
1112 3653 1393 3713 extaret
1421 3692 1440 3712 .
1476 3640 1820 3717 Graviter
1855 3642 2047 3714 enim
2087 3640 2322 3714 officio
2373 3634 2758 3710 defuissem
2794 3659 2959 3707 meo
2993 3686 3015 3724 ,
3051 3634 3105 3705 si
3155 3647 3270 3705 tot
3327 3656 3411 3705 ac
3476 3632 3693 3705 tantis
3740 3658 3784 3705 a

569 3770 684 3843 Te
721 3766 1089 3845 beneficiis
1125 3787 1429 3845 ornatus
1463 3788 1828 3875 perpetuo
1863 3770 2444 3875 gloriosissimum
2481 3794 2751 3842 nomen
2802 3767 3054 3840 Tuum
3090 3762 3380 3838 silentio
3419 3765 3494 3835 in
3532 3766 3793 3865 operi-

568 3900 711 3973 bus
746 3927 789 3972 a
824 3925 936 3973 me
974 3898 1184 3974 editis
1217 3899 1667 3978 involvissem
1695 3956 1715 3975 .
1754 3903 1968 3977 Nunc
1999 3901 2215 4005 longe
2254 3900 2462 3976 aliam
2499 3904 2576 3975 in
2612 3901 2755 3975 hoc
2791 3922 3020 4003 opere
3050 3952 3072 3988 ,
3108 3895 3312 3999 quod
3360 3895 3497 3970 sub
3551 3891 3788 3996 Maje-

568 4031 770 4103 statis
804 4028 1012 4103 Tuae
1050 4032 1382 4134 auspiciis
1417 4031 1715 4135 prodit,
1760 4057 2041 4106 causam
2096 4058 2360 4137 sequar
2391 4088 2414 4124 ‚
2480 4060 2700 4135 quam
2762 4047 2850 4103 ut
2909 4028 3061 4103 aliis
3090 4083 3111 4119 ‚
3171 4032 3270 4102 ita
3330 4030 3549 4100 etiam
3613 4025 3788 4099 Tibi

573 4160 1051 4236 vehementer
1088 4163 1481 4266 probatum
1530 4167 1618 4239 iri
1656 4162 1983 4240 confido.
2016 4167 2308 4239 Etenim
2346 4191 2513 4238 cum
2546 4161 2727 4239 illud
2786 4188 2942 4237 mea
3004 4186 3186 4236 cura
3247 4158 3440 4264 typis
3500 4157 3783 4232 editum

576 4293 1137 4369 BENEDICTO
1172 4295 1374 4369 XIV.
1426 4298 1723 4372 nomine
1761 4298 2295 4371 Canonicorum
2334 4294 2801 4399 Regularium
2864 4295 3192 4370 Nationis
3243 4292 3629 4366 Lusitanae
3692 4289 3786 4365 de

578 4450 697 4498 me
732 4428 1004 4528 optime
1040 4451 1327 4531 semper
1371 4430 1802 4503 meritorum
1842 4428 2141 4533 supplex
2203 4426 2548 4502 offerrem
2579 4485 2603 4518 ,
2661 4425 3001 4502 eumdem
3064 4424 3308 4503 audivi
3371 4425 3553 4498 haec
3612 4423 3788 4498 mihi

580 4558 761 4630 mira
804 4557 1248 4659 benignitate
1287 4558 1702 4634 dicentem:
1741 4565 2057 4662 Accipio
2096 4588 2366 4636 manus
2414 4571 2709 4660 gemino
2747 4562 2968 4636 titulo
3010 4586 3250 4634 meum
3277 4611 3299 4649 ‚
3359 4578 3429 4633 et
3491 4565 3680 4659 quia
3738 4582 3793 4629 a
3865 4545 3878 4556 ’

579 4713 694 4759 me
718 4687 1143 4788 projectum
1171 4746 1195 4779 ,
1232 4710 1304 4767 et
1341 4700 1523 4793 quia
1558 4691 1742 4767 mihi
1776 4691 2151 4766 redditum
2179 4745 2198 4764 .
2239 4695 2490 4769 Velim
2526 4711 2775 4768 tamen
2801 4749 2825 4782 ‚
2871 4707 2956 4764 ut
2996 4689 3615 4794 quemadmodum
3648 4689 3792 4764 hoc

583 4817 763 4891 mihi
795 4819 909 4892 Τιι
945 4818 1198 4893 alieno
1225 4824 1447 4919 jassa
1482 4820 1753 4907 tradiS,
1791 4828 1903 4894 ita
1939 4820 2131 4895 idem
2169 4830 2412 4923 ipsum
2455 4827 2570 4899 Tu
2599 4850 2756 4900 meo
2792 4832 3087 4900 nomine
3124 4823 3235 4896 ad
3264 4820 3611 4894 REGEM
3650 4820 3790 4895 FI-

582 4946 1181 5021 DELISSIMUM
1217 4956 1500 5024 mittas.
1559 4950 1806 5041 Quare
1859 4953 1986 5024 etsi
2023 4976 2159 5055 ego
2199 4957 2567 5028 tenuitatis
2605 4979 2802 5027 meae
2853 4955 3185 5027 conscius
3235 4954 3365 5025 sim
3396 5005 3418 5043 ‚
3474 4949 3792 5053 quadam

584 5095 824 5151 tamen
861 5075 1260 5152 dulcissima
1311 5084 1731 5154 necessitate
1768 5084 2268 5185 constringor,
2305 5102 2389 5158 ut
2422 5110 2642 5189 quem
2682 5083 2954 5159 librum
2991 5084 3493 5158 sanctissimus
3525 5086 3793 5158 Ponti-

585 5208 705 5284 fex
745 5207 837 5283 ad
877 5210 987 5283 Te
1022 5212 1244 5283 mittit
1277 5265 1298 5301 ‚
1335 5210 1677 5287 eumdem
1713 5239 1851 5316 ego
1887 5218 2164 5288 nomini
2197 5215 2578 5290 inscribam
2617 5215 2814 5290 Tuo.

734 5341 888 5414 Nec
927 5368 1103 5418 vero
1140 5339 1288 5416 ulla
1327 5371 1442 5418 me
1480 5342 1842 5420 dubitatio
1867 5362 2096 5437 tenet,
2122 5349 2305 5450 quin
2342 5347 2544 5421 hunc
2576 5344 2851 5421 librum
2890 5344 3008 5417 Tu
3049 5370 3131 5418 ea
3170 5346 3388 5419 animi
3414 5343 3792 5449 voluptate

585 5490 1027 5577 excepturus
1059 5476 1170 5566 sis,
1204 5501 1351 5578 qua
1381 5478 1613 5553 ceteri
1652 5479 1884 5581 Reges
1918 5504 2223 5555 munera
2261 5481 2582 5555 omnium
2625 5478 3130 5582 pretiosissima
3165 5472 3404 5551 solent
3432 5480 3794 5583 accipere.
