4442 6300
1514 497 1861 572 cumen!
1896 498 2369 563 autemnon
2403 502 2573 559 ιτα.

3385 508 3495 562 281

464 642 817 710 monus
848 644 1184 721 Episcopus
1219 641 1515 708 Ostiensis
1540 656 1601 707 er
1642 649 2010 711 rotitomn-
2121 664 2262 709 rum
2291 646 2622 713 sanctitate
2646 645 2909 725 claruit,
2954 656 3025 713 ut
3090 647 3264 714 nulla
3319 649 3488 715 vitae
3543 651 3683 736 ejus

534 750 624 807 sis
652 746 826 807 Sacri
855 744 1108 818 collegii
1149 743 1431 804 Donamus
1450 782 1473 815 ,
1534 745 2017 808 Vico-Camella-

534 844 668 903 rius
703 842 1054 903 cardinatis
1087 842 1300 933 Rufus,

577 1035 711 1097 Non
743 1033 986 1114 absque
1026 1030 1331 1115 peculiari
1390 1030 1634 1097 divinae
1683 1030 2016 1099 Providen-

450 1128 581 1209 tiae
612 1128 882 1193 consilio
911 1126 1265 1212 confingere
1294 1128 1589 1203 arbitror,
1618 1136 1689 1192 ut
1719 1133 2014 1193 SANCTI-

448 1231 597 1295 TAS
624 1229 922 1289 VESTRA
954 1232 1222 1307 quatuor
1238 1224 1401 1290 viris
1424 1244 1503 1289 ex
1533 1223 1806 1289 fortibus
1823 1225 2016 1290 Israel

450 1323 533 1386 ad
567 1321 740 1387 bella
784 1321 1024 1387 Domini
1088 1321 1470 1386 doctissimis
1493 1366 1514 1396 ,
1574 1321 1891 1405 simulque
1945 1327 2014 1386 B.

450 1419 816 1485 Gatharinae
851 1418 933 1482 de
962 1418 1188 1482 Ricciis
1215 1418 1753 1503 Religiosissimae
1805 1420 2017 1484 Domi·

446 1516 708 1580 nicanae
765 1512 1143 1596 Disciplinae
1203 1514 1567 1581 sectatricis
1646 1504 2055 1580 Sanctorum'

444 1611 695 1680 cultum
727 1611 1098 1678 solemniter
1140 1611 1481 1677 decernere
1536 1614 1791 1696 cogitet.
1848 1618 2017 1677 Haec

453 1727 731 1792 namque
764 1711 843 1774 ab
875 1708 1013 1794 ipso
1041 1709 1267 1774 aetatis
1297 1707 1572 1774 diluculo
1612 1729 1806 1793 agere
1863 1708 2016 1772 inci·

449 1806 635 1889 piens
654 1851 676 1879 ,
708 1812 773 1869 et
803 1805 930 1888 pati
960 1805 1150 1870 fortia
1180 1805 1461 1869 omnium
1493 1805 1744 1869 humaui
1771 1805 2016 1889 generis

446 1902 727 1968 hostium
760 1904 1074 1987 superavit
1106 1902 1370 1967 insidias
1392 1947 1413 1976 ‚
1441 1902 1735 1986 viresque
1793 1903 2018 1983 protri-

448 2000 563 2064 vit.
597 2001 858 2064 Assidua
892 2020 963 2065 ac
992 2019 1150 2081 pene
1183 1999 1260 2062 ad
1312 2000 1678 2065 miraculum
1736 2000 2013 2084 jejunia,

448 2097 741 2179 corporis
765 2098 798 2159 'a
827 2098 1133 2180 flagris‚.a
1163 2094 1391 2162 ciliciis
1409 2140 1430 2169 ,
1460 2116 1494 2159 a
1526 2096 1749 2161 ferreis
1774 2096 2012 2162 catenis

449 2192 935 2265 afflictationes,
971 2193 1379 2257 transmissae
1407 2193 1576 2258 inter
1602 2193 1905 2258 orandum
1959 2214 2021 2257 a·

447 2290 666 2375 liaque
694 2292 793 2375 pia
824 2310 1014 2373 opera
1040 2290 1318 2371 integrae
1353 2290 1484 2355 fere
1518 2298 1733 2355 noctes
1755 2334 1775 2363 ,
1805 2289 2016 2375 vulga-

448 2388 542 2453 ria
570 2388 726 2469 haec
751 2397 929 2453 erant
954 2387 1253 2451 virtutum
1275 2387 1411 2471 ejus
1442 2387 1789 2462 exercitia3
1828 2390 2020 2452 virtu-

452 2483 628 2549 tibus
659 2484 914 2567 quidem
947 2482 1235 2547 omnibus
1267 2483 1381 2547 sed
1433 2482 1682 2549 divinae
1738 2503 2019 2566 praeser-

447 2581 561 2649 tim
587 2581 868 2646 charitati
896 2578 1125 2643 litabat
1148 2603 1167 2640 ι
1222 2586 1497 2663 Eratque
1556 2582 1826 2663 ipsamet
1882 2583 2021 2666 ejus

449 2676 742 2744 sacrificii
770 2678 1022 2742 victima
1041 2719 1064 2751 ,
1097 2697 1284 2760 quam
1314 2677 1691 2744 incendebat
1719 2698 1792 2749 ac
1820 2679 2017 2745 veluti

453 2774 883 2848 decinerabat,
912 2788 1078 2856 quae
1105 2772 1288 2839 fortis
1316 2783 1413 2840 est
1442 2785 1512 2840 ut
1547 2796 1718 2841 mors
1738 2776 2015 2842 dilectio.

448 2874 609 2940 Hinc
636 2872 776 2957 ejus
805 2874 1003 2941 oratio
1032 2873 1170 2936 sine
1199 2872 1674 2939 intermissione
1697 2917 1719 2949 ,
1749 2881 1816 2938 et
1874 2894 2018 2957 per-

448 2977 682 3055 petuus
712 2969 824 3032 ille
856 2969 921 3031 in
948 2968 1181 3033 christi
1209 2970 1457 3035 Domini
1489 2972 1879 3054 passionem,
1910 2971 2019 3036 do·

446 3068 757 3152 loresque
785 3067 1045 3132 affectus
1063 3109 1086 3140 ‚
1137 3073 1325 3150 atque
1382 3066 1666 3152 ejusdem
1723 3089 1760 3131 e
1817 3073 2016 3134 cruce

445 3166 785 3251 pendentis
814 3163 1262 3247 contemplatio
1311 3166 1543 3230 amoris
1598 3165 1803 3251 plena.
1858 3165 2018 3231 Hinc

449 3284 704 3348 quoque
734 3263 1012 3328 Proximi
1048 3262 1309 3328 dilectio
1337 3282 1648 3345 nunquam
1679 3283 1801 3326 non
1834 3264 2016 3348 ignea

444 3361 507 3425 in
541 3360 870 3425 Catharina
898 3360 1057 3435 fuit,
1116 3359 1290 3424 illius
1330 3365 1539 3424 tamen
1570 3360 1852 3442 corporis
1909 3381 2017 3443 op·

446 3455 937 3543 portunitatibus
968 3458 1054 3522 ita
1082 3459 1340 3530 aderat,
1369 3464 1440 3521 ut
1468 3457 1789 3526 ardentius
1835 3478 2016 3523 cura·

449 3565 549 3621 ret
578 3557 816 3620 animas
846 3563 910 3620 et
940 3554 1283 3637 spiritualia
1312 3554 1663 3619 commoda.
1700 3557 1807 3619 Ita
1863 3575 2015 3620 vero

445 3653 1016 3720 commiserabatur
1040 3652 1425 3734 peccantium
1457 3658 1726 3727 statum,
1773 3658 1844 3715 ut
1900 3653 2017 3715 im-

445 3770 643 3835 pense
674 3767 794 3810 non
826 3747 1022 3813 semel
1052 3769 1092 3811 a
1124 3749 1384 3812 Domino
1411 3748 1711 3829 petierit,
1758 3758 1831 3814 ut
1886 3749 2014 3815 tela

447 3868 612 3930 quae
641 3846 704 3908 in
735 3844 881 3910 illos
900 3839 1274 3911 elimaverat
1302 3887 1327 3918 ,
1363 3844 1426 3906 in
1456 3844 1745 3909 eamdem
1805 3845 2009 3930 ipsam

444 3942 687 4028 jaceret
704 3986 727 4018 ,
756 3953 948 4024 atque
979 3941 1267 4008 exaudita
1300 3941 1727 4025 gratulabatur
1755 3961 2010 4026 magno·

446 4060 598 4122 pere
629 4041 708 4103 ab
737 4039 999 4104 aliorum
1032 4038 1313 4104 traducta
1343 4037 1421 4103 ad
1451 4059 1630 4104 suum
1654 4047 1838 4120 eaput
1869 4059 2012 4124 sup-

445 4135 661 4221 plicia.
692 4143 844 4201 Iure
894 4136 1108 4218 itaque
1165 4135 1409 4217 optimo
1461 4134 1789 4201 Mulierem
1848 4136 2008 4200 hanc

445 4233 721 4307 fortem,
749 4232 1139 4299 heroicarum
1180 4231 1485 4297 virtutum
1549 4234 1791 4296 meritis
1849 4234 2007 4299 adeo

442 4329 758 4396 illustrem
784 4375 806 4404 ,
835 4329 1114 4394 omnium
1149 4329 1587 4395 charismatum
1620 4330 1802 4392 donis
1830 4350 2006 4411 prae-

446 4425 761 4493 lucentem
787 4468 809 4500 ,
836 4432 903 4490 et
930 4425 1204 4508 plurium
1241 4424 1678 4488 miraculorum
1707 4424 1850 4489 luce
1895 4447 2000 4491 co·

446 4528 798 4588 ruscantem
825 4565 849 4596 ,
881 4528 1162 4586 Sanctam
1191 4540 1334 4590 esse
1395 4525 1458 4582 et
1490 4520 1708 4585 debito
1766 4523 2004 4586 Sanctis

402 4643 419 4682 ·.
444 4618 617 4686 cultu
639 4638 779 4683 esse
793 4617 1242 4692 honorandam,
1261 4620 1681 4682 SANCTITAS
1704 4624 2000 4682 VESTRA

444 4736 733 4799 suprema
761 4736 881 4800 qua
912 4711 1110 4800 pollet
1157 4713 1530 4782 auctoritate
1553 4755 1575 4787 ,
1635 4715 2006 4797 pronuncia·

441 4812 561 4879 bit.

448 5008 562 5078 AN
564 5012 625 5073 N
630 4957 827 5070 last,
856 5009 1202 5084 Episcopus
1250 5007 1603 5068 Parmensis
1658 5008 2001 5069 cardinalis

400 5147 439 5192 ,ς
488 5097 493 5100 ’
632 5104 899 5168 Albanus
930 5106 992 5167 S.
1027 5107 1349 5167 clementis
1378 5112 1789 5180 nuncupatus.

562 5297 755 5363 Beata
786 5293 1109 5361 catharina
1138 5294 1217 5359 de
1242 5291 1469 5362 Ricffls
1490 5247 1807 5360 “Honialis
1860 5294 2000 5359 Vir·

2124 761 2274 825 pars
2301 741 2490 809 fuerit
2512 788 2533 818 ,
2566 766 2724 827 quae
2757 745 3049 811 christian
3067 768 3104 811 a
3134 746 3360 811 virtute
3389 766 3512 811 non
3553 768 3682 814 ma-

2123 841 2297 905 xime
2330 849 2644 922 spectetur
2668 851 2733 907 et
2782 844 3089 908 habeatur
3143 841 3430 908 illustris.
3487 849 3683 909 Aucta

2133 936 2201 997 in
2233 936 2372 1000 dies
2399 945 2575 1002 aetas
2602 936 3050 1021 perfectionem
3111 939 3391 1011 addidit,
3446 949 3688 1023 protra-.

2124 1040 2422 1115 ctumque
2453 1042 2699 1118 tempus
2727 1034 3199 1100 admirabiliora
3236 1036 3517 1100 exhibuit
3549 1056 3686 1119 spe·

2124 1137 2333 1195 etatae
2362 1133 2708 1198 sanctitatis
2751 1133 3158 1199 incrementa.
3217 1133 3334 1197 Illa
3389 1136 3682 1219 Virgines

2127 1231 2259 1292 Deo
2289 1250 2498 1295 sacras
2520 1273 2541 1303 ,
2571 1231 2737 1295 inter
2775 1253 2931 1313 quas
2985 1230 3106 1295 fuit
3138 1232 3445 1315 adscripta
3476 1243 3541 1297 et
3593 1234 3687 1299 vi-

2130 1324 2262 1400 xit3
2292 1325 2403 1390 illa
2430 1326 2743 1392 seculares
2795 1327 3085 1393 homines
3115 1330 3324 1393 variae
3382 1331 3687 1397 conditio-

2130 1421 2231 1484 nis
2260 1428 2324 1485 et
2353 1422 2585 1486 ordinis
2610 1423 2686 1487 ad
2736 1424 3028 1489 virtutem
3083 1424 3534 1502 inflammavit3
3575 1426 3687 1494 illa

2124 1519 2561 1602 compluribus
2592 1519 2779 1586 saluti
2813 1521 2964 1598 fuit3
2995 1521 3105 1584 illa
3136 1521 3410 1604 denique
3436 1543 3473 1586 a
3522 1524 3684 1590 Civi-

2132 1615 2251 1680 bus
2278 1617 2538 1697 perinde
2570 1638 2641 1682 ac
2666 1619 2958 1691 Exteris,
2989 1619 3222 1701 quihus
3250 1618 3550 1693 innotuit,
3581 1642 3684 1687 ce-

2129 1710 2370 1777 lebrata
2399 1723 2516 1779 est.
2534 1714 2715 1781 stulti
2740 1717 2929 1780 etiam
2952 1722 3212 1780 Sanctae
3234 1725 3543 1783 Romanae
3568 1724 3678 1786 Ec·

2126 1808 2362 1890 clesiae
2393 1813 2760 1878 Cardinales
2787 1812 3204 1896 amplissimi,
3234 1833 3505 1895 quorum
3555 1825 3669 1883 tre

2124 1905 2423 1971 nimirum
2450 1911 2745 1974 cervinus
2770 1955 2789 1983 ,
2815 1911 3138 1975 Mediceus
3167 1919 3233 1974 et
3275 1909 3658 1978 Aldobrandi

2126 2020 2245 2067 nus
2275 2005 2508 2068 Summi
2536 2006 2866 2072 Pontifices
2896 2027 3192 2079 evasere,
3250 2007 3486 2089 aliique
3546 2011 3678 2074 Viri

2123 2101 2449 2185 Principes
2478 2123 2768 2187 supremo
2798 2105 3051 2169 Urbium
3084 2125 3156 2168 ae
3189 2104 3531 2188 Regionum
3572 2106 3684 2168 im-

2126 2198 2309 2281 perio
2336 2197 2492 2264 clari
2517 2243 2537 2271 ,
2569 2210 2933 2284 praesentes
2966 2209 3112 2266 sunt
3135 2202 3333 2284 ipsam
3385 2205 3681 2269 venerati.

2126 2295 2582 2360 Admirabilem
2612 2298 2971 2363 Catharinae
3027 2299 3412 2363 sanctitatem
3466 2299 3676 2364 divini·

2134 2396 2240 2456 tus
2267 2394 2576 2477 cognitam
2601 2399 2661 2457 S.
2690 2393 3003 2477 Philippus
3035 2395 3256 2459 Nerius
3279 2438 3299 2469 ,
3343 2402 3406 2458 et
3438 2401 3499 2459 S.
3562 2403 3678 2462 Ma·

2082 2550 2090 2555 ,
2125 2487 2220 2551 ria
2247 2489 2615 2569 Magdalena
2643 2491 2723 2555 de
2747 2489 2955 2555 Pazzis
2987 2497 3427 2572 suspexerunt.
3489 2499 3677 2557 vene

2129 2585 2325 2649 raudo
2374 2586 2708 2670 religiosae
2760 2586 2928 2651 vitae
2987 2585 3281 2669 exemplo
3302 2630 3323 2660 ,
3382 2588 3683 2672 donisque

2130 2680 2512 2746 caelestibus
2542 2682 2727 2766 longe
2756 2679 3149 2766 praecipuis,
3182 2683 3415 2764 quibus
3469 2704 3504 2748 a
3557 2691 3656 2750 De·

2136 2775 2465 2842 affluenter
2486 2777 2865 2851 ditata-fuit,
2894 2776 3095 2843 altera
3123 2783 3183 2843 S.
3216 2778 3543 2846 catharina
3579 2788 3656 2847 Sc

2124 2874 2339 2936 nensis
2365 2880 2463 2937 est
2491 2872 2725 2937 habita.
2752 2877 2972 2954 Neque
2995 2873 3066 2937 id
3095 2874 3342 2937 mirum.
3385 2881 3480 2942 Ita
3513 2878 3659 2942 eain

2135 2968 2469 3034 Catharina
2497 2971 2578 3035 de
2605 2970 2826 3035 Ricciis
2852 2970 2917 3032 in
2946 2970 3134 3035 terris
3162 2971 3297 3056 egit
3316 3010 3337 3046 ,
3375 2982 3450 3039 ut
3503 2974 3646 3056 plan

2127 3064 2377 3141 animo,
2408 3068 2600 3132 corde
2624 3111 2645 3140 ‚
2676 3067 2898 3150 spiritu
2957 3074 3088 3133 tota
3120 3068 3185 3131 in
3245 3075 3438 3133 Deum
3499 3079 3644 3156 rapt·

2122 3163 2482 3237 videretur3
2518 3164 2766 3247 sibique
2793 3164 3043 3245 penitus
3081 3174 3325 3248 mortua
3379 3168 3486 3230 uni
3539 3175 3670 3236 Deo

2131 3260 2396 3344 ejusque
2425 3260 2664 3344 gloriae
2689 3264 2948 3327 viveret.
2980 3263 3172 3348 Digna
3229 3264 3492 3347 proinde
3548 3266 3665 3333 ille

2122 3354 2363 3421 honore
2395 3364 2494 3421 est
2512 3399 2534 3430 ,
2565 3358 2670 3439 qui
2698 3359 2925 3423 ceteris
2951 3361 3182 3424 sanctis
3210 3359 3571 3427 hominibus
3592 3383 3672 3428 ex

2120 3453 2518 3535 Apostolicae
2560 3454 2740 3519 Sedis
2795 3456 3175 3539 praescripto
3233 3457 3424 3523 tribui
3480 3460 3641 3524 solet
3660 3487 3678 3524 ι

2123 3554 2328 3624 Quum
2356 3549 2484 3616 illis
2513 3551 2686 3616 nulla
2711 3559 2889 3636 parte
2918 3551 3241 3618 catharina
3268 3553 3351 3617 sit
3398 3554 3679 3623 inferior.

2130 3746 2640 3810 VINGENTIUS
2665 3749 2999 3826 Episcopus
3029 3748 3449 3812 Praenestinus
3476 3755 3683 3818 Caris·

2304 3847 2470 3913 nelis
2499 3846 2688 3907 Petra
2716 3845 2925 3924 Major
2950 3847 3492 3926 Paestanum-iter.

2244 4040 2382 4101 Non
2412 4043 2537 4109 est,
2563 4057 2674 4101 cur
2699 4042 2764 4101 B.
2795 4037 3157 4103 catharinae
3186 4037 3267 4103 de
3297 4039 3524 4134 Ricciig
3546 4041 3682 4106 Vir-

2118 4131 2280 4216 ginis
2309 4133 2561 4197 Ordinis
2590 4133 3093 4199 Praedicator-um
3123 4135 3512 4200 sanctitatem
3543 4136 3679 4220 plu·

2120 4228 2292 4294 ribus
2320 4229 2718 4312 praedicem,
2759 4250 2946 4311 quam
2996 4251 3139 4294 cum
3193 4232 3437 4295 viveret
3491 4234 3677 4300 multi

2118 4326 2414 4409 Episcopi
2474 4335 2543 4391 et
2568 4324 2968 4399 cardinales,
3024 4328 3131 4408 qui
3186 4326 3474 4407 spirltum
3532 4329 3672 4414 ejus

2114 4425 2502 4508 probarant,
2532 4422 2776 4505 dignam
2809 4443 2953 4486 esse
2994 4424 3331 4496 dixerunt,
3394 4445 3556 4507 «prae
3609 4428 3676 4490 iu

2116 4520 2346 4583 Album
2378 4525 2726 4583 sanctarum
2775 4517 3101 4601 virginum
3156 4517 3524 4585 referretur.
3571 4507 3676 4588 'Ea

2115 4635 2386 4698 namque
2419 4635 2563 4679 cum
2602 4616 2840 4698 spreti!
2863 4615 3290 4699 amplissimae
3322 4616 3545 4681 domus
3582 4617 3675 4681 di-

2113 4714 2323 4786 vitiis,
2356 4712 2697 4796 relictaque
2723 4713 2928 4777 Patria
2958 4714 3023 4775 in
3050 4713 3431 4778 Monasterio
3478 4714 3674 4794 saneti

2113 4810 2427 4876 vincentii
2455 4810 2734 4876 civitatis
2762 4811 2926 4874 Prati
2952 4812 3017 4872 in
3037 4811 3283 4873 Etruria
3310 4810 3674 4877 institutum

2114 4909 2314 4974 sancti
2345 4908 2651 4975 Dominici
2678 4907 2906 4972 fuisset
2933 4908 3222 4992 amplexa
3245 4950 3266 4983 ,
3297 4906 3454 4971 nihil
3513 4910 3673 4974 anti·

2112 5006 2299 5089 quius
2328 5003 2551 5072 habuit
2572 5051 2593 5079 ‚
2621 5023 2805 5087 quam
2835 5013 2905 5068 ut
2935 5004 3480 5070 mortificationem
3511 5012 3666 5071 Jesu

2114 5120 2367 5182 semper
2394 5102 2458 5166 in
2489 5122 2605 5165 suo
2634 5119 2889 5181 corpore
2917 5099 3369 5165 circumferret.
3401 5101 3668 5167 Pertulit

2114 5218 2186 5264 ea
2215 5198 2472 5280 quidem
2517 5197 2955 5262 acerbissimos
3013 5197 3322 5261 cruciatus
3374 5198 3458 5261 oh
3516 5204 3670 5263 Jesu

2113 5293 2461 5360 servatoris
2487 5312 2767 5358 amorem
2785 5335 2807 5367 ,
2837 5312 2967 5378 quo
2998 5291 3421 5375 maximopere
3447 5291 3671 5379 flagra·

445 5416 524 5480 go
547 5414 629 5460 ex
657 5395 889 5462 ordine
917 5371 1424 5460 Praedic'atom‘m
1459 5403 1590 5459 tam
1618 5391 1853 5461 eximia
1869 5411 1999 5470 mo-
2120 5392 2230 5456 bat
2252 5432 2276 5462 ,
2304 5386 2697 5496 obtinuitque
2716 5429 2739 5463 ,
2765 5394 2836 5490 ut
2861 5386 3348 5484 corona-spinea
3367 5405 3548 5455 suum
3570 5409 3669 5457 ca-
