4442 6300
803 496 913 552 ⁴⁰8

719 653 871 715 ptum
928 646 1027 700 sit.
1079 646 1281 718 Aliqua
1333 646 1669 718 attinguntur
1718 646 2002 703 Benedicti

717 733 874 785 XIV.
909 753 1034 805 erga
1064 737 1335 791 Ecclesias
1365 736 1772 788 Bononiensem
1814 746 1863 790 et
1895 738 2008 789 Au·

719 827 1030 876 contineam
1081 825 1523 888 benevolentiae,
1565 834 1615 877 et
1668 824 2005 877 liberalitatis

716 911 944 978 indicia,
976 932 1033 964 ac
1063 913 1131 966 de
1160 912 1477 966 muneribus
1505 913 1709 967 eisdem
1740 914 2005 967 Ecclesiis

716 1001 929 1051 collatis
945 1039 1301 1054 .......
1331 1028 1340 1037 ·
1339 1039 1929 1057 ...........
1971 1025 2007 1054 2>
2119 1006 2191 1058 33

608 1085 805 1139 Oratio
833 1088 899 1139 ab
930 1087 1214 1142 Advocato
1246 1091 1628 1143 Consisloriali
1682 1088 1862 1143 babila
1902 1110 2004 1161 pro

716 1175 781 1226 Β.
812 1176 989 1229 Fideli
1020 1195 1048 1227 a
1077 1176 1413 1248 Sigmaringa
1417 1214 1930 1234 ..........
1972 1202 2001 1229 a
2054 1180 2190 1234 ibid.

606 1261 801 1314 Oratio
847 1264 1066 1317 alterius
1094 1264 1361 1318 Advocati
1408 1283 1511 1336 pro
1551 1267 1617 1318 B.
1649 1267 1888 1320 Camillo
1936 1268 2006 1322 de

718 1351 886 1403 Lellis
901 1389 1436 1407 ..........
1447 1386 1452 1392 ·
1471 1389 1935 1409 .........
1978 1376 2008 1406 a
2120 1356 2190 1412 ⁴1

610 1438 807 1492 Oratio
854 1440 997 1494 tertii
1044 1441 1312 1494 Advocati
1358 1459 1461 1512 pro
1509 1444 1573 1496 B.
1620 1444 1786 1497 Petro
1832 1446 2007 1515 Bega-

723 1529 833 1581 lato
839 1567 1931 1587 ....................
1974 1556 2004 1583 a
2118 1534 2194 1588 48
2238 1566 2247 1583 ·

610 1617 748 1671 Post
773 1617 905 1671 haec
935 1617 1264 1672 secretarius
1295 1620 1667 1688 Epistularum
1700 1620 1765 1672 ad
1793 1622 2010 1675 Princi-

720 1724 845 1776 pes,
893 1707 1178 1760 pontificis
1225 1710 1452 1762 nomine
1498 1709 1701 1776 edixit,
1740 1711 2003 1764 Divinum

722 1796 985 1848 auxilium
1014 1813 1131 1848 esse
1160 1795 1567 1865 implorandum
1578 1834 1933 1853 .......
1975 1822 2005 1849 a
2120 1800 2189 1855 81

611 1883 960 1953 Indulgentia
989 1901 1017 1934 a
1048 1885 1279 1936 Summo
1305 1884 1578 1938 Pontifice
1605 1903 1860 1940 concessa
1898 1888 2006 1957 lis,

721 1972 817 2043 qni
847 1971 904 2022 in
927 1972 1164 2024 Litaniis
1191 1958 1499 2040 Maioribus
1528 1971 1772 2025 divinum
1804 1973 2013 2043 adjuto·

727 2060 871 2115 rium
904 2075 1006 2128 pro
1036 2058 1178 2110 dicta
1208 2059 1638 2112 canonizatione
1678 2062 2010 2131 peragenda,

724 2165 786 2200 ac
817 2164 918 2216 pro
948 2146 1069 2198 aliis
1097 2146 1508 2201 necessitatibus
1538 2148 1896 2217 implorarent
1922 2188 1936 2202 .
1979 2172 2009 2199 a
2125 2150 2196 2204 52

614 2237 894 2291 monitum
927 2234 995 2287 de
1034 2234 1143 2286 alio
1173 2235 1524 2289 Consistorio
1553 2236 1806 2291 habendo
1848 2256 2012 2308 super

730 2323 1162 2377 canonizatione
1190 2333 1275 2376 etc
1279 2360 1942 2381 .............
1984 2348 2014 2375 ι

619 2413 815 2469 Oratio
846 2412 1109 2465 Advocati
1157 2410 1573 2466 consistorialis
1618 2431 1723 2485 pro
1761 2415 1827 2468 B.
1854 2415 2016 2470 Jose·

731 2501 844 2571 pho
873 2520 899 2553 a
925 2499 1190 2553 Leonissa
1197 2536 1941 2558 ..............
1985 2525 2015 2552 a
2129 2503 2200 2558 M

618 2589 746 2644 Ati·
791 2588 1010 2642 alterius
1049 2585 1314 2639 Advocati
1342 2587 1536 2641 Oratio
1581 2605 1685 2659 pro
1727 2591 1794 2643 B.
1823 2591 2018 2645 catha-

733 2677 851 2731 rina
876 2675 944 2728 de
970 2675 1181 2728 Ricciis
1184 2712 1540 2730 .......
1553 2716 1558 2723 .
1583 2715 1939 2733 .......
1982 2700 2012 2730 a

621 2766 830 2818 lterum
863 2762 1191 2816 secretarius
1218 2762 1539 2817 Litterarum
1571 2766 2017 2834 Apostolicarum

733 2851 799 2905 ad
828 2851 1134 2919 Principes,
1156 2851 1442 2904 pontificis
1469 2853 1695 2907 nomine
1723 2854 1890 2908 edicit
1918 2856 2020 2908 im·

733 2938 1061 3010 plorandum
1090 2955 1208 2992 esse
1234 2938 1481 2993 divinum
1504 2943 1765 2996 auxilinm
1794 2960 1899 3014 pro
1919 2944 2023 2997 ca-

734 3027 1087 3080 nonizatione
1115 3026 1359 3080 facienda
1366 3066 1948 3084 ...........
1991 3051 2022 3080 a

625 3115 942 3186 Exponitur
1001 3113 1288 3185 quomodo
1343 3114 1598 3170 Summus
1649 3117 1910 3172 Pontifex
1961 3117 2020 3171 in

739 3206 990 3258 Castrum
1021 3202 1336 3274 candulphi
1367 3205 1666 3274 secesserit,
1694 3215 1747 3260 et
1777 3205 1913 3277 quid
1942 3205 2022 3260 ibi

740 3292 964 3362 gesserit
972 3325 1546 3347 ...........
1567 3313 1572 3320 ·
1585 3327 1946 3348 .......
1990 3315 2020 3345 a
2137 3293 2211 3348 M

629 3379 927 3436 methodus
956 3378 1214 3432 servanda
1238 3379 1294 3431 in
1335 3379 1711 3450 semipnblicis
1740 3381 2027 3436 consisto-

743 3469 842 3522 riis
874 3477 993 3521 ante
1023 3468 1470 3522 canonizationis
1504 3468 1784 3524 Solemnis
1826 3470 2029 3525 haben·

745 3550 832 3609 «133
855 3592 1948 3612 ....................
1990 3580 2021 3609 a
2072 3559 2209 3615 ibid.

635 3643 1042 3715 Compendium
1083 3644 1268 3709 Vitae,
1297 3643 1606 3712 Virtutum,
1645 3654 1701 3698 et
1737 3646 2032 3700 Miracnlo-

743 3749 894 3796 rum,
924 3749 1023 3785 nec
1049 3747 1160 3782 non
1193 3731 1456 3783 Actorum
1498 3731 1553 3782 in
1586 3735 1758 3784 causa
1788 3733 2026 3785 canoni·

746 3820 979 3873 sationis
1005 3820 1071 3872 B.
1100 3817 1309 3871 Fidelis
1336 3837 1364 3871 a
1394 3818 1744 3888 Sigmaringa.
1771 3856 1785 3871 .
1832 3858 1845 3872 .
1885 3858 1900 3872 .
1940 3857 1955 3872 .
1997 3840 2028 3869 a
2140 3819 2214 3875 88

638 3906 1052 3976 compendium
1097 3906 1287 3969 Vitae,
1324 3904 1604 3956 Virtutum
1652 3914 1707 3958 et
1741 3905 2035 3959 miraculo·

746 4011 899 4059 rum,
944 4001 996 4045 et
1031 3993 1293 4045 Actorum
1345 3991 1401 4043 in
1452 3992 1626 4044 causa
1653 3994 1919 4049 canonis.
1967 3997 2029 4048 B.

750 4079 971 4136 Camilli
1005 4079 1074 4133 de
1097 4080 1267 4132 Lellis
1274 4116 1794 4134 ..........
1828 4082 1922 4135 71.
1962 4081 2031 4135 ad
2142 4083 2214 4137 ’11

640 4168 1050 4240 Compendium
1080 4169 1241 4222 Vitae
1271 4176 1370 4220 etc.
1399 4169 1463 4220 B.
1494 4168 1639 4221 Petri
1668 4169 1910 4240 Regalati
1942 4207 1956 4222 .
1997 4191 2027 4218 a
2142 4172 2219 4225 ’18

640 4256 1053 4329 Compendium
1100 4256 1258 4310 Vitae
1303 4264 1403 4310 etc.
1448 4257 1515 4309 B.
1553 4255 1786 4328 Josephi
1830 4276 1858 4309 a
1895 4258 2034 4312 Leo·

752 4349 901 4400 nisse
921 4367 2033 4401 ....................
2113 4368 2119 4374 ·
2147 4348 2220 4402 88

641 4434 1054 4507 Compendium
1107 4433 1264 4487 Vitae
1314 4441 1416 4488 etc.
1474 4433 1544 4487 B.
1596 4433 1917 4489 catharinae
1968 4433 2038 4490 de

750 4524 959 4579 Ricciis
977 4558 1959 4577 ..................
2004 4544 2033 4572 a
2148 4522 2220 4578 01

593 4663 600 4670 .
638 4610 1007 4669 Denunciatio
1034 4607 1365 4662 consistorii
1401 4608 1748 4679 semipublici
1789 4609 2030 4663 habendi

754 4717 859 4772 pro
914 4697 1344 4752 canonizatione
1386 4697 1452 4748 Β.
1497 4698 1708 4752 Fidelis
1760 4717 1789 4749 a
1829 4699 2037 4766 Sigma-

756 4789 910 4859 ringa
934 4821 1798 4841 ................
1839 4786 1934 4840 97.
1973 4785 2040 4840 ad
2151 4788 2226 4842 08

643 4876 990 4932 Describitur
1017 4874 1175 4941 huius
1204 4872 1539 4927 consistorii
1569 4882 1870 4944 apparatus.
1903 4912 1916 4926 .
1948 4913 1962 4929 .
2005 4897 2035 4924 a

647 4965 931 5021 Allocutio
958 4961 1244 5015 Pontificis
1287 4961 1451 5014 initio
1498 4961 1658 5031 hujus
1699 4962 2040 5017 consisterit

763 5054 895 5104 l'acla
925 5084 1965 5104 ...................
2005 5069 2036 5098 a
2091 5048 2229 5104 ibid.

651 5140 1020 5210 Exponuntur
1045 5134 1296 5205 suffragia
1324 5152 1352 5187 a
1379 5132 1792 5200 cardinalibus,
1821 5135 2048 5190 Archie·

763 5225 1009 5298 piscopis
1060 5222 1360 5294 ceterisque
1398 5222 1746 5277 praesulibus
1797 5223 2006 5277 Latinis
2029 5261 2047 5292 ,

766 5313 989 5370 craecis
1014 5320 1071 5368 et
1086 5309 1463 5367 Orientalibus
1490 5311 1549 5364 in
1569 5309 1677 5365 hoc
1698 5311 2051 5368 Consistorio

2051 500 2443 556 snutts

2409 645 2779 720 praesentibus
2798 650 2901 702 lata
2922 665 3025 720 pro
3047 649 3475 704 canonizatione
3495 649 3563 704 Β.
3589 649 3687 705 Fi·

2406 738 2544 791 delis
2570 758 2597 790 a
2626 737 2963 811 Sigmaringa
2989 776 3462 794 .........
3503 741 3576 792 99
3613 737 3680 791 ad
3755 737 3865 793 1¹7

2294 827 2551 896 Sequitur
2593 825 2873 877 Allocutio
2920 824 3237 892 pontificis,
3276 844 3381 897 qua
3426 827 3683 896 suffragia

2405 913 2832 978 commendavit,
2862 931 2921 965 ac
2958 914 3159 982 jejunia
3187 924 3241 966 et
3266 933 3453 984 preces
3500 915 3563 967 ad
3595 915 3678 967 di·

2405 1005 2589 1056 viuum
2622 1003 3023 1072 implorandum
3052 1003 3232 1055 lumen
3262 1003 3496 1057 indixit.
3538 1042 3554 1058 .
3595 1040 3610 1055 .
3651 1024 3682 1052 a
3762 1005 3869 1058 118

2294 1093 2430 1144 Post
2457 1092 2583 1143 baec
2605 1092 2934 1143 Procurator
2952 1089 3232 1143 Generalis
3252 1096 3511 1144 camerae
3533 1093 3683 1160 Apo-

2402 1182 2625 1233 stolicae
2656 1180 3087 1247 protonotarios,
3120 1179 3355 1248 rogavit,
3394 1188 3452 1231 ut
3477 1181 3684 1233 Instru-

2405 1278 2645 1321 mentum
2682 1266 2751 1321 de
2780 1266 3008 1320 Actibus
3037 1267 3527 1320 consistorialibus
3553 1283 3686 1321 con-

2403 1357 2623 1409 licerent
2630 1390 2984 1408 .......
3027 1372 3042 1387 ·
3084 1391 3607 1409 ..........
3649 1377 3679 1404 a
3730 1351 3867 1409 ίόἕδ.

2294 1444 2610 1514 Responsio
2638 1443 3551 1496 Pro-Decani'Protonotariorum.
3592 1482 3608 1498 .
3651 1466 3679 1491 a
3732 1442 3870 1498 ibid.

2294 1535 2720 1585 instrumentum
2748 1532 2815 1585 de
2842 1531 3072 1584 Actibus
3117 1532 3277 1599 hujus
3323 1532 3486 1601 primi
3528 1534 3688 1586 semi-

2404 1620 2612 1691 publici
2660 1621 2992 1675 consistorii
3045 1638 3074 1672 a
3122 1620 3479 1673 Pro-Decano
3533 1639 3685 1693 roga·

2406 1719 2516 1762 lum
2528 1746 3612 1765 ....................
3654 1732 3684 1759 n
3735 1707 3873 1764 ίόἰᾶ.

2296 1797 2674 1865 Indulgentiae
2718 1805 2771 1851 et
2818 1814 3039 1866 precum
3071 1815 3100 1849 a
3150 1797 3379 1849 Summo
3418 1797 3687 1851 pontifice

2406 1885 2731 1937 indictarum
2763 1884 3131 1954 promulgatio
3170 1904 3199 1938 a
3225 1885 3500 1938 cardinali
3533 1887 3691 1937 Vica-

2410 1973 2494 2025 rio
2526 1974 2688 2037 sacta,
2715 1980 2769 2025 et
2794 1971 3081 2042 quomodo
3096 2009 3617 2027 ..........
3657 1993 3688 2021 a
3767 1970 3872 2027 181

2297 2061 2630 2115 Referuntur
2671 2059 2922 2129 suffragia
2963 2059 3335 2112 cardinalium
3380 2068 3439 2120 et,
3462 2059 3690 2113 Praesu-

2410 2150 2566 2217 lum,
2616 2149 2710 2220 qui
2766 2148 3063 2219 praepediti
3115 2167 3146 2200 a
3199 2148 3562 2201 Consistorio·
3600 2148 3694 2201 ab·

2409 2239 2559 2292 fuere
2565 2273 3135 2291 ...........
3158 2238 3167 2245 ’
3178 2273 3419 2290 .....
3461 2236 3582 2288 122.
3623 2236 3690 2290 ad
3766 2236 3874 2292 ¹3⁰

2128 2326 2197 2380 88
2301 2326 2583 2381 Nonnulla
2624 2325 2933 2379 subduntur
2971 2322 3039 2377 de
3064 2323 3345 2378 Benedicti
3375 2323 3530 2379 XIV.
3558 2324 3696 2378 libe·

2415 2417 2623 2468 ralitate
2654 2433 2775 2484 erga
2800 2413 3085 2466 Basilicam
3113 2412 3485 2466 Liberianam:
3516 2415 3588 2465 Et
3625 2412 3695 2467 de

2414 2504 2646 2556 solemni
2668 2501 3200 2571 Processioiie,quae
3221 2501 3274 2552 in
3298 2500 3434 2554 sesto
3449 2502 3544 2554 SS.
3561 2504 3699 2555 Cor·

2414 2591 2568 2661 poris
2598 2590 2801 2642 christi
2832 2589 2973 2658 apud
2996 2591 3312 2642 Vaticanum
3341 2590 3453 2642 fieri
3479 2591 3632 2643 solet.
3664 2612 3694 2639 a
3772 2589 3880 2644 180

2128 2680 2202 2735 88
2306 2681 2525 2745 Sanctio
2557 2678 2839 2733 Benedicti
2866 2677 3018 2731 XIV.
3045 2677 3112 2732 de
3152 2678 3307 2731 unica
3332 2668 3703 2732 processioni

2417 2767 2558 2838 apud
2587 2768 2910 2819 Vaticanum
2952 2766 3255 2837 peragenda
3280 2767 3338 2820 in
3368 2769 3532 2819 Festo
3562 2768 3701 2819 cor-

2419 2855 2573 2925 poris
2603 2853 2829 2918 Christi,
2857 2854 3069 2907 etiamsi
3100 2854 3205 2907 hoc
3231 2852 3424 2908 festum
3455 2853 3594 2908 Sede
3615 2872 3700 2907 va-

2418 2953 2572 2997 cante
2599 2942 2983 2996 celebrandum
3012 2943 3084 2995 sit
3104 2979 3628 2998 ..........
3669 2962 3700 2990 a

3777 2940 3883 2997 1³8

2134 3029 2207 3085 0³
2311 3028 2578 3085 Schedula
2622 3032 2810 3083 Motus
2856 3030 3070 3099 proprii
3121 3029 3364 3098 ejusdem
3411 3028 3699 3083 Benedicti

2418 3117 2575 3172 XIV.
2606 3117 2673 3172 de
2712 3116 2811 3182 iis,
2850 3116 2944 3188 qui
2974 3117 3152 3171 eidem
3182 3117 3704 3172 processioniinte·

2420 3224 2567 3262 resse
2613 3205 2851 3272 debent,
2895 3197 2950 3259 et
2996 3206 3063 3259 de
3109 3205 3306 3261 ordine
3353 3207 3411 3259 in
3459 3225 3519 3259 ea
3556 3206 3702 3260 ince-

2424 3292 2587 3348 dendi
2596 3329 3629 3347 ...................
3672 3311 3703 3342 a

2315 3381 2534 3436 Sanctio
2560 3378 2842 3434 Benedicti
2882 3378 3037 3432 xw.
3065 3380 3159 3450 qui
3201 3382 3493 3433 nonnullas
3518 3380 3704 3433 Advo-

2424 3469 2555 3522 catis
2609 3467 3101 3521 consistorialibus
3166 3469 3563 3540 praerogativas
3614 3468 3707 3522 de·-

2424 3554 2601 3607 cernit
2607 3590 3633 3609 ...................
3674 3575 3704 3605 a

2316 3644 2605 3695 intimatio
2646 3641 2715 3696 de
2753 3643 2921 3696 altero
2961 3642 3324 3712 semipublico
3353 3644 3708 3697 consistorio

2428 3730 2684 3784 habendo
2715 3748 2817 3800 pro
2846 3730 3274 3783 Canonizatione
3299 3731 3363 3782 Β.
3393 3730 3613 3783 camilli
3643 3730 3712 3785 do

2426 3819 2597 3871 Lellis
2604 3854 3637 3876 ...................
3672 3839 3709 3874 ,υ
3786 3818 3895 3873 188

2318 3905 2601 3958 Allocutio
2654 3904 2977 3973 pontilicis,
3032 3922 3139 3976 qua
3185 3903 3315 3958 huic
3356 3904 3709 3959 consistorio

2432 3991 2654 4044 initium
2688 3989 2870 4043 datum
2899 3998 2981 4043 est
3009 4025 3640 4046 ............
3682 4013 3712 4041 a

2320 4080 2653 4133 Referuntur
2700 4078 2953 4148 suffragia
2999 4078 3402 4142 cardinalium,
3429 4076 3717 4149 Archiepi·

2431 4182 2727 4234 scoporum
2750 4202 2766 4229 ,
2804 4166 3149 4235 aliorumque
3176 4167 3489 4220 Praesutum
3520 4167 3578 4217 in
3607 4166 3716 4220 hoc

2431 4253 2798 4323 semipnblico
2829 4253 3179 4305 consistorio
3214 4270 3314 4322 pro
3345 4255 3609 4306 Canoniz.
3646 4256 3714 4308 B.

3779 3292 3891 3347 188

3781 3552 3911 3610 188

3790 3990 3901 4048 184

2432 4340 2652 4394 camilli
2685 4340 2751 4392 de
2776 4338 2946 4393 Lellis
2950 4374 3465 4395 ..........
3506 4342 3612 4395 188
3648 4340 3714 4394 ad
3792 4343 3903 4398 176

2322 4429 2603 4483 Allocutio
2644 4427 2967 4491 pontilicis,
3005 4445 3111 4495 qua
3162 4426 3265 4478 lata
3318 4428 3571 4500 suffragia
3609 4432 3719 4484 lau-

2510 4518 2628 4581 dat,
2659 4515 2962 4585 iterumque
2989 4532 3176 4583 preces
3205 4514 3401 4567 indicit
3406 4553 3645 4572 .....
3686 4540 3717 4569 a
3794 4520 3907 4577 177

2324 4604 2587 4658 lnstantia
2615 4602 2993 4655 procuratoris
3035 4604 3321 4668 camerae,
3364 4612 3419 4655 ut
3447 4606 3721 4659 Protono-

2434 4694 2554 4746 tarii
2601 4709 2765 4761 super
2802 4691 2887 4742 liis
2915 4691 3068 4743 Actis
3108 4692 3601 4747 consistorialibus
3628 4696 3721 4746 In·

2438 4789 2731 4835 strumenta
2759 4779 3087 4833 conficerent
3091 4815 3645 4837 ...........
3686 4803 3716 4833 a
3766 4781 3903 4839 ibid.

2152 4877 2227 4933 98
2327 4871 2644 4942 Responsio
2690 4868 2892 4922 Dec-nt
2932 4867 3448 4920 Protonotariorum
3500 4870 3720 4923 Par-tici-

2442 4961 2687 5030 pantium
2718 4955 2955 5025 collegii
2961 4993 3645 5011 .............
3685 4979 3716 5007 a
3767 4957 3908 5016 ibid.

2332 5049 2760 5101 Instrumentum
2778 5041 2818 5095 'a
2845 5043 3065 5095 Decano
3091 5043 3607 5098 protonotariorum
3634 5064 3722 5100 ro·

2445 5141 2625 5204 gatnm
2654 5130 2722 5184 de
2750 5129 2988 5183 secundo
3018 5128 3530 5183 laoc'Consistorio.
3570 5170 3588 5185 .
3631 5170 3645 5184 .
3686 5155 3716 5182 a
3766 5131 3910 5191 ibid.

2333 5221 2667 5277 Referuntur
2709 5217 2962 5287 suffragia
3006 5233 3236 5281 eorum,
3280 5217 3377 5288 qui
3419 5217 3598 5272 eidem
3645 5237 3725 5275 se-

2447 5308 2630 5364 cundo
2653 5305 3006 5364 consistorio
3032 5321 3149 5359 non
3173 5304 3476 5361 adsuerunt.
3505 5308 3629 5362 180.
3657 5306 3726 5362 ad
3800 5309 3914 5367 188
