4442 6300
1484 494 1832 562 QUtNQtlt
1897 494 2365 550 sattc'rontjrs
2430 499 2598 553 ιτς.

431 635 740 722 regimine
784 655 900 721 per
946 634 1426 706 ‚inscrutabilem
1485 636 1678 702 divini
1736 636 1988 704 consilii
2098 640 2256 707 timo
2277 642 2418 728 jure
2444 643 2688 707 eisdem
2732 639 3035 725 acquisita
3088 659 3234 706 esse
3289 638 3662 725 dignoscau·

426 734 821 802 altitudinem
847 735 1184 801 humilitati
1215 742 1466 802 nostrae
1495 736 1857 801 concredito
1876 778 1899 810 ,
1926 756 1989 800 a·
2094 745 2239 813 tur,
2269 749 2545 805 attamen
2577 748 2833 824 propter
2861 738 3341 804 remotissimam
3390 735 3661 801 fortasse

426 830 499 896 lii
527 854 640 915 pro
667 832 1003 916 temporali
1025 839 1261 904 nostro,
1285 854 1403 899 seu
1433 834 1642 897 verius
1664 835 1988 900 beatorum
2099 838 2575 903 concessionum
2606 847 3023 911 vetustatem,
3055 837 3315 901 incertis
3340 835 3669 900 videantur

428 932 869 1012 Apostolorum
901 931 1284 996 Patrimonio
1304 931 1825 1005 administrando,
1846 948 1991 996 con·

426 1028 637 1093 silium
694 1038 886 1113 atque
942 1048 1197 1112 operam
1256 1048 1436 1093 suam
1489 1029 1686 1097 Nobis
1741 1029 1996 1095 assidue

428 1134 791 1209 praestant3
821 1126 929 1190 alii
982 1146 1133 1191 vero
1163 1126 1584 1193 Ecclesiarum
1608 1170 1630 1199 ,
1663 1127 1793 1191 sive
1850 1126 1994 1191 Uni·

425 1225 826 1295 versitatum,
881 1232 989 1289 aut
1056 1223 1434 1305 privatarum
1503 1224 1952 1290 controversiis
1971 1268 1993 1298 ,

428 1341 590 1402 quae
620 1321 695 1384 ad
729 1328 999 1385 nostram
1027 1320 1183 1385 banc
1211 1322 1443 1385 Urbem
1474 1329 1541 1384 et
1579 1321 1822 1384 Curiam
1883 1340 1995 1383 un·

428 1417 623 1500 dique
650 1417 1052 1490 deferuntur,
1082 1417 1536 1501 cognoscendis
1591 1426 1780 1499 atque
1838 1417 1996 1502 diju-

430 1516 750 1591 dicandis;
780 1514 887 1579 alii
921 1516 1192 1598 denique
1228 1516 1288 1577 in
1318 1516 1807 1582 concertantium
1845 1516 1997 1599 juri-

427 1614 549 1679 bus
575 1623 642 1680 et
668 1615 874 1679 causis
902 1612 1304 1685 sustinendis,
1342 1613 1740 1680 defensandis
1759 1657 1780 1687 ,
1812 1634 1999 1699 agen-

431 1711 531 1775 dis
554 1753 575 1784 ,
608 1711 935 1776 scientiam
978 1730 1155 1776 suam
1209 1719 1397 1792 atq'ue
1454 1710 1706 1776 labores
1757 1712 1999 1794 impen-

431 1807 622 1884 dunt3
654 1809 902 1890 provida
932 1808 1488 1874 Praedecessorum
1521 1817 1876 1873 nostrorum
1895 1829 1999 1872 cu·

429 1926 497 1971 ra
526 1925 561 1970 a
591 1905 1026 1971 remotissimis
1075 1920 1273 1988 usque
1325 1906 1728 1989 temporibus
1783 1914 1998 1972 extare

426 2003 628 2067 voluit
654 2003 902 2068 illustre
946 2003 1399 2067 Advocatomm
1457 2002 1993 2068 consistorialium

431 2099 784 2184 Collegium
809 2143 828 2172 ,
858 2119 940 2164 ex
968 2098 1304 2180 praeclaris
1336 2098 1757 2183 compositum
1812 2100 2001 2163 virtu-

429 2204 494 2261 te
520 2218 594 2262 ac
622 2199 910 2262 doctrina
938 2196 1128 2269 viris,
1158 2193 1386 2279 quibus
1417 2206 1673 2279 propter
1698 2198 1996 2263 scientiae

426 2294 872 2377 praestantiam
905 2314 977 2359 ac
1004 2312 1210 2357 rerum
1243 2314 1428 2358 usum
1457 2302 1672 2375 atque
1725 2294 1997 2376 pruden-

429 2391 582 2455 tiam
606 2435 628 2464 ,
656 2412 736 2455 ex
766 2390 935 2455 omni
964 2389 1420 2454 Advocatorum
1452 2398 1637 2454 coetu
1687 2389 1998 2463 delectis,

427 2489 747 2574 singulare
768 2489 876 2573 jus
905 2509 979 2553 ac
1007 2487 1405 2571 privilegium
1444 2487 1866 2552 attribuerunt
1893 2510 2001 2572 pe-

427 2588 676 2652 rorandi
705 2606 911 2652 coram
947 2594 1217 2651 &mano
1248 2583 1546 2650 pontifico
1565 2628 1586 2657 ,
1617 2586 1681 2647 in
1711 2606 1999 2670 supremo

428 2686 718 2749 Iustitiae
773 2684 946 2749 Solio
966 2726 989 2759 ,
1045 2683 1441 2748 adstantibus
1510 2686 2000 2752 venerabilibus

433 2785 752 2849 Fratribus
779 2783 910 2848 suis
940 2786 999 2846 S.
1031 2789 1101 2845 R.
1133 2787 1205 2845 Β.
1237 2779 1673 2847 cardinalibus
1703 2781 1997 2847 solemni-

434 2890 533 2947 ter
558 2881 926 2947 considente
953 2906 975 2954 3
1007 2879 1067 2940 in
1098 2897 1278 2943 sarro
1331 2879 1628 2942 nimirum
1687 2881 1998 2945 Consiste·

433 2982 550 3054 rio,
578 2981 642 3043 in
673 2999 800 3063 que
827 2979 1167 3061 pleraeque
1197 2976 1352 3040 olim
1387 2977 1690 3061 gravioris
1719 2998 1997 3042 momen-

430 3079 479 3141 ti
512 3096 739 3142 causae
763 3118 783 3150 ,
816 3074 893 3139 ad
926 3072 1326 3156 Apostolicae
1356 3073 1533 3139 Sedis
1579 3073 1887 3158 judicium
1917 3094 1998 3140 ex

432 3175 596 3242 omni
626 3184 802 3257 parte
830 3173 1076 3238 delatae
1105 3218 1124 3245 ‚
1156 3172 1687 3248 discutiebantur3
1739 3181 1802 3238 et
1853 3172 1995 3255 plu·

431 3294 532 3338 res
559 3273 761 3336 adbuc
788 3271 890 3334 vel
922 3269 1402 3341 examinantur,
1444 3268 1542 3331 vel
1578 3269 1630 3332 si
1685 3267 1835 3334 illae
1893 3290 1998 3333 ex·

427 3379 521 3435 tra
553 3369 1004 3435 consistorium
1035 3368 1307 3452 agitatae
1358 3386 1430 3430 ac
1488 3367 1815 3433 discussae
1863 3367 1996 3450 jam

426 3469 657 3535 (inerint
679 3510 700 3539 ,
725 3468 789 3529 in
841 3466 981 3549 ipso
1008 3472 1220 3529 tamen
1251 3463 1636 3529 consistorio
1695 3462 1997 3528 definiun-

433 3576 535 3631 tur
563 3585 636 3631 ac
667 3563 1099 3627 terminantur.
1131 3561 1308 3636 Quod
1340 3563 1592 3644 quidem
1655 3563 1997 3630 Advocato·

427 3684 569 3729 rum
595 3661 1061 3745 praedictorum
1103 3658 1449 3742 Collegium
1471 3702 1493 3731 ,
1520 3660 1994 3743 singularesque

424 3778 732 3843 personae
760 3756 1148 3821 vertentibus
1178 3755 1354 3820 annis
1378 3756 1583 3822 eidem
1616 3756 1991 3840 adscriptae,

427 3857 795 3921 industriam
817 3859 1006 3936 atque
1027 3872 1280 3934 operam
1302 3872 1480 3918 suam
1501 3853 1797 3938 praefatis
1815 3863 1996 3922 Prae-

425 3954 871 4021 decessoribus
899 3953 1136 4015 nostris
1161 3951 1248 4016 ita
1279 3952 1646 4034 probarunt,
1677 3963 1747 4017 ut
1771 3962 1839 4018 et
1859 3975 1996 4041 gra·

425 4053 829 4118 vissimorum
860 4068 1190 4113 munerum
1209 4092 1232 4122 ,
1260 4070 1422 4131 quae
1461 4049 1540 4113 ad
1596 4051 1990 4117 retinendam

427 4148 807 4215 sanctiorum
834 4146 1211 4226 judiciorum
1243 4145 1660 4230 religionem,
1687 4147 1769 4213 ad
1829 4156 1994 4234 Apo·

427 4246 690 4312 stolicae
719 4243 901 4308 Sedis
924 4244 1060 4327 jura
1087 4244 1318 4308 tuenda
1340 4253 1407 4309 et
1436 4249 1884 4321 conservanda,
1914 4249 1992 4316 ad

428 4344 946 4409 calamitosorum
981 4340 1247 4420 salutem
1276 4349 1343 4405 et
1391 4341 1830 4408 defensionem
1855 4388 1876 4418 ,
1920 4367 1994 4412 ac

427 4439 918 4527 promovendam
938 4439 1107 4503 Juris
1130 4446 1195 4503 et
1216 4439 1518 4503 bonarum
1537 4440 1766 4504 artium
1792 4443 1996 4508 scien-

428 4542 581 4607 tiam
612 4539 991 4620 pertinerent
1018 4577 1046 4610 ,
1073 4538 1390 4619 proprium
1451 4537 1619 4613 sibi,
1670 4548 1866 4622 atque
1927 4546 1996 4607 ut

425 4648 696 4709 vocant,
741 4634 1113 4717 privativum
1171 4634 1541 4699 exercitium
1598 4635 1993 4720 adjudicari3

427 4752 672 4800 necnon
701 4730 1110 4812 amplissimis
1134 4731 1351 4813 gratiis
1371 4773 1392 4804 ,
1422 4731 1764 4816 privilegiis
1799 4742 1992 4818 atque

425 4831 751 4898 favoribus
775 4871 796 4902 ,
841 4828 1111 4911 plurium
1168 4834 1565 4893 summorum
1625 4831 1990 4899 Pontificum

423 4926 838 4993 beneficentia
858 4925 1199 4999 cumulari,
1227 4935 1294 4990 et
1319 4926 1717 4995 cohonestari
1748 4950 1995 4998 merue-

421 5028 569 5092 rint.

551 5129 754 5198 Quum
786 5130 997 5187 autem
1027 5120 1387 5204 hujusmodi
1442 5121 1806 5208 privilegia,
1863 5126 1994 5189 exi·

426 5223 568 5296 miis
596 5223 872 5302 ipsorum
905 5218 1148 5283 meritis
1190 5216 1494 5303 elargita,
1553 5220 1677 5287 alia
1734 5223 1989 5305 quidem

426 5320 569 5384 aliis
598 5316 990 5398 temporibus
1010 5314 1246 5378 indulta
1267 5317 1662 5398 reperiantur
1681 5341 1704 5392 ς
1735 5319 1995 5384 nonnul·

423 5418 486 5482 la
515 5436 668 5482 vero
690 5458 711 5488 ‚
742 5414 894 5479 licet
924 5413 1276 5498 longissimi
1309 5416 1614 5499 temporis
1642 5437 1855 5491 usura,
1885 5437 1993 5501 op-

2104 934 2422 1017 principiis
2451 944 2516 1001 et
2546 936 2900 1020 originibus
2924 934 3134 997 innixa
3158 977 3181 1009 ,
3234 931 3501 997 aliorum
3556 930 3668 995 de·

2102 1030 2293 1113 nique
2322 1052 2502 1097 usum
2535 1040 2600 1096 et
2629 1033 2806 1113 quasi
2834 1030 3301 1114 possessionem
3332 1028 3666 1093 contrariis

2104 1146 2545 1212 nonuunquam
2579 1130 2820 1195 actibus
2850 1127 3256 1193 interturbari
3312 1134 3377 1191 et
3432 1123 3673 1191 labefa-

2105 1228 2266 1290 ctari
2295 1228 2630 1311 contigerit
2656 1252 2677 1301 3
2708 1227 3051 1308 optandum
3084 1223 3371 1307 profecto
3417 1222 3669 1287 videba-

2102 1326 2205 1388 tur
2227 1368 2247 1397 ‚
2278 1332 2347 1388 ut
2375 1324 2549 1388 unica
2579 1322 2913 1404 aliquando
2943 1322 3290 1386 eomndeni
3345 1319 3669 1385 collectio·

2108 1438 2184 1483 ne
2213 1428 2464 1502 peracta
2486 1462 2508 1492 ,
2538 1421 2885 1501 eademque
2944 1417 3294 1483 inviolabili
3355 1415 3670 1499 Apostoli·
3696 1416 3701 1421 ’

2103 1538 2214 1583 eae
2247 1519 2639 1583 auctoritatis
2668 1518 2896 1581 robore
2926 1518 3196 1587 munita,
3226 1523 3289 1579 et
3319 1516 3517 1597 ipsius
3538 1513 3676 1579 Col-

2106 1612 2604 1697 legii-splendori
2635 1634 2709 1679 ac
2729 1604 3040 1697 dignitati,
3070 1621 3136 1677 et
3158 1613 3390 1695 jurium
3422 1633 3503 1675 ex
3520 1620 3675 1677 Pon-

2105 1710 2298 1776 tificia
2329 1711 2715 1779 liberalitate
2764 1710 2971 1776 eidem
3034 1710 3529 1792 competentium
3571 1708 3677 1771 fir·

2107 1809 2316 1873 mitati
2344 1829 2419 1874 ac
2448 1809 2765 1874 securitati
2795 1805 3246 1872 consuleretur.
3274 1812 3400 1870 Nos
3431 1806 3672 1888 itaque,

2106 1906 2213 1988 qui
2241 1926 2611 1971 concessum
2645 1905 2825 1970 nobis
2852 1904 3001 1969 olim
3028 1924 3063 1969 a
3127 1902 3293 1970 felic.
3355 1902 3666 1969 recordat.

2106 2004 2606 2069 Praedecessore
2634 2012 2852 2068 nostro
2882 2002 3212 2068 Clemente
3246 2008 3409 2083 Papa
3450 2008 3554 2064 xl.
3612 2002 3680 2064 in

2112 2101 2340 2166 eodem
2372 2100 2653 2184 collegio
2682 2099 2891 2164 locum
2924 2099 3161 2164 multos
3220 2119 3419 2164 annos
3478 2099 3680 2163 tenui·

2108 2213 2248 2262 mus
2269 2241 2292 2273 ,
2324 2198 2728 2280 eundemque
2755 2198 3026 2280 primum
3058 2197 3245 2262 nobis
3283 2197 3349 2258 iu
3407 2203 3677 2260 Romana

2109 2297 2295 2361 Curia
2325 2296 2582 2360 honoris
2608 2295 2872 2380 gradum
2906 2294 3107 2359 fuisse
3127 2334 3150 2366 ,
3180 2302 3245 2359 et
3287 2292 3563 2358 validum
3594 2290 3678 2357 ad

2114 2392 2321 2457 studia
2352 2391 2733 2472 laboresque
2763 2401 3020 2456 nostros
3049 2391 3114 2453 in
3151 2388 3544 2473 apostolicae
3571 2393 3679 2452 Se·

2111 2489 2213 2554 dis
2241 2488 2550 2571 obsequia
2580 2486 2985 2553 collocandos
3012 2487 3483 2551 incitamentum
3504 2526 3528 2557 ,
3571 2503 3679 2566 ap-

2079 2585 2543 2667 tissimamque
2574 2584 2652 2649 ad
2684 2584 3010 2667 superiora
3030 2603 3289 2648 munera
3308 2590 3373 2648 et
3400 2581 3678 2665 praemia

2107 2682 2509 2765 adipiscenda
2541 2682 2931 2747 occasionem
2981 2681 3266 2747 extitisse
3287 2721 3310 2753 ,
3364 2699 3488 2743 non
3542 2679 3679 2744 sine

2101 2780 2561 2862 judicanditate
2591 2789 2658 2844 et
2685 2778 2844 2862 grati
2872 2779 3060 2843 animi
3094 2797 3279 2843 sensu
3339 2777 3678 2840 nobiscum

2111 2877 2448 2943 recolimus
2472 2918 2493 2949 ‚
2524 2884 2588 2939 et
2619 2875 2821 2960 palam
2865 2873 3272 2957 profitemurz
3335 2878 3486 2938 Cum
3545 2874 3678 2957 jam

2108 2975 2319 3041 eidem
2351 2974 2636 3057 collegio
2679 2972 3014 3055 peculiaria
3073 2972 3380 3054 quaedam
3435 2970 3679 3037 indulta

2107 3083 2172 3139 et
2200 3071 2525 3159 privilegia
2556 3090 2669 3155 per
2699 3071 2859 3137 alias
2889 3079 3137 3136 nostras
3167 3070 3386 3135 literas
3430 3070 3495 3133 in
3551 3068 3680 3134 for·

2111 3193 2212 3236 ma
2242 3173 2461 3236 Brevis
2491 3172 2608 3235 sub
2657 3170 2888 3236 annulo
2945 3170 3283 3235 piscatoris
3345 3169 3676 3251 exp'editas

2110 3272 2381 3354 benigne
2409 3269 2952 3342 concesserimus3
2983 3275 3053 3331 nt
3082 3266 3327 3330 illustre
3357 3288 3431 3332 ac
3459 3285 3679 3348 peren·

2108 3388 2189 3432 ne
2218 3375 2463 3433 extaret
2506 3375 2757 3430 nostrae
2818 3385 2963 3449 erga
3021 3365 3411 3447 praedictum
3470 3363 3676 3429 Colle-

2109 3465 2279 3550 gium
2310 3462 2793 3529 existimationis
2833 3470 2898 3526 et
2961 3459 3438 3527 benevolentiae
3494 3479 3677 3545 argu·

2104 3571 2389 3630 mentum
2412 3607 2434 3636 ,
2463 3562 2688 3626 eadem
2717 3559 2959 3624 indulta
2988 3567 3050 3624 et
3090 3559 3414 3643 privilegia
3474 3567 3604 3623 tum
3634 3578 3675 3624 a

2106 3661 2295 3727 nobis
2315 3704 2335 3734 ,
2364 3667 2435 3724 ut
2465 3658 2820 3744 praefertur
2846 3659 3105 3732 tributa,
3134 3677 3323 3740 quam
3350 3655 3500 3729 alia,
3518 3675 3673 3738 quo-

2107 3781 2247 3825 rum
2287 3759 2730 3825 concessiones
2787 3757 3055 3823 diversis
3110 3757 3669 3821 praedecessorum

2104 3866 2465 3923 nostrorum
2522 3855 2724 3920 literis
2781 3856 3182 3940 consignatae
3239 3853 3670 3934 reperiuntur,

2104 3954 2203 4024 vel
2235 3975 2399 4038 quae
2427 3975 2508 4018 ex
2537 3954 2884 4019 inveterata
2902 3950 3353 4018 consuetudine
3381 3949 3501 4031 ipsi
3529 3949 3669 4013 Col·

2103 4052 2279 4138 legio
2309 4057 2672 4133 competere
2700 4050 3191 4134 dignoscuntur,
3222 4047 3287 4109 in
3336 4067 3530 4111 unum
3560 4067 3668 4111 ve-

2103 4150 2217 4214 luti
2252 4168 2483 4230 corpus
2512 4148 2803 4231 redigere
2829 4189 2850 4220 ‚
2881 4165 3084 4228 eaque
3110 4145 3323 4210 omnia
3355 4144 3670 4227 Apostolio

2103 4268 2176 4313 ca
2205 4257 2421 4312 nostra
2450 4246 2829 4338 auctoritate
2857 4243 3105 4308 firmata
3133 4250 3199 4306 et
3228 4242 3553 4315 roborata,
3582 4248 3675 4306 at-

2104 4366 2231 4430 que
2260 4346 2448 4411 etiarn
2474 4387 2495 4417 ,
2526 4342 2731 4409 sicubi
2760 4362 2918 4424 opus
2946 4340 3086 4413 fuit,
3117 4338 3433 4407 declarata
3462 4347 3525 4405 et
3545 4359 3674 4405 am·

2101 4444 2293 4526 pliata
2314 4485 2335 4516 ,
2366 4441 2803 4524 praesentibus
2834 4438 3064 4506 nostris
3094 4437 3304 4504 literis
3362 4445 3670 4520 perpetuo

2102 4539 2390 4609 valituris
2413 4538 2948 4622 comprehendere
2979 4535 3445 4601 constituimus.
3477 4536 3672 4619 Igitur

2103 4637 2373 4704 dilectos
2404 4635 2566 4700 tilios
2595 4634 2932 4700 modernos
2958 4634 3156 4701 Aulae
3202 4641 3455 4698 nostrae
3511 4637 3670 4697 Con·

2104 4733 2443 4801 sistorialis
2472 4732 2868 4806 advocatos,
2915 4751 3267 4814 corumque
3321 4729 3669 4813 Collegium

2103 4832 2495 4918 praedictum
2527 4829 2855 4911 amplioris
2885 4829 3124 4914 gratiae
3182 4826 3397 4893 favore
3456 4846 3671 4909 prose-

2103 4932 2214 5015 qui
2249 4927 2578 5001 volentes,
2608 4937 2677 4993 et
2704 4948 2740 4993 a
2798 4927 3124 5010 quibusvis
3172 4925 3669 4991 excommunica·

2107 5029 2301 5096 tionis
2320 5070 2343 5102 ,
2371 5026 2805 5108 suspensionis
2864 5031 2932 5090 et
2988 5023 3345 5097 interdicti,
3404 5023 3670 5106 aliisque

2105 5122 2570 5191 Ecclesiasticis
2596 5120 2924 5186 sententiis
2951 5130 3019 5187 et
3044 5120 3264 5204 poenis
3292 5142 3327 5185 a
3350 5119 3492 5204 jure
3512 5164 3535 5194 ‚
3564 5120 3667 5185 vel

2107 5225 2188 5288 ab
2219 5220 2476 5287 bomine
2507 5219 2728 5302 quavis
2757 5218 3087 5285 occasione
3117 5217 3218 5282 vel
3251 5239 3438 5283 causa
3485 5217 3627 5283 latis
3647 5262 3670 5292 ,

2108 5320 2164 5383 si
2191 5318 2427 5401 quibus
2475 5315 2954 5399 quomodolibet
3006 5315 3291 5380 innodati
3352 5316 3673 5390 existunt,

2107 5415 2184 5482 ad
2215 5415 2510 5480 effectum
2541 5411 2965 5495 praesentium
3000 5418 3243 5476 tantum
3286 5431 3674 5496 consequen·
