4442 6300
945 518 1018 570 2⁶
1926 522 1998 571 Α(
2030 523 2127 573 ΤΛ
2170 527 2213 572 ι
2222 523 2829 579 ANOM'LA'UOMS

761 664 1031 737 meritis
1085 662 1541 751 cumulatus,
1577 682 1652 737 et
1690 671 2019 768 emporis
2053 672 2158 741 sui
2205 670 2501 745 vinculis
2535 620 2924 747 dissolutus
2979 677 3048 747 in
3104 674 3401 748 Caelum
3439 675 3788 767 evolavit,
3825 704 3976 782 quo

760 797 1093 883 tempoie
1134 808 1215 854 ea
1259 785 1455 885 sigua
1491 785 1963 885 contigerunt
1991 838 2013 874 ,
2062 788 2333 887 quibus
2370 792 2561 863 Deus
2601 794 2983 892 pretiosam
3023 791 3380 893 justorum
3437 813 3744 869 mortem
3797 798 3978 899 pio-'-

751 901 954 1002 sequi
995 924 1077 970 ac
1116 898 1493 981 ‹leclaraie
1542 903 2356 977 consuevit.Mi1acula
2377 934 2696 1008 quoque
2731 910 3175 1011 subsequuta
3212 928 3385 985 sunt
3423 911 3637 1014 plene
3671 913 3978 991 discussa
4097 913 4110 923 ’

751 1035 830 1091 et
862 1017 1317 1207 appii-chata.
1380 1017 1625 1092 Placet
1678 1046 1770 1092 ne
1813 1023 2035 1122 igitur
2074 1022 2348 1113 Vobis,
2402 1041 2484 1097 ut
2515 1025 2607 1101 ad
2667 1025 2881 1127 hujus
2916 1030 3120 1103 Beati
3155 1031 3792 1106 Canonizationem
3837 1037 3975 1105 rite

756 1159 979 1239 proce
1036 1136 1300 1208 amus?

880 1381 997 1444 Hic
1041 1402 1295 1462 quoque
1340 1382 1700 1447 cardinales
1743 1383 2069 1456 dixerunt,
2116 1390 2446 1459 Ptacss‘r,
2490 1387 2716 1470 quibus
2763 1388 2908 1454 inde
2940 1391 3397 1456 sanctissimus
3434 1394 3725 1459 numicius
3757 1400 3988 1459 Noster

746 1478 895 1542 haec
945 1477 1069 1542 alia
1114 1478 1522 1574 deliberanda
1569 1482 1933 1562 proposuit:
2577 1472 2586 1479 ’

901 1704 1262 1798 Quintum
1299 1736 1381 1783 ac
1422 1708 1753 1783 ultimum
1810 1709 2051 1786 locum
2090 1726 2297 1785 tenet
2348 1711 2572 1789 Causa
2625 1714 2902 1807 beatae·
2935 1718 3368 1805 catharinae
3413 1716 3513 1807 de
3573 1721 3828 1792 Ricciis
3883 1746 3973 1795 ex

748 1824 1031 1897 Ordine
1075 1828 1545 1900 Dominicano
1581 1827 1675 1902 de
1729 1827 2042 1902 Ecclesia
2097 1827 2283 1901 adeo
2338 1829 2797 1906 benemerito
2858 1849 3013 1907 tum
3069 1833 3171 1908 ob
3233 1838 3423 1910 viros
3477 1851 3633 1908 tum
3670 1835 3769 1909 ob
3804 1862 3972 1913 mu-

746 1937 960 2016 lieres
1009 1941 1239 2045 gloria
1299 1944 1715 2019 sanctitatis
1776 1944 2341 2037 celeberrimam,
2403 1976 2590 2049 quae
2651 1949 2980 2024 eundem
3037 1950 3387 2026 Ordinem
3460 1944 3917 2027 illustrarunt
3955 2006 3975 2027 .

746 2058 816 2131 S
804 2063 928 2131 ntis
963 2063 1050 2133 sit
1090 2063 1227 2134 hoc
1264 2060 1428 2137 loco
1472 2089 1852 2137 recensete
1892 2064 2355 2137 Catharinam
2386 2065 2830 2157 senensem,
2865 2070 3122 2149 Rosam
3156 2070 3522 2141 Limanam
3555 2072 3970 2171 ‚Agnetem

744 2203 831 2251 ex
869 2179 1073 2252 Urbe
1132 2176 1781 2283 Mmtispolitiani,
1814 2208 2007 2284 quae
2060 2179 2360 2283 solemni
2401 2184 2979 2265 canonizationis
3021 2188 3172 2257 ritu
3225 2188 3299 2258 in
3337 2213 3458 2258 nu.
3471 2214 3728 2259 uenum
3779 2185 3968 2258 San·

748 2310 1030 2368 ctaium
1073 2294 1341 2370 relatae
1396 2297 1748 2388 fuerunt3
1803 2298 2118 2400 reliquas
2152 2274 2404 2407 plures
2439 2304 2885 2389 omittimus,
2936 2329 3127 2405 quae
3176 2303 3275 2376 ob
3313 2307 3671 2379 rationem
3732 2300 3978 2376 cultus

757 2410 1345 2487 immemorabilis
1380 2414 1721 2487 obtinent
1769 2414 2045 2488 cultum
2088 2413 2295 2490 Sedis
2343 2417 2803 2520 Apostolicae
2839 2422 3281 2494 auctoritate
3316 2420 3909 2523 comptobatum.

899 2532 1312 2608 Florentiae
1351 2548 1516 2606 nata
1554 2552 1662 2609 est
1714 2534 2105 2631 Catharina
2169 2562 2256 2611 ex
2310 2534 2539 2611 nobili
2591 2562 2866 2639 genere
2928 2538 3276 2610 Parentes
3330 2537 3589 2611 habuit
3650 2540 3955 2611 Petrum

743 2651 1206 2724 Franciscum
1243 2649 1335 2725 de
1371 2653 1629 2726 Ricciis
1658 2709 1680 2742 ‚
1733 2670 1809 2725 et
1861 2652 2330 2728 Catharinam
2383 2651 2478 2727 de
2528 2654 2912 2727 Panzano.
2948 2652 3066 2729 Ab
3121 2656 3424 2737 ineunte
3485 2653 3972 2731 adolescentia

745 2768 1046 2867 futurae
1086 2766 1496 2843 Sanctitatis
1546 2760 1806 2871 indicia
1846 2797 1999 2845 non
2037 2772 2345 2845 obscura
2386 2771 2730 2874 praebuit
2758 2823 2780 2844 .
2831 2772 3132 2844 Pratum
3171 2772 3560 2845 Hetruriae
3596 2773 3978 2848 Civitatem

743 2883 1055 2960 adducta
1100 2884 1309 2989 (quo
1368 2890 1710 2962 Parentes
1748 2890 2236 2963 rusticationis
2271 2893 2501 2990 gratia
2537 2915 2613 2963 se
2648 2886 3173 2990 contulerant)
3208 2906 3286 2963 et
3321 2889 3632 2993 ingressa
3660 2892 3974 2965 Domum

745 3002 1430 3079 Monialium-sancti
1472 3007 1876 3103 Vincentii,
1929 3008 2195 3083 eodem·
2233 3021 2630 3105 momento.
2669 3008 3015 3108 temporis
3075 3009 3453 3090 constituit
3519 3010 3593 3078 in
3656 3032 3747 3080 eo
3808 3005 3976 3082 loco

747 3126 935 3199 vitae
1000 3151 1172 3200 suae
1224 3126 1872 3229 cursumexigwe
1904 3184 1924 3216 ,
1987 3129 2312 3228 quamvis
2377 3123 2450 3197 id
2519 3126 2883 3226 ingratum
2946 3122 3476 3227 molestumque
3539 3125 3981 3203 Parentibus

743 3257 975 3329 esset,
1028 3244 1156 3343 qui
1193 3239 1387 3314 illam
1428 3248 1693 3346 nuptui
1735 3244 1910 3317 dare
1950 3271 2038 3345 pi
2041 3256 2511 3344 oposuerant.

902 3358 1214 3432 Tantam
1250 3359 1661 3436 Sanctitati's
1697 3360 1956 3435 famam
1995 3360 2203 3435 brevi
2243 3373 2625 3459 assequuta
2661 3373 2770 3432 est
2806 3357 2906 3431 ob
2943 3354 3134 3431 dona
3172 3359 3565 3461 praecipue
3596 3356 3923 3433 caelestia
3951 3411 3973 3447 ,

746 3473 1015 3577 quibus
1065 3474 1505 3580 plerumque
1556 3480 1753 3552 Deus
1804 3480 2075 3554 animas
2117 3477 2249 3550 sibi
2301 3474 2671 3552 devinctas
2721 3491 2798 3548 et
2848 3475 3287 3549 charissimas
3337 3500 3693 3549 exoinare
3745 3473 3978 3564 solet,
4061 3489 4066 3496 ’

747 3618 1014 3698 nempe
1052 3595 1151 3668 ob
1195 3593 1624 3697 frequentes
1660 3611 2008 3684 ecstaseS‚
2048 3598 2309 3696 mentis
2343 3591 2865 3682 alienatione3‚
2907 3594 3282 3682 vaticinia,
3317 3591 3653 3670 cordium
3684 3618 3977 3670 arcanas

745 3714 1232 3785 scrutationes
1256 3765 1277 3800 ,
1329 3728 1404 3784 et
1444 3709 1860 3810 hujusmodi
1921 3687 2163 3787 divina
2216 3738 2524 3785 munera
2553 3765 2575 3800 ‚
2611 3727 2701 3783 ut
2734 3708 3105 3784 Praesides
3137 3709 3671 3805 Ecclesiasticos
3704 3713 3976 3783 excita-

751 3828 940 3906 verit
986 3827 1076 3900 ad
1130 3825 1704 3929 investigandum
1740 3825 2150 3930 'diligenter
2179 3882 2201 3918 ,
2235 3846 2488 3906 utrum
2527 3826 2825 3930 angelus
2861 3811 3338 3906 tenebrarum
3367 3823 3531 3928 (uti
3571 3851 3724 3899 non
3761 3823 3980 3899 semel

751 3943 1067 4048 accidit)
1122 3935 1380 4046 Angeli
1434 3946 1650 4020 Lucis
1699 3948 2013 4047 speciem
2078 3943 2172 4020 ad
2232 3973 2390 4019 eam
2450 3937 2823 4047 Virginem
2884 3942 3390 4046 decipiendam
3449 3946 3979 4045 assumpsisset·

752 4061 1022 4134 Omissa
1076 4059 1380 4134 facimus
1427 4062 1923 4164 experimenta
1952 4117 1973 4154 ,
2024 4061 2294 4165 quibus
2334 4079 2511 4136 tunc
2557 4064 2657 4134 usi
2696 4077 2867 4135 sunt
2903 4059 3201 4135 Ordinis
3228 4062 3681 4134 Dominicani
3717 4060 3977 4136 Theo-
4063 4101 4074 4108 -

757 4176 899 4280 logi
936 4195 1014 4253 et
1052 4177 1239 4252 illius
1289 4179 1715 4260 Monasterii
1754 4178 2288 4270 ProvincialeS,
2339 4196 2425 4253 ut
2461 4182 2659 4253 omni
2696 4180 2971 4252 erroris
3021 4176 3221 4250 nube
3257 4175 3563 4252 discussa
3605 4179 3980 4251 veritatem

750 4313 1270 4398 agnoscerent,
1322 4293 1528 4398 cujus
1579 4298 1963 4370 certissima
2002 4295 2268 4370 indicia
2302 4294 2997 4400 deprehenderant;
3039 4293 3351 4397 ideoque
3399 4297 3635 4367 testati
3673 4311 3845 4368 sunt
3881 4321 3970 4368 eu

755 4399 1189 4487 Catharinae
1243 4411 1435 4488 dona
1488 4440 1641 4488 non
1692 4416 2143 4490 Daemonum
2181 4413 2615 4500 fraudibus,
2666 4439 2909 4515 neque
2963 4428 3282 4498 naturae
3321 4413 3680 4514 portentis
3729 4411 3977 4484 tribu-

753 4529 988 4620 enda,
1040 4528 1167 4604 sed
1202 4528 1555 4604 caelitus
1538 4532 1833 4604 immissa
1886 4529 1976 4604 ad
2014 4528 2170 4630 ejus
2220 4533 2529 4605 animam
2587 4529 3105 4604 exornandam.
3160 4526 3561 4628 Cardinalis
3609 4527 3984 4602 Robertus

754 4648 1062 4721 Puccius
1095 4649 1543 4723 Pistoriensis
1594 4649 2001 4752 Episcopus
2030 4648 2227 4750 jussu
2278 4647 2482 4723 Pauli
2538 4650 2664 4721 III.
2708 4646 3077 4742 Pontificis
3125 4643 3566 4720 Florentiam
3601 4670 3676 4718 se
3713 4661 3985 4742 eontu-

756 4760 841 4836 lit
890 4790 1081 4854 cum¹
1114 4762 1446 4867 pluribus
1481 4763 1629 4838 aliis
1663 4767 2039 4868 Episcopis
2092 4764 2527 4869 prudentiae
2564 4762 3093 4864 doctrinaeque
3131 4759 3344 4836 laude
3404 4762 3931 4865 praestantibus
3965 4817 3984 4852 ‚

761 4898 836 4955 et
866 4899 1030 4986 post
1065 4900 1481 4956 accuratum
1520 4908 1820 4986 examen
1856 4909 2318 4985 summopere
2358 4884 2701 4987 probavit
2757 4884 2939 4958 vitae
2974 4880 3446 4953 Sanctitatem
3485 4896 3561 4953 et
3596 4878 3980 4954 caelestem

761 4997 1130 5074 donorum
1165 5018 1498 5072 naturam
1553 5016 1631 5071 et
1683 4997 2228 5088 conditionem,
2278 5001 2545 5101 quibus
2579 4998 2964 5073 Catharina
3001 4997 3096 5070 ab
3129 4997 3468 5070 omnibus
3515 4995 3986 5071 commenda-

766 5117 1035 5191 batur.
1089 5118 1176 5190 In
1236 5115 1488 5190 eadem
1563 5117 1918 5188 sententia
1985 5113 2297 5189 fuerunt
2360 5113 2779 5192 Cardinales
2828 5115 3185 5188 Cervinus
3236 5128 3313 5185 et
3372 5111 3796 5202 Mediceus,
3853 5114 3986 5213 qui

768 5232 1031 5310 deiude
1069 5234 1341 5307 Summi
1398 5230 1784 5307 Pontifices
1806 5209 2008 5306 facti
2062 5250 2287 5324 sunt,
2337 5261 2658 5337 quorum
2698 5234 2974 5335 primus
3009 5226 3396 5332 Marcellus
3433 5231 3580 5320 IL,
3610 5225 3798 5303 alter
3834 5232 3988 5304 Leo

773 5352 906 5424 XI.
970 5352 1373 5454 nuncupati
1428 5347 1787 5422 fuer.unt
1842 5349 2221 5424 Postremo
2283 5350 2609 5440 accedit,
2680 5346 2886 5451 quod
2951 5348 3026 5420 in
3090 5345 3316 5418 Causa
3380 5350 3604 5422 sancti
3669 5345 3987 5450 Philippi

771 5469 973 5546 Nerii
1010 5465 1587 5544 demonstratum
1622 5482 1772 5557 est,
1828 5467 2066 5573 ipsum·
2094 5464 2410 5572 quadam
2439 5407 2702 5568 ,meritis
2752 5463 3183 5562 alienatione
3245 5461 3590 5558 divinitus
3637 5466 3938 5539 immissa
3964 5518 3987 5554 ‚
