4442 6300
3536 480 3610 524 ΙΧ

564 647 953 748 Principes
976 640 1192 717 nullis
1222 628 1539 741 unquam
1575 660 1976 739 pepercere
2015 638 2372 736 impensis,
2397 652 2486 709 ut
2511 622 3029 736 superstitiosas
3059 634 3374 733 primum
3403 633 3771 733 Europae,

565 778 833 854 deinde
890 778 1181 851 Africae
1212 830 1233 866 ,
1292 770 1665 845 Indiarum
1700 823 1720 859 ‚
1768 786 1993 871 atque
2032 766 2416 842 Americae'
2451 769 2778 840 nationes
2837 765 3245 839 suavissimo
3297 761 3563 835 Christi
3601 759 3776 862 jugo

563 910 1031 1014 subjicerent.

719 1045 1242 1117 Verumtamen
1278 1063 1445 1111 cum
1484 1032 1978 1139 amplissimam
2014 1032 2203 1108 illam
2241 1036 2671 1109 anusstm
2729 1034 2940 1135 Regis
3000 1026 3554 1133 appellationem
3616 1030 3778 1100 Ma·-

566 1175 756 1277 jores
805 1175 951 1247 Tui
994 1173 1310 1247 universi
1356 1195 1487 1243 suo
1547 1166 1865 1270 quodam
1912 1166 2131 1241 modo
2179 1164 2342 1266 jure
2389 1166 2519 1239 sibi
2567 1162 2937 1270 postulare
2997 1177 3336 1266 possent,
3398 1162 3521 1233 Tu
3580 1159 3778 1234 fuisti

572 1332 759 1379 uuus
787 1361 807 1393 ‚
853 1308 981 1407 qui
1022 1301 1327 1401 eandem
1380 1302 1659 1404 primus
1704 1302 1783 1371 in
1833 1295 2170 1375 familiam
2219 1302 2453 1373 Tuam
2486 1354 2507 1390 ,
2545 1300 2941 1400 Tuumque
2977 1299 3311 1398 Regnum
3347 1294 3774 1381 inveheres3

571 1437 775 1541 quod
822 1455 1024 1511 certe
1072 1435 1322 1511 divino
1367 1430 1664 1506 consilio
1700 1430 2030 1505 accidisse
2066 1430 2517 1505 credendum
2557 1446 2707 1518 est3
2744 1442 3142 1532 propterea
3179 1425 3380 1528 quod
3418 1440 3620 1499 tanta
3667 1440 3777 1498 est

576 1577 651 1645 in
692 1573 805 1645 Te
840 1574 1194 1647 virtutum
1233 1567 1555 1641 omnium
1593 1563 1998 1668 complexio
2020 1619 2038 1654 ‚
2081 1581 2166 1635 ut
2201 1590 2355 1637 non
2391 1562 2611 1637 modo
2646 1566 3052 1637 universam
3076 1558 3436 1659 Major-um
3474 1544 3776 1662 gloriam

576 1730 768 1777 unus
827 1726 1252 1804 exaequasse
1282 1755 1301 1789 ,
1338 1724 1591 1771 verum
1630 1700 1845 1770 etiam
1873 1695 2087 1799 longe
2116 1722 2485 1799 superasse
2543 1693 2908 1797 judiceris.
2968 1696 3105 1768 Illi
3142 1695 3407 1767 debent
3467 1690 3793 1791 tempori

567 1837 775 1941 qnod
812 1839 916 1909 Te
946 1842 1492 1935 praecesserint
1518 1859 1545 1918 ;
1601 1833 1718 1903 Tu
1758 1831 1926 1904 Tibi
1972 1830 2178 1931 quod
2207 1858 2336 1906 eos
2359 1831 2972 1932 praedecessores
3027 1855 3331 1929 superes
3363 1824 3510 1927 (τὴς
3548 1848 3778 1900 unum

564 1996 747 2042 vero
781 1992 1039 2043 eorum
1069 1967 1393 2064 gloriam
1428 1962 1676 2036 reddit
1714 1963 2397 2060 incomparabilem,
2437 1988 2693 2062 nempe
2737 1963 2840 2034 Te
2875 1968 3222 2059 genuisse
3240 1989 3266 2047 ,·
3302 1957 3498 2030 hanc·
3526 1974 3776 2030 tamen

565 2129 616 2174 a
660 2103 764 2173 Te
800 2095 1512 2197 accepere5sacmm-
1549 2111 1657 2169 est
1696 2104 1889 2168 enim
1924 2112 2010 2168 ut
2048 2122 2302 2169 eorum
2337 2101 2733 2193 sanguinis
2769 2092 3033 2166 haeres
3065 2116 3190 2166 vos
3229 2118 3521 2194 quoque
3564 2091 3776 2164 Tuae

562 2235 859 2332 gloriae
924 2227 1288 2306 haer-edes
1324 2225 1658 2325 efficeres
1687 2285 1701 2299 .
1763 2230 1982 2325 Ergo
2030 2229 2313 2325 Regum
2348 2231 2617 2326 optime
2646 2279 2665 2313 ,
2705 2242 2790 2298 ut
2824 2224 2922 2296 ab
2959 2225 3113 2297 illis
3153 2223 3435 2323 adepta
3471 2237 3547 2295 et
3578 2247 3629 2292 a
3671 2223 3777 2295 Te

564 2360 837 2436 addita
902 2389 1043 2460 per
1081 2362 1186 2433 Te
1200 2359 1362 2454 fiat
1421 2364 1871 2457 sempiterna
1898 2413 1923 2445 ,
1980 2366 2238 2457 accipe
2301 2384 2514 2456 quem
2551 2382 2940 2430 sacramus
2981 2356 3253 2429 librum
3309 2352 3421 2456 (b)
3449 2406 3468 2425 .
3504 2354 3775 2454 Accipe

572 2494 737 2568 Divi
785 2493 987 2566 Petri
1034 2487 1240 2562 Miles
1286 2489 1467 2562 Acta
1506 2513 1762 2560 rerum
1789 2490 1865 2561 in
1913 2489 2260 2560 Vaticano
2298 2485 2610 2587 Templo
2647 2503 3008 2589 gestarum
3039 2542 3059 2573 ‚
3096 2486 3362 2588 quibus
3395 2482 3574 2557 nihil
3621 2506 3788 2558 san-

572 2626 760 2697 ctius
789 2677 810 2712 ,
877 2620 1054 2695 nihil
1116 2609 1369 2719 majori
1435 2617 1887 2692 solemnitate
1942 2617 2406 2707 celebratur3
2471 2621 2744 2722 accipe,
2781 2618 3357 2692 obedientissime
3415 2615 3775 2691 Ecclesiae

578 2726 743 2844 Fili,
779 2753 1340 2855 descriptionem
1379 2750 1772 2841 honorum,
1804 2776 1991 2851 quos
2025 2747 2338 2823 Ecclesia
2375 2749 2682 2823 militans
2717 2774 2959 2853 nuper
3003 2751 3487 2852 triumphanti
3517 2744 3730 2824 solvit
3755 2803 3774 2822 .

573 2886 866 2987 Accipe,
900 2885 1350 2957 anssmssmss
1378 2883 1560 2969 Rex,
1596 2879 1870 2953 donum
1900 2880 1991 2953 ab
2012 2879 2298 2990 eodem,
2325 2887 2450 2986 qui
2486 2885 2600 2956 Te
2634 2881 3169 2986 perhonorifica
3205 2881 3613 2982 hujusmodi
3641 2910 3776 2984 ap-

566 3012 957 3118 pellatione
984 3014 1370 3115 insignivit,
1402 3013 1900 3083 transmissum.
1931 3009 2368 3085 Praedicent
2404 3013 2517 3087 alii
2544 3032 2823 3088 veteres
2850 3016 3143 3115 Imperii
3182 3016 3504 3087 Lusitani
3535 3012 3712 3087 fines
3735 3043 3776 3087 a

570 3150 684 3221 Te
723 3145 1035 3221 feliciter
1083 3143 1487 3250 productos
1510 3202 1535 3234 ,
1592 3170 1780 3219 nova
1815 3160 2229 3216 exterarum
2265 3147 2589 3247 gentium
2619 3138 3046 3220 commercia
3082 3144 3509 3250 Ulyssipone
3567 3149 3774 3220 insti-

575 3295 733 3349 tuta
762 3332 782 3366 ‚
810 3304 1060 3379 pacem
1114 3277 1186 3349 in
1224 3275 1393 3347 Tuo
1432 3300 1659 3376 regno
1688 3273 1955 3348 medias
1992 3277 2189 3345 inter
2231 3281 2554 3350 omnium
2593 3277 2823 3351 ferme
2850 3280 3129 3381 Regum
3165 3277 3558 3352 simultates
3592 3305 3777 3354 con-

566 3426 916 3485 servatam
943 3463 965 3499 ,
1003 3410 1334 3485 victorias
1383 3410 1457 3479 in
1493 3423 1822 3479 extremo
1860 3406 2162 3478 Oriente
2222 3435 2464 3512 nuper
2505 3427 2745 3513 partas
2774 3466 2793 3500 ,
2828 3408 3413 3512 majestatemque
3452 3412 3596 3483 Tui
3634 3438 3776 3484 no·-

579 3543 785 3614 minis
820 3555 979 3613 toto
1039 3556 1404 3612 terrarum
1444 3538 1626 3610 orbe
1682 3536 2035 3610 diffusam.
2076 3539 2221 3624 Nos
2253 3540 2892 3645 praeclarissimum
2942 3543 3377 3616 Fmsussmi
3414 3553 3493 3616 in
3530 3547 3772 3619 Domo

571 3642 723 3747 ,bei
756 3670 1050 3745 titulum
1081 3728 1102 3762 ,
1149 3671 1388 3774 Moysi
1429 3698 1467 3742 a
1507 3672 1667 3744 Deo
1704 3669 1870 3744 olim
1904 3698 2319 3747 concessum
2351 3730 2371 3764 ,
2409 3700 2608 3748 nunc
2670 3673 2837 3747 Tibi
2873 3703 2914 3747 a
2951 3674 3215 3747 Christi
3250 3676 3536 3748 Vicario
3572 3699 3776 3750 com-

563 3809 1012 3877 municatum
1049 3858 1070 3894 ,
1101 3802 1431 3876 crebrius
1466 3805 1541 3875 in
1580 3805 1689 3875 Te
1727 3800 2089 3878 laudando
2125 3804 2617 3909 libentiusque
2651 3808 3172 3911 usurpabimus.
3212 3805 3339 3879 Illa
3378 3809 3568 3879 enim
3605 3808 3772 3881 Tibi

567 3940 976 4012 communia
1026 3962 1193 4009 cum
1253 3934 1592 4038 pluribus
1652 3936 1968 4039 Regibus
2026 3952 2242 4026 sunt3
2306 3940 2441 4011 Hic
2478 3939 2684 4011 Tuus
2719 3939 2935 4011 unice
2973 3954 3100 4010 est.
3139 3935 3447 4010 Illorum
3486 3955 3769 4040 partem

568 4069 873 4144 fortuna
934 4068 1067 4142 sibi
1103 4066 1485 4156 vendicat3
1553 4070 1639 4140 In
1697 4067 1912 4168 hujus
1968 4073 2384 4145 societatem
2416 4096 2630 4143 nemo
2667 4095 2738 4143 se
2779 4068 3134 4142 admiscet.
3171 4071 3282 4141 Ex
3316 4067 3449 4141 illis
3495 4066 3771 4171 aliquid

567 4200 868 4275 fortasse
916 4203 1261 4303 temporis
1308 4201 1689 4274 imminuet
1742 4199 2049 4303 injuria3
2089 4204 2198 4278 De
2235 4201 2379 4274 hoc
2416 4200 2613 4274 nulla
2663 4228 2983 4303 unquam
3027 4201 3411 4304 posteritas
3444 4196 3772 4278 contice-

561 4352 732 4407 scet.
768 4337 1016 4435 Atque
1054 4349 1137 4404 ut
1185 4331 1277 4405 ab
1312 4358 1403 4405 eo
1437 4334 1881 4434 potissimum
1920 4333 2170 4408 ordiar
2199 4389 2221 4425 ,
2266 4332 2471 4407 unde
2503 4351 2789 4412 caetera
2822 4350 3377 4434 consequuntur
3404 4388 3424 4422 ,
3459 4331 3642 4434 quid
3675 4333 3770 4406 de

564 4465 725 4538 Tua
765 4468 839 4537 in
869 4464 1087 4538 deum
1128 4467 1396 4567 pietate
1435 4463 1707 4537 dicam?
1743 4467 2014 4539 Domus
2047 4469 2180 4539 Dei
2216 4466 2529 4542 Ecclesia
2568 4464 2934 4540 Catholica
2972 4483 3105 4555 est,
3141 4492 3331 4567 quae
3353 4482 3559 4539 certe
3594 4464 3771 4540 vali-

563 4596 861 4670 dissimis
895 4626 933 4668 a
976 4597 1085 4669 Te
1113 4594 1446 4670 classibus
1482 4600 1555 4668 in
1598 4598 1878 4671 Tur-cas
1912 4600 2264 4690 immissis»,
2303 4601 2567 4673 Sancta
2604 4597 2792 4673 Sede
2819 4628 2858 4671 a
2899 4600 3009 4672 Te
3046 4597 3346 4671 defensa
3379 4614 3601 4699 atque
3639 4623 3771 4671 or-

536 4746 725 4808 .nata
754 4784 774 4818 ,
815 4756 982 4805 vera
1019 4727 1394 4832 Religione
1433 4732 1509 4802 in
1558 4733 1900 4804 extremis
1941 4747 2308 4804 terrarum
2346 4730 2608 4804 finibus
2645 4731 2813 4803 Tuo
2847 4728 3204 4832 praesidio
3241 4729 3563 4830 Tuisque
3602 4731 3768 4832 opi-

671 5077 765 5159 (a)
795 5082 896 5139 SS.
945 5083 1014 5158 D,
1070 5080 1141 5138 N.
1172 5077 1231 5138 in
1264 5077 1470 5141 literis
1497 5086 1706 5160 Apost.
1740 5081 1905 5144 circa
1935 5082 2025 5144 tit.
2055 5079 2462 5146 Fidelissimi:
2493 5085 2813 5145 Maximus
2831 5087 3091 5145 emineas
3110 5083 3576 5156 etpraodicoris.
3603 5084 3774 5153 Quae

561 5175 744 5235 verba
777 5195 959 5254 supra
992 5175 1177 5238 etiam
1210 5177 1560 5240 retulimus.

676 5272 780 5352 (b)
848 5272 1317 5335 Eruditissimus
1369 5274 1649 5355 scriptor
1681 5283 1742 5337 R.
1776 5283 1839 5339 P.
1875 5277 2233 5341 Emmanuel
2277 5275 2587 5340 Monteiro
2620 5279 2805 5339 Lusit.
2838 5281 3059 5356 congr.
3094 5282 3260 5338 Orat.
3295 5274 3353 5333 in
3385 5272 3550 5336 libro
3578 5274 3676 5337 cui
3709 5274 3778 5334 ti-

564 5366 763 5431 tulus:
801 5374 1073 5430 ,loannes
1108 5372 1516 5445 Portuyalliae
1556 5378 1778 5446 nequ:
1814 5375 2001 5437 Edita
2031 5373 2297 5459 Ulyssip.
2328 5396 2425 5438 au.
2465 5378 2644 5436 1742.

962 5484 1188 5527 sesan.
1225 5485 1348 5527 xiv.
1377 5486 1528 5528 ron.
1566 5476 1695 5532 vn.
3426 5473 3465 5529 2
