4442 6300
960 490 1070 547 Μ

1914 497 2120 555 acra
2173 472 2830 557 esmaiurnoma

767 648 836 704 ut
868 640 1028 704 band
1056 638 1298 717 dubie,
1345 641 1398 707 ei
1440 640 1528 707 ita
1571 642 2025 708 SARGTH‘AT!
2050 648 2221 710 'nm
2250 643 2340 707 vi·
2453 644 2604 708 tiam
2629 650 2697 710 et
2737 616 3170 729 paupertatem
3195 683 3217 716 ‚
3257 648 3328 708 ut
3370 645 3538 708 Reus
3567 640 3700 709 eale
3729 643 4018 725 anum

769 755 907 802 eum
938 737 1137 803 fuerit
1156 780 1178 810 ,
1204 738 1267 801 in
1297 745 1665 803 sanctornm
1695 756 2026 804 numerum
2072 739 2152 804 sit
2194 760 2343 804 coo-
2449 741 2835 814 virtutibus,
2865 740 2963 805 sui
2991 739 3397 820 liliorumque
3427 739 3787 805 necessitati
3825 742 4020 813 mica·-

759 834 1064 915 ptandns,
1094 833 1523 918 publicaeque
1553 833 1769 917 populi
1800 834 2123 901 christiani
2150 856 2340 899 vene-

760 929 986 995 rationi
1020 932 1460 1016 proponendus
1482 974 1505 1006 ,
1539 931 1707 1016 quod
1738 939 1803 996 et
1833 952 1953 1017 ego
1984 932 2189 997 sentio
2208 977 2224 995 .

764 1127 1289 1192 HIPPOLYTUS
1322 1147 1353 1189 e
1388 1131 1608 1191 Rubcis
1641 1129 1863 1192 Sancti
1884 1129 2157 1193 sacenae
2182 1131 2337 1207 Epi-

996 1244 1219 1304 scopus
1259 1228 1729 1305 Sacramenta
1758 1226 2054 1289 huiusne
2076 1271 2094 1289 .

890 1423 1133 1484 Beatus
1166 1427 1387 1485 Petrus
1436 1420 1773 1504 Regalatus
1820 1429 2151 1504 pareatum
2199 1419 2337 1504 φή-

763 1516 908 1583 dem
938 1518 1267 1583 nobilitate
1289 1562 1310 1592 ‚
1336 1539 1558 1585 eorum
1589 1527 1802 1584 autem
1837 1517 2171 1583 christiana
2212 1518 2336 1582 vir-

764 1624 902 1679 tute
930 1615 1159 1680 clarior
1186 1615 1308 1680 buc
1339 1616 1553 1680 omnia
1601 1635 1714 1680 sua
1756 1615 1980 1681 retulit
2019 1615 2287 1680 consilia
2310 1661 2333 1692 ,

765 1724 838 1779 ut
862 1714 938 1778 ad
969 1713 1393 1796 evangelicam
1422 1712 1879 1797 perfectionem
1907 1733 2049 1779 sese
2078 1720 2145 1779 et
2168 1713 2334 1779 alios

762 1818 1189 1893 componeret:
1209 1818 1556 1894 Bapropter
1575 1812 1896 1895 abnegans
1923 1812 2331 1895 semetipsum

761 1910 1031 1974 arctiore
1048 1907 1447 1992 professione
1467 1910 1586 1973 sub
1611 1908 1830 1993 regula
1853 1914 1911 1974 S.
1934 1910 2135 1974 Patris
2155 1915 2333 1976 Fran·

761 2007 914 2073 claci
942 2007 1277 2070 nominum
1306 2014 1558 2072 secutus
1576 2051 1597 2081 ‚
1628 2015 1819 2089 atque
1848 2006 2191 2091 collapsam
2220 2014 2334 2073 Or·

761 2104 924 2171 dinis
951 2101 1344 2186 disciplinam
1377 2121 1499 2167 una
1529 2123 1673 2168 cum
1698 2102 2068 2169 vittam-atio
2101 2104 2331 2170 instau-

763 2208 1059 2276 raturus,
1120 2200 1583 2284 eupellectilem
1640 2201 2040 2273 universam,
2082 2201 2164 2266 de
2207 2222 2333 2284 qua

752 2318 975 2368 'aecum
1033 2298 1412 2381 asportanda
1468 2299 1658 2364 unice
1701 2298 1999 2383 cogitavit
2021 2341 2043 2374 ,
2080 2300 2332 2365 Brevia·

760 2396 925 2462 rium
967 2395 1090 2459 fuit
1131 2402 1321 2478 atque
1363 2394 1686 2477 flagellum
1711 2441 1728 2458 .
1774 2395 1928 2469 Quis
1970 2402 2180 2460 autem
2212 2397 2330 2463 illo

756 2493 1100 2578 pauperior
1121 2535 1142 2568 ‚
1186 2492 1325 2574 quis
1357 2492 1481 2557 sibi
1512 2492 1738 2564 vilior,
1771 2493 1835 2554 in
1868 2512 1938 2557 se
1965 2493 2328 2571 crudelior,

760 2591 905 2674 quis
960 2610 1110 2675 erga
1166 2589 1525 2655 Proximum
1584 2589 1987 2661 miseratione
2046 2591 2327 2672 plenior,

759 2687 905 2770 quis
935 2706 1083 2772 erga
1099 2692 1299 2751 Deum
1321 2684 1620 2751 charitate
1643 2685 2021 2752 ferventior?
2035 2687 2329 2755 miracuta

754 2783 1025 2868 proinde
1049 2827 1071 2857 ,
1113 2780 1346 2866 quibus
1388 2782 1789 2864 omnipotens
1830 2790 1998 2848 Deus
2038 2791 2325 2848 testatam

756 2880 954 2947 voluit
1002 2880 1177 2945 Serri
1228 2880 1328 2945 sui
1379 2879 1782 2945 sanctitatem
1808 2922 1829 2954 ‚
1873 2900 1946 2945 ea
1989 2891 2137 2945 sunt
2166 2901 2328 2964 quae

758 2976 1188 3062 splendidiora
1215 2998 1361 3042 esse
1391 2985 1735 3060 nequeunt=
1758 2978 2179 3062 Quadraginta
2210 2979 2329 3044 sci-

752 3073 908 3143 licet
937 3074 1137 3139 millia
1163 3094 1460 3159 passuum
1489 3074 1673 3138 unius
1701 3074 1895 3139 borae
1942 3077 2145 3159 spatio
2184 3096 2329 3142 con·

752 3171 951 3239 ficere
970 3214 992 3244 ,
1039 3172 1219 3254 panis
1268 3181 1335 3236 et
1374 3171 1582 3237 carnis
1624 3171 1826 3240 frusta
1866 3179 2159 3255 tempore
2202 3193 2324 3238 non

758 3290 876 3336 auo
900 3269 964 3331 in
994 3289 1173 3334 rosas
1196 3287 1530 3342 conversa,
1573 3269 1750 3334 Durii
1798 3269 2101 3335 fluminis·
2123 3289 2327 3352 aquae

756 3376 1023 3431 extenso
1053 3385 1242 3449 super
1269 3386 1378 3431 eas
1406 3365 1608 3432 Pallio
1630 3366 1799 3431 sicco
1818 3366 1984 3449 pede
2007 3366 2327 3450 trajectae,

758 3462 1025 3547 supplici
1072 3469 1137 3527 et
1180 3464 1594 3546 conquerenti
1633 3463 1711 3527 ad
1757 3463 1895 3547 ejus
1927 3464 2324 3547 sepulchrum

755 3559 1046 3625 mendico
1074 3568 1298 3642 sponte
1343 3579 1453 3622 sua
1498 3557 1732 3624 revolvi
1778 3557 2051 3640 lapidem
2077 3602 2099 3632 ,
2129 3567 2329 3644 Rega-

757 3658 958 3724 latum
990 3656 1196 3741 palam
1228 3675 1491 3722 exerere
1529 3674 1778 3721 manum
1803 3698 1824 3728 ‚
1866 3663 1935 3720 et
1974 3676 2135 3740 pane
2178 3657 2327 3723 dato

752 3753 1116 3827 retrahere,
1145 3772 1228 3817 ne
1256 3752 1378 3817 alia
1403 3772 1599 3834 prope
1627 3752 1913 3835 ejusdem
1946 3753 2198 3836 generis
2222 3774 2328 3818 ae·

753 3873 880 3936 que
932 3849 1207 3915 illustria
1261 3859 1331 3914 et
1390 3850 1738 3914 recentiora
1799 3870 2323 3929 commemorem,

752 3947 922 4013 unde
945 3939 1026 4012 e'x
1044 3947 1272 4011 merito
1290 3967 1518 4011 causae
1539 3946 1841 4013 facturam
1865 3948 2135 4013 arbitror
2153 3955 2324 4014 SAN-

752 4049 1149 4110 ch‘rATEu
1178 4048 1575 4115 VESTRAM,
1606 4049 1862 4108 Beatum
1910 4044 2074 4112 bunc
2117 4046 2320 4111 Thau·

754 4150 1104 4227 maturgum
1134 4140 1198 4204 in
1227 4145 1593 4206 Sanctorum
1622 4138 1857 4205 Album
1877 4140 2215 4208 referendo
2240 4187 2256 4206 .

790 4343 872 4405 Φ.
919 4337 1235 4401 ΡΔΠΜΙΒ
1269 4334 1615 4400 rHouAs
1643 4337 1913 4402 namna
1941 4337 2283 4419 Episcopus

1176 4434 1518 4499 Ascalonita
1565 4436 1859 4498 desistens
1875 4477 1892 4497 .

874 4627 1244 4695 Beatissimo
1284 4635 1508 4694 Pater.
1551 4631 1826 4709 Superna
1875 4624 1985 4695 illa
2031 4625 2193 4692 dona
2240 4626 2322 4692 ab

748 4726 1059 4812 Apostolo
1092 4734 1454 4792 enumerata
1478 4767 1499 4800 ,
1528 4745 1686 4807 quae
1718 4734 1929 4790 tamen
1960 4724 2096 4791 siue
2127 4720 2325 4794 cbari-

747 4833 877 4892 tate
908 4824 1198 4891 inutilem
1226 4825 1499 4889 reddunt
1528 4842 1957 4906 possessorem
1980 4866 2002 4898 ,
2030 4823 2096 4887 in
2130 4824 2320 4890 beato

744 4929 935 4989 Petro
953 4921 1253 5007 Regalato
1275 4940 1421 4987 cum
1449 4919 1563 4984 illa
1585 4921 1811 4983 mirum
1843 4920 1909 4983 in
1943 4921 2197 4986 modum
2218 4943 2323 4987 co·

748 5018 1081 5102 pulanturx
1114 5026 1200 5083 Ea
1232 5018 1399 5084 enim
1431 5016 1661 5081 enituit
1688 5015 1839 5082 fidei
1871 5016 2219 5092 firmitate,
2250 5027 2322 5083 ut

752 5117 935 5183 siccis
966 5116 1234 5197 pedibus
1262 5115 1516 5180 flumina
1559 5121 2008 5187 transnataret,
2039 5136 2114 5180 ea
2141 5115 2321 5178 indu·

749 5220 852 5277 tus
907 5211 1380 5276 misericordiae
1433 5211 1721 5284 viscera,
1761 5219 1833 5274 ut
1872 5210 1936 5273 in
1981 5210 2318 5294 sepulchro

752 5308 995 5392 degens
1021 5308 1088 5371 in
1119 5325 1460 5392 pauperem
1505 5305 1677 5372 visus
1716 5316 1818 5373 est
1860 5309 2027 5390 piam
2070 5327 2317 5373 manum

740 5404 1092 5471 extendere
1114 5447 1134 5479 ,
1167 5421 1309 5471 eam
1338 5399 1612 5488 denique
1639 5400 1964 5488 proteum
2003 5403 2323 5471 abstinen-

2447 835 2593 902 culo
2624 856 2746 900 nou
2777 836 2976 902 semel
3009 836 3309 919 diguatus
3334 842 3434 899 est
3461 855 3824 901 occurrere.
3856 844 4021 905 Fons

2446 940 2657 996 autem
2701 933 2983 997 omnium
3011 931 3281 996 charitas
3307 938 3478 996 tanta
3507 952 3619 996 cor
3643 932 3786 1015 ejus
3817 932 4019 1017 pleni·-

2446 1030 2670 1094 tudine
2697 1029 3063 1111 omps-vit,
3108 1036 3181 1094 ut
3225 1028 3465 1112 pluries
3506 1029 3790 1114 ejusdem
3835 1050 4019 1112 repa-2

2446 1127 2591 1212 gula
2636 1136 2703 1192 et
2742 1127 3020 1192 cubiculi
3048 1128 3371 1211 angustias
3398 1127 3756 1194 detrectans
3787 1127 4017 1211 ignitae

2446 1245 2593 1290 suas
2620 1226 2905 1289 flammas
2936 1244 3120 1306 supra
3154 1223 3495 1291 eminentia
3517 1225 3819 1291 coenobii
3851 1232 4018 1290 tecta

2444 1320 2769 1387 emiserit.
2802 1329 2920 1386 Tot
2947 1343 3099 1406 ergo
3127 1343 3282 1387 suae
3314 1321 3677 1388 sanctitatis
3718 1321 3916 1408 siguis
3951 1329 4019 1388 et

2447 1421 2720 1483 testibus
2775 1419 3295 1484 illucescentibus
3353 1421 3507 1502 quid
3563 1419 3862 1502 probibet
3917 1441 4018 1486 ao-

2443 1517 2637 1581 lemui
2667 1518 2792 1582 ritu
2823 1523 3120 1583 Sanctum
3148 1517 3357 1584 vocari
3389 1537 3622 1582 nomeu
3650 1518 3837 1603 ejus?

2450 1716 2553 1774 Fr.
2579 1714 2710 1776 sn.
2723 1712 3028 1776 7881811
3072 1715 3329 1803 namt
3360 1716 3710 1792 Episcopus
3739 1717 4018 1794 Poenus

2963 1814 3121 1872 rica.
3148 1811 3446 1873 Aestatem
3469 1853 3489 1870 .

2567 2005 2817 2068 Bterna
2837 2018 2911 2065 ac
2932 1999 3115 2084 plana
3148 2000 3606 2066 indefectibilis
3628 2007 3732 2067 eat
3747 2001 4007 2069 illorum

2438 2098 2690 2162 Domini
2719 2098 2932 2161 Nostri
2963 2100 3303 2163 verborum
3348 2100 3587 2165 veritae
3609 2125 3628 2161 z
3656 2099 3774 2176 Qui
3803 2120 3873 2167 ee
3899 2099 4015 2164 bu·

2440 2193 2646 2259 miliat
2697 2193 3085 2259 exaltabitur
3105 2240 3122 2259 .
3151 2201 3223 2263 Β.
3253 2202 3477 2260 Petrus
3524 2196 3865 2281 Regalatus
3913 2195 4012 2270 aul

2440 2292 2642 2356 Patris
2674 2292 2988 2356 Francisci
3014 2312 3260 2357 morem
3306 2312 3422 2377 per
3461 2293 3672 2358 omma
3699 2298 4010 2376 sequutus

2438 2387 2790 2452 humiliavit
2817 2408 2886 2453 se
2917 2389 2981 2451 in
3012 2408 3222 2454 rerum
3249 2389 3704 2455 mundanarum
3732 2399 4012 2457 contem-

2439 2493 2545 2567 ptu
2565 2527 2590 2559 ,
2621 2486 2685 2547 in
2716 2486 3027 2568 exquisita
3053 2486 3340 2569 corporis
3370 2485 3910 2563 mortificatione,
3938 2488 4008 2559 in

2440 2589 2741 2664 perpetua
2772 2584 2868 2647 sui
2898 2584 3354 2667 abnegatione,
3400 2585 3465 2647 in
3507 2585 3789 2667 perfecta
3831 2585 4009 2650 ebrl-

2439 2680 2522 2742 ati
2555 2680 2814 2762 sequela
2839 2724 2856 2741 .
2906 2681 3104 2764 quue
3147 2701 3273 2746 nou
3315 2681 3519 2748 solum
3561 2685 3642 2747 ab
3685 2682 4005 2769 humane,

2437 2775 2550 2841 sed
2580 2776 2770 2840 etiam
2798 2800 2832 2841 a
2861 2779 3077 2843 divino
3118 2778 3290 2861 quod
3332 2780 3540 2865 majus
3577 2789 3681 2847 est
3702 2822 3726 2855 ,
3765 2770 4008 2863 aceepi-

2437 2894 2581 2938 mus
2612 2875 3022 2950 testimonio,
3053 2896 3281 2958 nempe
3321 2879 3403 2942 ab
3449 2877 3628 2943 illius
3668 2878 4002 2957 miraculo-

2437 2986 2575 3033 rem
2604 2971 2792 3034 etiam
2836 2973 2981 3036 dum
3024 2972 3263 3037 vireret
3289 3014 3311 3046 ,
3355 2981 3494 3037 tum
3536 2974 4004 3061 magnitudine.
4068 3005 4073 3010 >

2439 3075 2571 3130 tum
2605 3067 2959 3151 frequentia
2985 3114 3002 3131 .
3045 3070 3211 3133 lllud
3257 3089 3410 3155 ergo
3447 3080 3738 3155 asperent
3757 3114 3781 3147 ,
3809 3081 3877 3138 et
3902 3093 4007 3141 ee·

2439 3163 2662 3247 quitati
2693 3166 2968 3232 maxime
2989 3168 3302 3251 congruit,
3325 3176 3396 3233 ut
3412 3169 3787 3234 natantium
3817 3170 4005 3238 illam

2437 3283 2602 3343 quae
2632 3284 2808 3327 suam
2841 3265 3089 3329 obtinet
3115 3264 3476 3334 firmitatem
3506 3286 3545 3330 a
3571 3267 3741 3332 Petri
3786 3269 4008 3334 Gatbe-

2440 3359 2548 3422 dra
2572 3402 2593 3434 ‚
2626 3381 2811 3442 quam
2847 3367 3270 3428 SANCTITAS
3296 3369 3602 3428 vEsrnA
3630 3365 4010 3433 omnimodis

2440 3455 2690 3541 implet,
2710 3458 2927 3523 audiat
2947 3460 3239 3524 universa
3269 3459 3551 3527 Ecclesia
3581 3462 3744 3528 hunc
3772 3465 4005 3530 virtute

2433 3564 2797 3637 provectum
2857 3565 2922 3622 et
2980 3555 3304 3623 excelsum
3365 3558 3584 3628 Virum
3631 3557 4008 3627 humilitatis

2438 3674 2589 3718 suae
2620 3654 2847 3719 merito
2873 3655 3131 3719 maximi
3163 3676 3308 3722 esee
3337 3655 3460 3721 loci
3493 3656 3656 3739 apud
3685 3679 3866 3731 oum,
3895 3659 4003 3741 qui

2435 3750 2497 3812 in
2529 3749 2678 3813 altis
2706 3750 2954 3818 habitat
2994 3762 3072 3817 et·
3099 3751 3366 3818 humilia
3407 3752 3667 3838 respicit
3708 3754 3774 3817 iu
3814 3754 4006 3821 Caelo

2434 3848 2591 3912 etin
2623 3856 2792 3914 terra
2818 3869 2836 3912 .·
2925 3883 2930 3894 ·

2431 4037 2859 4109 mcouvs
2899 4005 3312 4126 flammaret-u
3352 4047 3689 4125 meopte
3737 4045 4006 4112 Aunes·

2948 4153 3131 4207 ram
3156 4141 3455 4209 Δκὺιου
3470 4186 3489 4206 .

2555 4337 2624 4399 ln
2683 4334 2871 4402 beato
2922 4341 3118 4402 Petro
3173 4333 3476 4420 ungulato
3544 4332 4001 4403 christifideles

2431 4432 2601 4516 quod
2630 4434 2937 4500 mirentur
2962 4432 3199 4498 babent
3218 4472 3241 4508 ‚
3283 4432 3519 4500 habeat
3549 4434 3720 4516 quod
3747 4431 4001 4498 imiten-

2431 4535 2537 4596 tur
2559 4574 2575 4594 .
2603 4530 2891 4596 Eiranda
2918 4530 3176 4613 quidam
3206 4529 3491 4614 prodigia
3511 4571 3535 4604 ,
3565 4529 3800 4612 quibus
3843 4536 4002 4596 Dein

2431 4648 2494 4694 ee
2519 4634 2861 4692 mirabilem
2885 4633 3144 4692 reddidit
3187 4633 3255 4691 in
3296 4632 3519 4693 sancto
3559 4648 3720 4692 eece
3751 4626 4001 4692 Imitan-

2432 4727 2554 4791 dae
2580 4726 2871 4800 virtutes,
2892 4725 3120 4808 quibus
3147 4724 3261 4790 ille
3286 4734 3585 4809 tanquam
3609 4728 3835 4806 Fidelis
3867 4728 4003 4791 Sev-

2429 4821 2542 4886 'vm
2588 4836 2646 4889 et
2691 4830 2955 4901 prudens
3002 4829 3365 4887 constitutus
3423 4841 3615 4898 ceper
3668 4827 4001 4888 Facete-ne

2430 4939 2638 4995 seem,
2663 4922 2861 4986 verbo
2890 4929 2956 4985 et
2982 4918 3278 5002 exemplo
3308 4920 3398 4988 ita
3425 4940 3499 4985 se
3529 4921 3752 5004 gessit,
3780 4929 3853 4984 ut
3877 4927 3999 4985 Re-

2430 5009 2672 5102 gularis
2697 5018 3150 5083 Observantiae
3172 5016 3576 5092 Restitutoris
3595 5036 3829 5082 nomen
3850 5016 3997 5102 jure

2433 5115 2890 5197 promeruerit.
2943 5120 3075 5179 Deo
3125 5114 3341 5196 itaque
3389 5113 3782 5196 permaxime
3823 5133 4000 5182 ecee-

2432 5218 2608 5298 ptum
2635 5252 2656 5285 ,
2684 5210 3041 5277 bominibus
3084 5210 3387 5285 cbarum,
3426 5230 3501 5277 ac
3543 5215 4017 5276 sanonum,

2430 5309 2752 5384 VESTRAE
2781 5307 3131 5392 gloriosum
3160 5306 3296 5372 fore
3325 5326 3558 5373 censeo
3577 5347 3599 5380 ,
3631 5306 3687 5372 si
3716 5307 3856 5388 ipsa
3898 5326 3998 5372 se·

2432 5398 2847 5498 lectissimum
2877 5399 3092 5469 virum
3118 5445 3140 5478 ,
3171 5400 3617 5470 miraculorum
3649 5401 3816 5480 mria
3856 5421 4001 5485 pro·
