4442 6300
959 448 1068 503 ³38

779 612 922 657 rum
951 597 1273 656 Canonum
1303 600 1366 655 et
1395 590 1916 657 Constitutionnm
1951 590 2337 673 Apostolico-

1967 450 2176 504 Aer-A
2213 445 2868 502 ttANONtzA‘rtONts

2453 609 2591 653 rum
2622 590 2805 655 votis
2830 597 3023 673 atque
3050 590 3244 657 etiam
3286 590 3818 685 postulationihus
3856 588 4006 656 clar.

773 707 911 750 rum
956 691 1222 753 Decreta
1262 689 1702 770 requiruntun
1744 687 2028 753 nonnulli
2071 687 2337 771 primum
2448 704 2639 749 mem.
2664 686 2871 751 caroli
2898 688 3455 772 vl.'11ispaniarum
3474 687 3772 753 catholici
3800 697 3867 752 et
3893 696 4013 753 Ro-

771 789 1110 848 Processus
1135 804 1173 848 a
1213 788 1522 849 Locorum
1559 783 1908 849 ordinariis
1951 786 2336 856 constructi,

769 896 916 943 mox
945 881 1133 945 etiam
1168 878 1274 948 alii
1300 880 1662 963 Apostolica
1702 881 2089 947 Auctoritate
2125 881 2338 946 confe-

2452 802 2778 848 manorum
2808 784 3003 869 Regis
3036 784 3099 846 in
3124 790 3576 866 imperatorem
3620 783 3806 849 electi
3830 827 3852 857 ‚
3895 802 4012 849 nec

2448 898 2569 943 non
2593 880 3071 945 Carissimorum
3096 882 3156 944 in
3178 879 3423 945 Christo
3444 880 3746 946 Filiorum
3770 892 4012 946 nostro·

770 977 857 1043 cti
885 977 1185 1051 fuerunt,
1226 998 1306 1043 ex
1340 978 1571 1061 quibus
1613 979 1985 1061 desumptae
2013 988 2160 1043 sunt
2200 988 2330 1042 tum
2450 997 2590 1038 rum
2649 982 2909 1062 Magnae
2954 978 3355 1053 Britanniae,
3413 978 3708 1043 Poloniae
3737 1022 3759 1052 ‚
3818 986 4008 1060 atque

766 1076 1084 1141 Virtutum
1128 1075 1603 1160 Theologalium
1635 1083 1698 1139 et
1724 1075 2187 1148 cardinalium,
2230 1076 2337 1140 iis·
2446 1071 2766 1139 Sardiniae
2803 1081 3079 1156 Regum,
3122 1072 3518 1157 aliorumque
3562 1093 4004 1155 supremorum

771 1192 898 1255 que
923 1173 1330 1243 adnexarum,
1353 1193 1512 1255 quae
1541 1173 1605 1234 in
1624 1171 1902 1255 losepho
1921 1172 2333 1245 emicuerunt,

770 1277 907 1333 tum
950 1267 1138 1333 etiam
1180 1266 1615 1333 Miraculorum
1647 1268 1783 1352 ejus
1822 1267 2272 1336 intercessione
2296 1287 2332 1331 a

765 1370 901 1429 Deo
929 1364 1242 1429 editorum
1274 1364 1684 1447 plenissimae
1713 1363 2151 1446 probationea3
2194 1364 2331 1447 qui·

771 1461 891 1525 bns
918 1480 1036 1543 per
1080 1461 1353 1526 dilectos
1383 1460 1575 1525 Filios
1619 1459 2030 1525 consultores
2063 1465 2335 1544 congre·

767 1556 1037 1641 gationis
1064 1562 1390 1622 Sacrorum
1439 1556 1692 1620 [lituum
1716 1596 1737 1624 ‚
1781 1556 2008 1620 deinde
2035 1575 2150 1638 per
2176 1564 2331 1618 ven.

771 1660 1013 1719 Fratres
1034 1661 1280 1718 nostros
1301 1661 1362 1718 S.
1381 1661 1451 1718 R.
1471 1660 1546 1717 E.
1561 1651 1923 1718 cardinales
1944 1653 2153 1717 eidem
2174 1658 2336 1716 con-

767 1749 1111 1836 gregationi
1156 1749 1550 1833 praepositos
1601 1756 1846 1815 mature
1885 1757 1950 1813 et
1993 1769 2072 1814 ex
2113 1749 2330 1813 ordine

769 1847 1073 1912 discussis
1099 1888 1123 1921 ,
1171 1855 1425 1913 sanem
1473 1845 1822 1912 memoriae
1872 1847 2333 1912 Praedecessor

767 1952 982 2009 noster
1028 1942 1320 2008 clemens
1379 1949 1540 2026 Papa
1587 1949 1721 2006 ΧΠ.
1747 1987 1768 2019 ,
1823 1944 2056 2008 auditis
2112 1964 2333 2008 eorum

765 2040 1089 2113 consiliis,
1129 2040 1237 2105 die
1285 2046 1411 2104 XV.
1454 2038 1608 2103 Julii
1653 2041 1810 2103 Anni
1856 2044 2330 2105 MDCCXXXIV.

771 2135 1088 2211 delinivit3
1136 2142 1426 2200 Constare
1473 2143 1540 2199 ds
1588 2140 1845 2214 Josopsi
1891 2141 2227 2201 Virtutibus
2259 2143 2332 2200 in

766 2240 964 2313 §rede
991 2238 1231 2297 heroico
1250 2256 1276 2305 ι
1308 2253 1382 2298 ac
1409 2233 1701 2297 similiter
1726 2233 1996 2298 triennio
2024 2242 2192 2317 post,
2224 2234 2331 2299 die

766 2350 995 2414 nempe
1014 2330 1355 2394 vttt.1uuii
1376 2330 1532 2393 Anni
1553 2334 2057 2395 MDCCXXXVH.
2075 2330 2157 2394 de
2174 2330 2332 2396 duo·

767 2428 887 2493 bus
911 2425 1230 2493 Hiraculis
1258 2436 1549 2492 constare
1580 2426 1886 2501 decrevit3
1919 2426 2213 2490 nimirum
2247 2427 2329 2493 de

764 2542 1001 2607 puero,
1047 2525 1156 2607 qui
1200 2542 1236 2588 s
1287 2523 1610 2589 nativitate
1654 2522 1995 2606 palpebras
2047 2523 2217 2586 inter
2259 2543 2329 2588 se

764 2619 924 2684 adeo
946 2619 1195 2705 junctas
1216 2619 1512 2691 babebat,
1544 2629 1615 2684 nt
1638 2618 1797 2683 lucis
1826 2636 2016 2684 usura
2041 2618 2159 2700 ipsi
2191 2638 2332 2702 per·

763 2724 958 2800 petuo
983 2714 1318 2782 interclusa
1343 2714 1772 2799 judie-rotun
1815 2714 2147 2798 implorata
2176 2736 2332 2780 vero

678 2879 688 2887 ,
767 2833 959 2894 super
996 2832 1140 2877 eum
1171 2813 1426 2895 Josephi
1469 2832 1630 2895 ope,
1672 2804 1894 2877 oculos
1922 2812 2136 2878 statim
2181 2832 2329 2896 ape·

651 4395 707 4455 1>

769 2911 917 2982 ruit,
948 2908 1422 2994 perfectumque
1452 2909 1709 2974 visionis
1742 2930 1997 2974 sensum
2038 2910 2335 2991 deinceps

765 3005 1079 3071 obtinuit=
1112 3005 1315 3088 deque
1347 3006 1621 3087 losepho
1651 3006 1917 3071 Novello
1942 3049 1964 3080 ‚
1995 3007 2102 3089 qui
2133 3027 2326 3089 quum

771 3103 1142 3187 gravissimo
1167 3101 1432 3168 vulnere
1458 3102 1521 3166 iu
1548 3123 1714 3188 genu
1744 3101 2330 3180 sanciatust‘uisset.

766 3200 1054 3268 invocato
1078 3201 1250 3267 Servi
1284 3201 1391 3266 Dei
1418 3201 1673 3267 nomine
1693 3244 1716 3276 ‚
1747 3209 2068 3267 momento
2093 3210 2337 3285 tempo-

769 3298 862 3362 ris
904 3306 1153 3363 sanatus
1194 3296 1336 3366 iun.
1383 3302 1461 3361 Et
1503 3308 1966 3380 consequenter
2005 3299 2087 3364 de
2134 3299 2335 3384 ipsius

771 3393 1008 3477 pariter
1033 3393 1544 3478 Congregationis
1568 3393 1835 3459 consilio
1866 3395 2033 3459 idem
2074 3395 2338 3461 Praedo·

769 3511 989 3556 cessor
1007 3491 1086 3555 ad
1108 3490 1430 3572 publicum
1453 3489 1690 3555 cultum
1714 3491 1992 3573 losepho
2012 3491 2339 3577 indulgen-

770 3588 918 3651 dum
941 3607 1308 3671 progressus
1325 3595 1443 3652 est:
1472 3594 1605 3662 Qua
1632 3587 1712 3653 de
1740 3607 1808 3652 re
1837 3587 2149 3670 expeditis
2179 3589 2341 3672 Apo-

775 3682 1020 3750 stolicis
1049 3684 1278 3749 Litoris
1319 3684 1423 3748 die
1467 3691 1622 3747 xlx.
1667 3683 1949 3766 ejusdem
1997 3686 2233 3750 mensis
2273 3694 2341 3752 et

774 3780 940 3856 anni,
970 3780 1111 3864 ejus
1125 3780 1610 3846 Beatificationis
1635 3780 1947 3845 solemnia
1976 3779 2038 3845 in
2069 3782 2340 3849 Basilica

773 3877 1168 3943 Lateranensi
1209 3877 1529 3941 celebrata
1572 3876 1860 3951 fuerunt,
1905 3877 2154 3961 aliaque
2195 3880 2339 3944 reli·

776 3973 941 4059 giosi
968 3972 1180 4039 cultus
1205 3974 1514 4055 obsequia
1545 3974 1623 4036 ad
1652 3971 1914 4039 formam
1947 3976 2340 4044 lndultorum

778 4071 846 4134 in
871 4069 1103 4135 iisdem
1134 4070 1364 4135 Litoris
1406 4077 1837 4138 contentorum
1862 4115 1883 4146 ‚
1929 4072 2128 4157 ipsius
2171 4075 2341 4139 beati

773 4167 911 4231 Viri
942 4161 1292 4232 memoriae
1317 4187 1566 4233 summo
1609 4168 1917 4234 Fidelium
1961 4170 2167 4235 studio
2207 4170 2345 4238 fue·

773 4270 919 4328 runt
946 4263 1204 4329 exibita.

2443 1168 2799 1252 Principum
2829 1180 2896 1235 et
2918 1177 3275 1254 Magnatum
3301 1212 3325 1245 ,
3366 1168 3782 1253 complurium
3824 1190 4004 1253 prae-

2444 1272 2617 1329 terea
2647 1271 2705 1328 S.
2738 1274 2804 1329 R.
2838 1273 2911 1330 E.
2942 1266 3360 1331 cardinalium
3382 1309 3404 1339 ‚
3434 1267 3799 1332 Antistitum
3821 1311 3845 1340 ‚
3887 1273 4003 1334 Be-

2442 1360 2823 1436 elesiarum,
2867 1369 3059 1445 atque
3100 1363 3586 1428 Universitatum
3629 1364 3886 1446 expeti,
3932 1373 4008 1430 ut

2442 1457 2521 1523 de
2545 1457 2808 1523 solemni
2837 1459 3127 1544 ejusdem
3154 1461 3331 1525 Beati
3363 1462 3837 1526 canonizatione
3864 1462 4005 1546 jux·

2443 1561 2507 1617 ta
2539 1555 2751 1618 Ritum
2782 1563 2848 1618 et
2880 1557 3122 1639 praxim
3151 1561 3412 1622 Sanctae
3440 1564 3756 1623 Romanae
3786 1557 4003 1623 Eccle-

2442 1651 2572 1716 siae
2599 1653 2850 1717 tandem
2881 1660 3209 1735 ageretur3
3238 1654 3475 1736 placuit
3504 1655 3706 1719 eidem
3737 1654 4003 1719 Praedo·

2440 1749 2713 1820 cessori‚
2743 1750 3022 1829 praefata
3049 1754 3549 1835 congregatione
3579 1755 4001 1836 approbante,

2442 1865 2555 1926 pro
2598 1844 2956 1928 hujusmodi
2999 1852 3236 1913 causae
3279 1848 3776 1931 reassumptione
3817 1854 4003 1914 com·

2443 1940 2815 2008 missionem
2850 1943 3142 2028 signare,
3171 1954 3237 2008 et
3264 1945 3769 2028 compilationem
3814 1966 4007 2013 novo·

2444 2058 2582 2102 rum
2630 2046 3042 2105 processuum
3090 2060 3283 2123 super
3342 2041 3633 2110 indicatis
3686 2042 4002 2109 Miraculis

2440 2146 2582 2217 post
2611 2134 2917 2199 indultam
2947 2137 3225 2219 losepho
3266 2138 3729 2203 venerationem
3774 2158 4004 2223 sequn-

2441 2232 2548 2303 tis,
2576 2233 2950 2297 anctoritate
2977 2232 3360 2316 Apostolica,
3391 2234 3716 2300 nonnullis
3742 2237 4003 2325 Episco-

2444 2327 2547 2411 pis
2569 2329 2651 2394 de
2685 2349 2858 2395 more
2888 2328 3203 2415 delegare.

2567 2429 2848 2499 Quorum
2873 2433 3287 2492 Processuum
3317 2427 3642 2494 validitate
3696 2430 4005 2513 apptoba·
4040 2433 4098 2497 B

2445 2529 2506 2584 ta
2527 2564 2550 2595 ‚
2579 2521 2782 2586 Nobis
2802 2522 2934 2606 jam
2967 2523 3079 2587 Dei
3111 2524 3432 2589 voluntate
3461 2526 3526 2589 in
3557 2524 3720 2591 Petri
3778 2525 4006 2591 cathe-

2443 2615 2555 2680 dra
2585 2617 2959 2683 sedentibus
2983 2661 3005 2692 ,
3034 2639 3147 2683 sex
3178 2619 3574 2702 potissimum
3603 2621 3900 2688 Miracula
3941 2623 4009 2689 in

2441 2712 2720 2795 praefata
2751 2720 3076 2780 Sacrorum
3106 2716 3355 2781 Rituum
3374 2721 3866 2803 Congregatione
3886 2718 4003 2786 ite·

2444 2809 2598 2876 ratis
2628 2810 2869 2877 vicibus
2895 2813 3018 2877 rite
3047 2814 3329 2880 discussa
3348 2813 3642 2892 fueruntg
3672 2817 3752 2882 de
3770 2818 4002 2899 quibus

2443 2917 2772 2990 postquam
2802 2913 2928 2973 Nos
2944 2910 3064 2991 ipsi
3094 2911 3385 2994 suffragia
3410 2912 3851 2979 consultorum
3865 2934 4005 2998 per·
4046 2955 4051 2960 ·

2442 3002 2716 3089 legimus
2737 3048 2759 3079 ,
2790 3015 2856 3071 et
2885 3002 3312 3072 cardinalium
3344 3010 3807 3090 praedictorum
3866 3029 4007 3076 con-

2443 3101 2585 3170 silia
2606 3101 2959 3169 audivimus
2981 3103 3046 3168 in
3073 3105 3568 3191 congregatione
3586 3107 3879 3175 Generali
3898 3128 4006 3175 co·

2444 3219 2575 3264 ram
2602 3201 2799 3265 Nobis
2825 3199 3037 3266 hahita
3065 3202 3173 3267 die
3198 3207 3388 3266 xxu.
3429 3206 3817 3288 Septembris
3845 3204 4005 3270 Anni

2437 3301 2854 3372 unccxmv.
2878 3341 2900 3371 ‚
2929 3298 3085 3362 nihil
3118 3303 3245 3365 Nos
3273 3300 3530 3384 quidem
3558 3311 3707 3368 tunc
3732 3321 4007 3384 pronun·

2444 3393 2745 3460 ciavimus
2765 3437 2786 3468 ‚
2817 3396 2931 3459 sed
2955 3394 3245 3462 invocato
3270 3397 3521 3478 saepius
3575 3397 3772 3462 Divini
3825 3398 4010 3465 lumi·

2447 3491 2541 3555 nis
2569 3490 2924 3574 adjutorio,
2956 3492 3264 3575 novisque
3292 3492 3638 3578 diligentiis
3659 3495 3843 3580 jussu
3897 3517 4010 3563 no-

2447 3595 2581 3652 stro
2604 3586 2881 3671 peractis
2901 3631 2923 3661 ‚
2952 3595 3022 3652 ut
3053 3591 3362 3671 quaedam
3409 3590 3789 3657 tollerentur
3845 3592 4012 3658 dim-

2445 3682 2714 3749 cultates
2742 3683 2805 3746 in
2838 3683 3049 3748 animo
3078 3693 3288 3750 nostro
3315 3686 3617 3752 subortae
3636 3728 3660 3761 ,
3703 3688 3857 3752 dum
3912 3689 4009 3753 in-

2446 3781 2633 3844 terim
2652 3779 2916 3862 privatis
2946 3777 3173 3844 studiis
3199 3802 3336 3847 rem
3369 3790 3561 3849 totam
3587 3784 3667 3849 ad
3694 3805 4009 3849 summum

2446 3875 2668 3959 judicii
2700 3878 2979 3963 rigorem
3010 3879 3405 3961 exigeremus
3424 3922 3446 3952 ‚
3469 3880 3725 3945 demum
3757 3881 3863 3944 die
3883 3881 4012 3965 pri·

2450 3996 2549 4039 ma
2581 3972 2727 4057 Maii
2751 3974 2911 4037 Anni
2938 3978 3344 4048 unccxtv„
3365 3975 3429 4036 in
3454 3982 3636 4041 Festo
3658 3984 4012 4043 sanctorum

2451 4069 2894 4153 Apostolorum
2925 4069 3149 4133 Jacobi
3198 4078 3266 4132 et
3320 4070 3636 4155 Philippi,
3674 4071 4009 4140 celebrata

2446 4168 2633 4232 Missa
2659 4166 2724 4229 in
2756 4165 3021 4230 Basilica
3052 4168 3477 4238 lateranensi,
3506 4167 3758 4249 publico
3787 4175 4014 4236 Decre-

2449 4275 2515 4330 to
2544 4263 2756 4337 edito,
2786 4262 3178 4345 infrascripta
3209 4264 3335 4327 duo
3370 4263 3665 4330 uin-acula
3693 4264 3865 4330 tertii
3902 4285 4012 4352 ge·

899 4359 1124 4424 Altero
1155 4368 1365 4424 autem
1398 4359 1656 4425 biennio
1694 4360 1800 4426 vix
1840 4360 2099 4444 elapso,
2141 4385 2337 4448 quum
2449 4361 2620 4427 neris
2647 4361 2819 4426 omni
2849 4380 2928 4424 ex
2957 4369 3136 4446 parte
3166 4360 3430 4446 probata
3479 4380 3624 4427 esse
3676 4360 4018 4428 declaravi-

778 4456 984 4522 eidem
1013 4456 1323 4521 clementi
1352 4455 1827 4523 Praedecessori
1855 4478 1973 4542 pro
2015 4470 2188 4541 parte
2231 4461 2342 4528 m-
2451 4481 2609 4525 mus.

778 4552 957 4620 ni‘stri
982 4552 1310 4619 Generalis
1332 4553 1580 4617 Ordinis
1600 4554 1905 4620 llinorum
1940 4557 1998 4619 8.
2030 4559 2338 4625 Francisci

2579 4556 2853 4624 Primum
2884 4561 2985 4619 est
3011 4552 3425 4619 consolidatio
3462 4555 3743 4635 crurium
3799 4562 3868 4620 et
3919 4552 4014 4622 fe-
4051 4556 4101 4622 Ι

779 4650 1312 4733 capuccinorum,
1361 4650 1557 4713 totius
1613 4649 1966 4734 Religionis
2022 4673 2172 4718 snae
2232 4675 2341 4721 no·
2455 4673 2697 4718 morum
2729 4651 2903 4735 pueri
2928 4651 3186 4733 losephi
3216 4651 3538 4737 Dionysii,
3564 4652 3676 4734 qui
3714 4650 4015 4719 inferiora

782 4745 953 4811 niine
983 4789 1005 4820 ‚
1049 4746 1402 4829 expositum
1446 4744 1709 4821 fuisset,
1754 4749 1950 4831 ipsius
1993 4749 2161 4815 beati
2204 4752 2336 4815 Viri
2460 4748 2822 4834 hujusmodi
2857 4749 3137 4812 membra
3164 4748 3326 4814 adeo
3355 4747 3590 4814 domis
3635 4756 3701 4814 et
3755 4749 4015 4816 flaccida

784 4844 1183 4908 Sanctitatem
1201 4843 1380 4908 novis
1398 4850 1583 4926 atque
1615 4843 2051 4926 frequentibus
2078 4847 2340 4913 utracu-

780 4937 865 5005 lis
888 4961 927 5005 a
959 4946 1088 5005 Deo
1120 4939 1454 5015 illustrari,
1479 4941 2051 5026 communibusque
2077 4945 2344 5029 Populo·

1384 5061 1423 5134 sl

889 5152 943 5205 A
977 5147 1388 5221 Approbamur
1408 5148 1580 5221 ipsius
1608 5151 1870 5205 heroicae
1893 5152 2146 5208 virtutes.

890 5240 936 5291 C
975 5233 1359 5306 Beaefficaes'o.
1507 5239 1559 5289 1)
1603 5239 1783 5291 causa
1810 5239 2185 5293 manumittat.

892 5327 939 5377 Ε
983 5325 1141 5379 Nova
1167 5323 1447 5379 mitacula
1477 5326 1880 5380 examinantur
1901 5339 1954 5379 et
1979 5327 2374 5397 approbantur.

2451 4851 2531 4915 ah
2564 4857 2746 4914 utero
2774 4845 2993 4948 Hatris
3020 4843 3361 4918 attulerat,
3388 4855 3459 4910 ut
3486 4845 3566 4910 iis
3595 4845 3772 4912 nullo
3820 4848 4010 4912 modo

2459 4965 2689 5028 corpus
2717 4948 3069 5009 sustentare
3095 4949 3357 5024 possen
3383 4939 3533 5026 quin
3572 4940 3762 5007 immo
3817 4962 4015 5027 quum

2299 5157 2346 5208 B
2388 5157 2528 5210 Item
2555 5151 2833 5206 miracula
2859 5149 2955 5204 Iu'c
2979 5147 3296 5204 enunciata.

2523 5332 2570 5381 1⁴·
2612 5328 2949 5383 Hiraculoem
2978 5329 3024 5379 1.
