4442 6300
421 842 432 849 ’
502 856 557 993 ’,Γ

397 3322 447 3380 Α

1536 512 1885 586 quinqua
1948 510 2417 570 saaca-osum
2480 515 2648 568 nc

3416 511 3529 564 uu

503 661 556 746 ἦ·
611 664 739 741 Bao
779 663 851 723 D.
875 662 978 724 RS.
1017 664 1141 727 Vm
1165 669 1224 721 se
1247 661 1510 725 Modesti
1535 664 1843 725 maenam
1867 663 2042 725 cera.
2158 677 2376 724 eoram
2406 655 2664 740 Angelis
2690 656 2845 728 Dei,
2877 654 2988 722 sed
3025 654 3214 719 etiam
3243 666 3452 719 coram
3512 652 3714 717 bomi-

622 762 896 825 omnm.

1135 955 1210 1017 1).
1236 949 1414 1018 card.
1445 946 1835 1017 Passionem.

618 1150 676 1212 1.
706 1143 1012 1214 Datarius.

538 1398 542 1403 .
699 1347 752 1405 V
782 1346 810 1404 1
835 1345 878 1405 S
903 1346 952 1404 A

536 1439 619 1506 de
647 1437 830 1504 Curia
859 1444 906 1503 1.
937 1441 1002 1502 C.
1031 1433 1276 1504 Boscbi.

1293 1539 1354 1599 1.
1387 1538 1455 1598 B.
1486 1532 1818 1619 Eugenius.

622 1642 787 1702 Loco
803 1631 1136 1720 ·1·Plumbi.

713 1829 1061 1906 Roman-am
1080 1828 1153 1888 is
1179 1824 1526 1889 Smetario
1558 1825 1867 1891 Bavium.

534 2147 829 2212 LITERAE
857 2143 1354 2205 DECRETALES
1391 2142 2042 2207 cmomzuloms

747 2326 837 2436 Β.
887 2348 1205 2435 PETRI
1257 2348 1826 2438 REGALA‘H

925 2479 1671 2566 coNFEssoms,

831 2664 1311 2774 nassmcws
1337 2712 1745 2775 Emscol’us

895 2907 1140 2967 Saevus
1180 2906 1523 2966 Suvoann
1567 2907 1689 2967 Dat

802 3096 895 3159 Δα
915 3106 1267 3176 perpetuam
1294 3101 1396 3160 roi
1418 3100 1780 3162 memoriam.

541 3319 546 3326 ·
638 3288 1078 3374 Negotiatores
1108 3287 1278 3354 Caeli
1302 3290 1458 3372 ,qui
1485 3289 1784 3356 fidelibus
1815 3292 2081 3358 Redem-

518 3385 719 3468 ptoris
748 3386 945 3451 nostri
997 3385 1537 3469 promissionibus
1592 3387 1826 3462 innixi,
1883 3409 2073 3471 quae·

520 3503 789 3565 cumque
815 3482 1081 3547 Mundus
1109 3484 1389 3566 appetit,
1423 3505 1584 3566 qnae
1614 3505 1763 3549 caro
1792 3486 2079 3568 concupi-

521 3581 687 3652 scit,
716 3599 879 3662 quae
911 3587 1182 3643 Daemon
1225 3578 1595 3660 pollicetur,
1639 3582 1839 3646 omnia
1898 3581 2083 3646 relin-

523 3684 765 3757 quunt,
795 3684 865 3738 ut
893 3675 1200 3739 Christum
1235 3675 1615 3759 bajulantem
1650 3677 1773 3740 sibi
1817 3683 2080 3742 Crucem

519 3790 636 3854 per
666 3790 946 3853 asperam
976 3777 1427 3854 angustamque
1478 3772 1636 3834 viam
1695 3792 2085 3854 prosequan-

520 3875 624 3931 tur
647 3910 667 3940 ,
697 3867 1044 3931 non'modo
1077 3867 1603 3933 inaestimabilem
1633 3868 1834 3932 bonae
1892 3889 2082 3950 nego-

523 3962 805 4026 tiationis
834 3960 1107 4027 fructum
1138 3963 1202 4026 in
1229 3972 1523 4029 aeternae
1542 3964 1705 4028 vitae
1733 3965 2085 4046 possessio-

522 4078 607 4124 ne
636 4057 1026 4141 percipiunt,
1058 4060 1174 4123 sed
1199 4060 1386 4124 etiam
1415 4059 1477 4122 in
1507 4058 1688 4125 terris
1728 4061 2083 4143 centuplum

523 4175 641 4238 pro
698 4155 991 4220 omnibns
1049 4176 1210 4238 quae
1268 4157 1677 4231 dimiserunt,
1749 4156 2083 4223 utilissima

526 4252 1008 4317 commutatione
1039 4251 1375 4316 lucrantur.
1405 4259 1562 4316 Dum
1594 4253 1758 4318 enim
1787 4254 1954 4318 vitae
1973 4254 2084 4317 bu-

451 4342 464 4349 ”
518 4348 624 4432 jus
654 4349 1132 4415 oblectamentis
1159 4370 1274 4432 per
1303 4349 1800 4415 mortificationis
1824 4361 1893 4416 et
1940 4371 2084 4417 con.

527 4445 825 4511 tinentiae
854 4446 1126 4509 studium
1156 4447 1521 4510 renunciant
1542 4491 1562 4519 ‚
1597 4448 1769 4529 puris
1788 4449 2088 4532 tranquil-

531 4540 738 4624 lisque
768 4542 1189 4624 voluptatibus
1216 4587 1236 4615 ‚
1266 4545 1346 4608 de
1377 4546 1810 4609 conscientiae¹
1860 4547 2090 4610 sereni-

529 4646 658 4702 tate
677 4659 748 4703 ac
775 4639 968 4706 nivini
994 4638 1225 4702 favoris
1248 4640 1550 4704 suavitate
1573 4643 1918 4722 replentur3
1942 4641 2085 4705 dum

527 4737 745 4800 anxias
770 4737 980 4800 Mundi
1012 4736 1301 4807 divitias,
1335 4738 1765 4818 Evangelicam
1829 4760 2090 4820 pauper·

529 4838 727 4897 tatem
756 4830 1029 4914 amplexi
1061 4867 1082 4906 9
1110 4853 1145 4897 a
1175 4851 1242 4896 se
1290 4831 1624 4905 abdicant,
1682 4851 2089 4911 supernorum

535 4928 976 4994 charismatum
1008 4928 1320 4992 thesauris
1351 4928 1605 4993 abunde
1658 4929 1976 5005 ditantur}
2029 4937 2092 4994 et

533 5045 650 5107 pro
677 5025 856 5091 vanis
879 5024 1193 5107 flexisque
1221 5024 1570 5088 bonoribus
1597 5041 1759 5106 quos
1816 5031 2094 5091 contem·

532 5129 690 5189 nunt
708 5167 731 5201 ‚
757 5141 974 5188 veram
1004 5121 1395 5204 solidamque
1424 5119 1691 5207 gloriam
1722 5140 1848 5187 non
1889 5122 2092 5189 solum

645 5321 699 5373 A
735 5317 1077 5400 Baeords'mvs.

646 5410 692 5459 B
734 5410 786 5463 S.
816 5406 980 5462 Pom·
1003 5404 1268 5474 Regale&
1290 5416 1445 5461 onus
1470 5417 1525 5459 ee
1553 5403 1736 5460 initia.

2156 756 2350 820 nibus
2378 755 2818 839 adipiscuntur.
2847 754 3018 819 Vidit
3044 752 3207 818 haec
3234 748 3491 815 caelesti
3534 750 3720 813 lnmi-
3786 760 3793 765 '

2155 870 2240 917 ne
2267 853 2529 918 edoctus
2559 855 2795 919 beatus
2809 859 3035 916 Petrus
3086 849 3417 932 Regalatus
3469 846 3724 911 Ordinis

2159 951 2469 1015 uiuorum
2501 951 2822 1025 Alumnus⁹
2856 951 3122 1034 ejusque
3144 946 3511 1027 disciplinae
3534 966 3722 1026 quam

2160 1057 2419 1113 sanetus
2448 1049 2795 1114 patriarcha
2823 1049 3185 1112 Franciscus
3216 1043 3541 1126 discipulis
3587 1044 3724 1106 suis

2165 1146 2553 1218 tradiderat,
2584 1143 3094 1228 perfectissimus
3136 1145 3270 1224 ipse
3330 1147 3612 1204 sectator
3662 1146 3730 1202 et

2164 1242 2230 1303 in
2258 1241 2406 1306 aliis
2454 1260 2719 1324 qnoque
2777 1243 3148 1311 Restitutor,
3178 1238 3444 1321 gustavit
3463 1279 3483 1308 ‚
3539 1256 3728 1317 quam

2163 1358 2356 1404 suave
2385 1359 2457 1405 ac
2490 1341 2725 1404 bonum
2756 1351 2951 1415 esset,
2982 1337 3307 1422 abnegatis
3338 1334 3730 1401 secularibus

2166 1435 2524 1510 desideriis,
2550 1438 2658 1502 uni
2697 1443 2826 1502 Deo
2854 1436 3239 1511 adhaerere;
3289 1435 3547 1517 reliquit
3567 1452 3731 1513 quae

2170 1552 2281 1598 sua
2311 1543 2492 1597 erant
2513 1578 2532 1607 ‚
2571 1544 2638 1599 ut
2668 1534 2977 1598 Christum
3008 1534 3442 1599 lucrifaceret:
3494 1535 3728 1595 Verum

2167 1629 2233 1691 in
2262 1630 2414 1712 ipsis
2443 1632 2637 1694 etiam
2669 1633 3064 1698 voluntariae
3111 1630 3495 1715 paupertatis
3547 1646 3736 1714 angn-

2174 1728 2313 1792 stiis
2341 1728 2673 1794 dilatatum
2702 1738 2798 1795 est
2828 1751 2937 1794 cor
2968 1730 3108 1814 ejus
3135 1773 3153 1801 ‚
3186 1736 3252 1794 ut
3319 1749 3581 1811 quarum
3641 1748 3738 1794 re-

2169 1844 2308 1888 rum
2337 1846 2453 1891 nec
2481 1828 2881 1910 possessione
2914 1848 3029 1891 nec
3077 1828 3303 1892 affectu
3363 1827 3737 1901 tenebatur,

2175 1922 2243 1985 in
2272 1943 2382 1989 eas
2410 1926 2636 1987 mirum
2669 1946 2859 2007 saepe
2882 1925 2986 2010 jus
3014 1934 3078 1991 et
3113 1926 3451 2009 imperium
3475 1970 3495 2000 ‚
3557 1942 3738 2009 supra

2167 2020 2233 2085 id
2262 2022 2429 2104 quod
2463 2032 2720 2087 naturae
2751 2023 2927 2106 leges
2954 2024 3192 2097 ferunt,
3226 2030 3362 2088 Deo
3393 2024 3737 2089 conceden-

2178 2125 2245 2181 te
2270 2124 2614 2183 exerceret.
2662 2124 2836 2183 Nunc
2893 2108 3161 2200 deniqne
3221 2120 3300 2182 ad
3357 2121 3734 2184 immensum

2179 2214 2430 2280 Gloriae
2464 2217 2746 2299 pondus,
2778 2236 2898 2298 qna
2929 2216 2986 2278 is
3011 2216 3384 2298 jamdudum
3422 2217 3486 2279 in
3540 2214 3743 2283 Caelis

2179 2313 2437 2394 potitur,
2470 2333 2590 2395 non
2623 2314 2886 2397 exiguus
2917 2315 2979 2375 in
3012 2315 3231 2378 Terris
3261 2313 3527 2379 accessit
3553 2314 3770 2381 bono-.

2180 2411 2266 2474 rin
2290 2411 2582 2476 cumulus
2603 2455 2623 2484 ‚
2655 2412 2917 2476 decreto
2948 2413 3159 2476 eidem
3189 2411 3367 2476 cnl‘tu
3414 2412 3748 2476 universae

2181 2526 2297 2589 per
2323 2509 2551 2574 Orbem
2583 2507 2910 2573 Ecclesiae
2931 2554 2951 2582 ‚
2987 2510 3086 2573 cui
3113 2528 3242 2572 uos
3272 2508 3412 2572 licet
3470 2507 3748 2591 indigni,

2183 2603 2399 2667 Divina
2426 2605 2749 2672 voluntate
2800 2606 3245 2689 praesidentes
3266 2650 3286 2680 ‚
3345 2607 3547 2688 ipsum
3603 2607 3750 2670 bea·

2153 2707 2316 2767 ,tum
2351 2702 2566 2766 Virum
2591 2748 2610 2776 ‚
2638 2700 3135 2768 christianarum
3198 2704 3493 2768 virtutum
3544 2701 3753 2785 perfe-

2186 2799 2397 2863 ctione
2427 2806 2492 2863 et
2547 2799 2982 2867 miraculorum
3039 2801 3335 2866 claritate
3390 2800 3700 2866 illustrem
3727 2846 3746 2875 ,

2185 2895 2354 2960 inter
2380 2907 2628 2963 sanctos
2657 2898 3067 2963 confessores
3097 2918 3132 2964 a
3166 2899 3359 2964 Nobis
3413 2918 3552 2964 cnm
3607 2918 3753 2963 con-

2185 2992 2339 3059 sitio
2360 2993 2830 3060 venerabilium
2868 3002 3158 3061 Fratrum
3187 3004 3544 3061 nostrornm
3576 3003 3635 3060 S.
3677 3002 3751 3060 R.

2192 3095 2262 3154 E.
2294 3091 2718 3157 cardinalium
2743 3136 2763 3167 ‚
2791 3112 3031 3158 necnon
3062 3094 3559 3162 Patriarcbarum
3582 3137 3603 3168 ,
3646 3097 3756 3157 Ar·-

2189 3188 2731 3272 cbiepiscoporum
2755 3236 2775 3262 ,
2806 3198 2871 3255 et
2901 3192 3360 3276 Episcoporum
3383 3192 3446 3255 in
3477 3200 3753 3258 Romana

2188 3285 2378 3351 Curia
2408 3284 2728 3369 frequenti
2762 3307 3030 3352 numero
3061 3297 3589 3371 congregatorum
3632 3289 3756 3355 rite

2190 3403 2263 3447 ac
2290 3382 2660 3449 solemniter
2684 3386 3073 3469 adscriptum
3098 3429 3118 3459 ‚
3152 3385 3458 3469 religiosa
3501 3403 3759 3452 venera·

2189 3482 2360 3546 tione
2392 3483 2896 3563 prosequendum
2921 3526 2941 3555 ‚
2973 3490 3039 3546 et
3095 3482 3371 3565 proficua
3418 3483 3752 3547 devotione

2189 3576 2598 3643 invocandum
2634 3578 3038 3660 proponimus
3061 3623 3080 3652 ,
3113 3599 3185 3644 ac
3215 3578 3638 3661 praesentium
3666 3578 3760 3642 Li·

2191 3681 2472 3739 terarum
2500 3681 2716 3738 tenore
2743 3674 3206 3739 denunciamus.

2322 3768 2677 3834 vallisoleti
2710 3770 2909 3833 nobili
2936 3771 3282 3853 Hispaniae
3309 3772 3515 3845 Urbe,
3569 3780 3757 3837 natus
3795 3790 3845 3851 Β

2197 3875 2298 3931 est
2320 3874 2547 3932 Petrus
2576 3887 2736 3932 anno
2766 3867 2985 3931 salutis
3018 3873 3345 3934 HCCCXC.
3388 3889 3467 3933 ex
3520 3868 3759 3933 Nobili-

2196 3963 2371 4030 libus
2400 3965 2642 4047 piisque
2671 3965 3039 4047 parentibus
3065 4009 3086 4039 ‚
3120 3957 3385 4047 quorum
3430 3964 3759 4049 disciplina

2197 4067 2263 4126 et
2290 4062 2603 4144 exemplis
2632 4061 2953 4137 eruditus,
2988 4083 3059 4128 ac
3113 4063 3334 4128 Divina
3388 4065 3757 4146 praesertim

2197 4159 2397 4241 gratia
2430 4165 2807 4241 praeventus
2833 4160 3042 4244 coepit
3075 4180 3108 4224 a
3143 4179 3340 4241 puero
3369 4161 3447 4223 ad
3477 4160 3761 4226 christia·

2199 4275 2316 4319 nae
2349 4251 2757 4337 perfectionis
2786 4254 2964 4339 leges
2990 4256 3177 4319 vitam
3212 4275 3551 4337 moresque
3611 4278 3759 4323 suos

2197 4367 2581 4432 componere
2612 4358 2676 4413 et
2706 4351 3145 4426 conformare;
3205 4353 3358 4436 quin
3416 4354 3603 4418 etiam
3658 4355 3760 4420 vix

2201 4446 2447 4510 decimo
2476 4448 2703 4512 aetatis
2755 4467 2920 4511 anno
2971 4455 3326 4524 transacto,
3393 4451 3759 4519 domesticis

2195 4540 2606 4607 facultatibus
2634 4543 3105 4626 honoribusque
3136 4548 3508 4628 contemptis
3529 4591 3550 4620 ‚
3577 4551 3763 4612 Fran·

2201 4638 2430 4703 ciscani
2465 4640 2639 4703 Instit
2651 4640 2740 4703 uti
2767 4640 3050 4704 habitum
3073 4661 3146 4705 ac
3171 4641 3624 4722 professionem
3658 4662 3765 4708 ex·

2199 4743 2441 4815 petere.
2472 4735 2731 4801 Restitit
2766 4736 3019 4818 quidem
3054 4739 3135 4801 ab
3179 4738 3363 4801 initio
3421 4739 3768 4804 amantissi-

2208 4852 2306 4895 ma
2335 4838 2575 4906 Mater,
2608 4842 2672 4898 et
2698 4833 2821 4916 piis
2850 4833 2990 4896 Filii
3022 4833 3350 4900 desideriis
3385 4833 3773 4902 obsecunda-

2209 4948 2282 4993 re
2313 4930 2576 4994 triennio
2598 4939 2744 4994 toto
2775 4932 3128 5005 recusavit3
3154 4941 3370 4995 verum
3413 4932 3471 4995 is
3499 4931 3564 4993 in
3625 4953 3763 4998 san·

2205 5032 2309 5090 cto
2335 5026 2656 5108 proposito
2678 5025 2952 5092 firmiter
2979 5046 3393 5110 perseverans
3413 5071 3434 5101 ‚
3490 5041 3771 5112 euntque

2199 5120 2570 5204 praeferens
2595 5122 2778 5191 nutri
2800 5167 2823 5201 ‚
2857 5141 3046 5208 quem
3086 5123 3407 5208 praeferre
3458 5124 3768 5212 jubemur
