4442 6300
1509 515 1881 614 Qquut‘
1920 540 2111 596 sam:
2117 532 2393 596 ‘ionum
2458 547 2622 599 ι’·ιο

3398 539 3506 590 827

454 682 718 753 licorum
747 693 1128 771 flegmatum
1147 687 1553 773 integritate
1586 698 1649 754 et
1678 666 2013 755 errantium
2132 710 2257 773 qne
2309 688 2384 756 ad
2440 696 2708 764 mortem
2765 688 3177 773 praestiturus
3219 694 3397 760 erat,
3454 704 3693 749 assum-

449 785 881 851 Proximorum
896 785 1096 850 salute
1117 795 1457 870 perpetuos
1480 787 1758 859 labores,
1776 806 2017 850 aerum-

452 900 609 957 nas,
644 881 969 964 pericula,
1002 894 1278 961 mortem
1303 886 1630 968 denique
1612 904 1810 968 ipsam
1844 884 2017 948 forti·

459 989 562 1044 ter
587 981 783 1046 subiit
802 981 1138 1062 ,sproteoio
1167 980 1366 1047 vitam
1398 1004 1571 1048 suam
1595 1003 1723 1047 non
1753 989 1876 1047 tam
1907 981 2020 1045 ini·

453 1077 764 1143 micorum
795 1076 968 1145 ferro
1021 1080 1370 1167 praecisam
1432 1080 1719 1146 amisisse
1747 1124 1768 1154 ,
1830 1101 2016 1167 quam

458 1175 654 1241 veluti
689 1186 1008 1240 maturum.
1026 1178 1412 1243 caelestibus
1439 1179 1683 1244 horreis
1709 1177 1975 1243 fructum
1994 1222 2015 1252 ,

359 1344 362 1349 ,
455 1274 523 1337 in
554 1274 777 1341 manus
804 1275 917 1337 Dei
951 1276 1322 1358 deposuisse
1343 1276 1658 1341 -dicendus'
1687 1288 1805 1340 est.

579 1373 997 1456 Huncitaque
1038 1374 1290 1438 beatum
1348 1374 1561 1439 Virum
1581 1417 1604 1449 ,
1671 1371 2018 1445 catholicae

457 1468 638 1543 Fidei
670 1490 1088 1553 praeconem,
1139 1466 1534 1538 adsertorem
1559 1517 1582 1547 ,
1636 1480 1972 1558 martyrem
1997 1515 2018 1543 ,

461 1566 727 1633 solemni
756 1569 1001 1653 judicio
1030 1577 1285 1645 nostro,
1346 1574 1488 1635 c‘um
1543 1569 2018 1635 ‘venerabilium

459 1671 744 1733 Fratrum
773 1672 1141 1732 Nostrorum
1201 1675 1261 1733 S.
1292 1676 1358 1731 R.
1422 1674 1493 1732 E.
1557 1664 2021 1739 cardinalium,

457 1780 701 1829 necnon
724 1765 1222 1833 Patriarcharum
1246 1810 1268 1839 ‚
1315 1764 1863 1850 plurimorumque
1910 1770 2018 1827 Ar·

458 1860 1024 1943 cbiepiscoporum,
1051 1870 1115 1926 ‘et
1144 1864 1596 1946 Episcopomm
1629 1870 1857 1928 Romae
1875 1881 2019 1925 con-

459 1966 876 2045 gregatorum·
895 1961 1159 2025 consilio
1187 1968 1253 2025 et
1283 1980 1539 2026 assensu
1560 2003 1582 2034 ,
1611 1960 1888 2044 agnitum
1930 1964 2017 2024 at·

468 2076 595 2137 que
622 2057 956 2139 probatum
976 2101 996 2129 ,
1024 2061 1218 2140 Apost
1230 2057 1795 2124 ulica-Auctoritate
1815 2056 2017 2143 humi»

460 2151 620 2218 litati
650 2158 915 2218 Nostrae
944 2153 1243 2221 divinitas
1298 2175 1636 2229 concessa,
1693 2157 2017 2220 universae

463 2250 781 2316 Ecclesiae
813 2251 922 2316 Dei
953 2251 1288 2316 colendum
1323 2260 1387 2317 et
1415 2253 1831 2318 venerandum
1884 2271 2023 2334 pro-

461 2348 792 2429 ponimus=
850 2347 966 2422 Qui
1005 2348 1452 2433 Sigmaringae
1532 2348 2021 2419 constantiensis

465 2444 830 2513 Dioecesis
813 2462 886 2506 in
905 2446 1128 2509 Svevia
1180 2446 1466 2533 Oppido,
1518 2446 1782 2512 honesta
1837 2447 2023 2531 Rojo-

459 2560 598 2606 rum
613 2543 860 2626 stirpe,
891 2541 1222 2607 catholicis
1250 2544 1499 2626 piisque
1533 2534 1902 2625 Parentibus
1924 2556 2021 2609 or·

459 2646 560 2704 tus
589 2660 750 2705 anno
779 2639 1025 2704 Domini
1054 2643 1479 2715 Mntxxvu..
1509 2651 1571 2706 et
1623 2644 1878 2709 salutari
1934 2643 2021 2706 la-

458 2757 645 2802 vacro
700 2737 1079 2818 tempestive
1136 2748 1597 2821 regeneratus,
1659 2740 2026 2805 innocenter

464 2842 683 2899 exacta
710 2835 1015 2921 puentia,
1043 2844 1105 2898 et
1135 2836 1430 2917 sequenti
1462 2842 1665 2902 aetate
1709 2838 1773 2900 in
1827 2834 2019 2901 bone-

462 2932 876 3001 stissimarum
894 2931 1358 3014 disciplinarum
1386 2943 1452 2999 et
1474 2934 1871 3000 scientiarum
1896 2920 2020 3017 st'uf

459 3030 589 3095 diis
615 3051 760 3095 cum
787 3029 972 3094 laude
1001 3037 1358 3106 transacta,
1411 3032 1731 3097 nobilibus
1787 3012 2017 3097 deinde

460 3126 987 3209 Adulescentibus
1016 3126 1257 3192 Italiam
1288 3075 1680 3222 Galliamque
1697 3149 2022 3214 peragran-

458 3223 626 3290 tibus
655 3246 871 3291 comes
899 3233 964 3289 et
993 3227 1372 3310 gubernator
1408 3225 1658 3293 datus
1609 3272 1631 3301 ,
1665 3250 1777 3293 sex
1817 3227 2020 3293 ferme

461 3341 766 3388 annorum
799 3325 1044 3406 spatio,
1075 3331 1200 3385 tum
1234 3344 1454 3389 eorum
1478 3369 1499 3398 ,
1538 3333 1669 3389 tum
1731 3324 2051 3408 propriaej

483 3422 825 3485 eruditioni
881 3428 947 3486 et
973 3415 1186 3498 virtuti
1228 3424 1686 3504 promovendae
1739 3422 2020 3487 sedulam

463 3519 1001 3603 navavit-operam.
1031 3525 1174 3584 Mox
1191 3518 1526 3601 utriusque
1550 3522 1718 3585 Juris
1746 3521 2020 3585 lauream

469 3617 768 3699 friburgi
795 3617 1061 3699 adeptus
1078 3616 1410 3689 ,advocati
1447 3619 1674 3683 mu'nus
1733 3619 2025 3686 Ensishe-

460 3713 572 3777 mii
602 3712 931 3784 in-Alsatia
978 3712 1304 3794 protessus
1358 3725 1478 3779 est.
1540 3719 1771 3784 Verum
1828 3735 2016 3798 quum

469 3810 672 3894 ipsius
698 3812 943 3874 animus
989 3807 1323 3875 desideriis
1378 3811 1767 3877 secularibus
1822 3813 2024 3876 neuti-

463 3925 651 3989 quam
678 3905 1009 3970 inhaerens
1033 3949 1056 3978 ,
1091 3907 1167 3970 ad
1199 3907 1572 3974 christianae
1612 3907 2022 3994 perfectionis

466 4002 738 4077 studium
755 4001 1038 4068 interiori
1069 4002 1180 4066 Dei
1209 4023 1361 4070 voce
1381 4004 1773 4078 traheretur,
1804 4005 2022 4078 turbu·

462 4089 667 4166 lentas
698 4099 1358 4176 Foricontroversias,
1386 4109 1574 4182 atque
1601 4111 1887 4184 suspecta
1917 4123 2024 4167 nc-

466 4198 637 4282 gotia
662 4196 787 4262 cito
816 4198 1097 4270 dimisit,
1129 4199 1343 4280 ‘seque
1402 4198 1642 4263 Divinis
1698 4199 2023 4281 obsequiis

462 4287 829 4378 plenissime
859 4294 1258 4359 dedicaturus
1283 4339 1303 4367 ,
1356 4295 1547 4359 sacris
1603 4295 1788 4360 simul
1840 4297 2021 4364 ordi-

467 4394 649 4457 nibus
667 4393 924 4465 initiari,
951 4402 1015 4456 et
1046 4393 1109 4454 in
1134 4393 1512 4476 Religiosam
1538 4393 1858 4457 Familiam
1885 4399 2025 4459 Fra-

2126 787 2273 873 psit

2254 886 2669 970 Evangelicae
2727 887 3166 970 paupertatis,
3232 881 3689 955 continentiae,

2135 985 2661 1069 obedientiaeque
2690 995 2829 1049 vota
2852 1028 2873 1059 ,
2905 985 2981 1049 ad
3012 1005 3170 1069 quae
3198 991 3332 1048 toto
3370 979 3690 1047 constituti

2133 1082 2425 1146 Tirocinii
2460 1083 2726 1147 decursu
2750 1124 2770 1154 ,
2802 1082 3081 1144 omnium
3112 1080 3412 1145 virtutum
3454 1076 3692 1142 exerci-

2137 1179 2371 1247 tatione
2398 1200 2470 1244 se
2498 1188 2957 1263 comparaverat
2985 1223 3006 1252 ,
3037 1199 3116 1244 eo
3157 1178 3379 1261 spiritu
3434 1175 3691 1249 emisit,

2134 1287 2206 1341 ut
2246 1297 2499 1359 semper
2525 1278 2644 1344 hoc
2674 1276 2873 1358 ipsum
2906 1277 3071 1341 inter
3099 1277 3365 1339 maxima
3422 1293 3591 1359 erga·
3624 1294 3693 1338 se

2138 1374 2403 1439 Divinae
2436 1376 2744 1460 largitatis
2798 1374 3103 1439 beneficia
3162 1390 3694 1439 commemorave-

2131 1471 2215 1536 rit
2243 1518 2264 1547 ,
2294 1462 2462 1554 quand
2494 1473 2570 1534 ad
2604 1494 2676 1537 ea
2704 1473 3054 1554 profitenda
3085 1481 3342 1535 vocatus
3388 1468 3579 1535 fuerit
3630 1476 3699 1532 et

2138 1568 2474 1636 admissus.
2503 1577 2706 1647 Quare
2729 1570 2807 1635 de
2838 1571 3115 1654 ipsorum
3136 1566 3545 1651 implemento
3564 1586 3693 1629 om·

2117 1670 2206 1730 ·ni
2236 1688 2317 1749 ex
2350 1677 2528 1754 parte
2556 1668 2837 1757 solicitus
2858 1712 2879 1742 ,
2910 1677 2972 1733 et
3003 1687 3189 1750 quum
3219 1666 3515 1748 privatam
3548 1668 3698 1728 Coe·

2149 1766 2343 1831 nobio
2368 1766 2557 1831 vitam
2588 1775 2848 1850 ageret,
2879 1765 3206 1851 Regularis
3235 1764 3397 1827 vitae
3424 1762 3697 1844 discipli·
3748 1789 3795 1852 c

2131 1882 2281 1925 nam
2314 1884 2561 1929 nmmo
2590 1863 2797 1928 studio
2841 1869 3028 1945 atque
3085 1860 3434 1926 bumilitate
3493 1882 3699 1927 serva·

2137 1960 2273 2036 vit3
2300 1969 2362 2025 et
2395 1980 2588 2043 quum
2622 1961 2954 2041 deinceps,
2986 1981 3065 2024 ex
3096 1960 3456 2050 obedientia
3480 1964 3701 2032 ,Con-

2138 2068 2372 2124 ventus
2401 2057 2935 2122 Veldkirrhieusis
2967 2056 3257 2141 regimini
3282 2058 3383 2120 diu
3400 2056 3698 2141 praefuit,

2136 2167 2638 2223 consummatum
2670 2155 3532 2238 sepertectionisMagistrum
3553 2145 3696 2222 aliis

2136 2256 2331 2321 etiam
2367 2254 2837 2336 exhibui13prc
2871 2252 2979 2317 Dei
3011 2252 3215 2337 gloria
3242 2263 3309 2319 et
3346 2255 3696 2321 animarum

2134 2354 2348 2419 salute
2377 2351 2850 2437 zelo-flagrans,
2882 2351 2945 2411 in
2975 2341 3383 2417 exhortandis
3427 2351 3523 2437 ad·
3564 2352 3696 2433 pic-

2130 2460 2323 2516 tatem
2361 2459 2426 2514 et
2452 2449 2847 2514 concordiam
2878 2448 3201 2513 Fratribus
3222 2447 3452 2521 alacer,
3481 2448 3542 2510 in
3564 2469 3699 2514 cor·

2132 2547 2440 2632 ripiendis
2467 2566 2607 2611 cum
2643 2544 3121 2609 mansuetudine
3188 2554 3458 2627 potens,
3514 2544 3579 2606 in
3634 2565 3700 2608 o·

2133 2645 2404 2725 beundis
2433 2664 2547 2728 pro
2601 2643 3002 2711 subditorum
3061 2648 3206 2707 cura
3265 2651 3331 2707 et
3388 2636 3699 2706 levamine

2133 2734 2402 2827 abjectis
2432 2736 2928 2824 quibuscumque
2949 2736 3329 2811 ministeriis=
3345 2739 3698 2806 laboriosus

2134 2848 2198 2904 et
2227 2839 2500 2904 humilis.
2534 2844 2619 2901 De
2649 2857 2765 2902 sua
2794 2857 2943 2902 vero
2982 2836 3375 2919 perfectione
3402 2848 3468 2901 et
3499 2836 3699 2903 salute

2131 2957 2323 3022 super
2348 2936 2549 3002 omnia
2580 2934 2908 3003 solicitus,
2940 2932 3228 3000 assiduus
3246 2934 3452 3001 'suitin
3484 2955 3694 2999 rerum

2130 3037 2490 3100 Divinarum
2516 3032 2955 3107 meditatione3
2984 3032 3253 3116 ideoque
3286 3032 3539 3105 ceteris,
3558 3032 3699 3114 pcs't

2131 3139 2433 3198 nocturna
2464 3146 2719 3213 precum
2778 3136 2847 3193 et
2902 3127 3330 3195 laudationum
3390 3128 3596 3202 officia
3657 3152 3694 3194 e

2139 3230 2342 3294 Choro
2373 3221 2883 3301 discedentibus,
2911 3226 3049 3308 ipse
3085 3227 3151 3289 in
3194 3225 3468 3292 Ecclesia
3518 3227 3698 3292 flexis

2133 3327 2403 3411 genibus
2430 3345 2638 3396 coram
2697 3324 3125 3388 sanctissimo
3169 3330 3563 3388 sacramento
3617 3323 3696 3390 affl

2137 3443 2425 3491 auroram
2453 3423 2749 3504 usquein
2781 3420 3064 3486 oratione
3116 3422 3229 3485 Dei
3296 3441 3697 3503 perseverare
3784 3477 3791 3484 .

2132 3519 2490 3593 consuevit;
2520 3515 2781 3604 insuper,
2801 3559 2821 3591 ,
2854 3518 3235 3604 praescripta
3259 3525 3567 3583 Horarum
3587 3524 3695 3583 Ca-

2134 3619 2491 3699 nonicarum
2523 3615 2873 3698 psalmodia
2907 3615 3542 3694 mini'mecontentus,
3573 3616 3696 3679 duo

2132 3715 2253 3781 alia
2286 3713 2506 3779 Officia
2530 3757 2551 3786 ,
2580 3713 2878 3776 nimirum
2909 3713 2987 3776 de
3032 3713 3396 3784 beatissima
3446 3712 3695 3797 Virgine

2132 3811 2325 3878 uaria
2345 3855 2365 3884 ,
2394 3818 2465 3875 et
2495 3810 2572 3872 de
2606 3817 2664 3874 S.
2699 3797 3023 3874 Francisco
3050 3810 3370 3874 Patriacha
3401 3831 3514 3874 suo
3542 3813 3694 3891 qino·

2134 3903 2286 3971 tidie
2314 3907 2634 3972 recitabat.
2669 3906 2845 3981 Quod
2876 3914 3087 3971 autem
3121 3924 3311 3988 saepe
3340 3925 3374 3969 a
3421 3909 3689 3973 Domino

2131 4004 2477 4088 flagitabat,
2503 4013 2574 4067 ut
2604 4003 2725 4067 sibi
2756 4003 3011 4067 daretur
3037 4001 3223 4067 vitam
3257 4005 3336 4067 ab
3366 4004 3696 4085 omnipec·

2132 4103 2252 4168 cati
2282 4102 2428 4165 labe
2456 4099 2801 4164 immunem
2834 4091 3204 4172 traducere,
3232 4099 3336 4173 id,
3394 4109 3466 4168 ut
3520 4121 3694 4165 secu-

2137 4199 2268 4264 rius
2301 4198 2588 4262 obtinere
2617 4203 3011 4268 mereretur,
3041 4215 3274 4279 corpus
3323 4217 3504 4264 suum
3553 4198 3693 4261 cili-

2134 4296 2253 4361 ciis
2286 4294 2555 4377 aliisque
2582 4292 2948 4358 voluntariis
3004 4294 3516 4377 castigationibus
3540 4293 3698 4358 affli-

2136 4403 2304 4482 ctum
2338 4381 3035 4475 perpetua'fere-inedia
3096 4392 3517 4464 extenuabat,
3568 4411 3696 4457 non

468 4499 636 4554 trum
677 4490 990 4554 Mitiorum
1050 4494 1109 4551 S.
1169 4488 1471 4553 Francisci
1533 4490 2020 4569 capuccinorum
2133 4512 2207 4556 ea
2254 4497 2494 4553 tantum
2547 4487 2791 4571 jejunia
2852 4489 3258 4552 exactissime
3312 4490 3695 4560 observans,

470 4586 713 4651 admitti
740 4585 1098 4668 postulavit.
1130 4586 1469 4668 Utriusque
1497 4586 1623 4649 voti
1655 4595 1914 4669 compos
1937 4585 2027 4650 ef·

461 4683 704 4756 fectus,
737 4679 880 4764 post
912 4681 1180 4764 primum
1208 4681 1438 4766 Missae
1482 4682 1862 4748 Sacrificium
1925 4684 2028 4748 die

465 4781 630 4845 festo
661 4781 950 4865 ejusdem
981 4785 1039 4843 S.
1070 4779 1382 4843 Francisci
1414 4771 1894 4861 religiosissime
1923 4802 2029 4863 pe-

469 4887 709 4941 ractum
735 4921 757 4952 ,
786 4877 1078 4958 arctioris
1103 4876 1373 4944 instituti
1406 4875 1685 4939 habitum
1719 4887 1910 4960 atque
1939 4896 2028 4943 ra-

463 4976 701 5041 tionem
729 4985 1095 5057 'novumque
1127 4973 1355 5038 Fidelis
1385 4993 1622 5038 nomen
1647 4974 1892 5060 (quum
1924 4993 2027 5037 an-

467 5080 568 5137 tea
596 5078 843 5138 Marcus
891 5068 1267 5154 vocaretur)
1323 5068 1497 5132 velut
1553 5069 1615 5131 in
1673 5071 2025 5155 auspicium

467 5169 828 5255 praeclarae
857 5167 1071 5242 Fidei,
1097 5186 1286 5250 quam
1320 5172 1449 5236 Deo
1476 5173 1538 5230 et
1569 5164 1894 5248 Ecclesiae
1925 5187 2029 5234 eus-

2136 4605 2299 4670 quae
2327 4584 2687 4667 exlegibus
2717 4582 2812 4649 sui
2849 4584 3103 4649 Ordinis
3159 4587 3488 4652 maximam
3545 4586 3688 4648 anni

2137 4695 2372 4768 partem
2403 4681 2931 4765 comprehendere
2963 4682 3448 4766 dignoscuntur,
3479 4682 3590 4745 sed
3611 4682 3690 4755 iis

2133 4780 2424 4847 'etiamid
2456 4779 2625 4844 ultro
2647 4778 2998 4862 adjiciens,
3031 4787 3097 4842 ut
3132 4779 3521 4844 solemnibus
3572 4780 3695 4843 Ad-

2138 4888 2361 4948 ventus
2386 4886 2455 4941 et
2480 4873 3003 4958 Quadragesimae
3021 4875 3279 4959 jejuniis
3304 4920 3325 4950 ,
3350 4886 3415 4942 et
3445 4883 3695 4940 Sancto-

2142 4995 2279 5039 rum
2309 4972 2695 5057 quorundam
2729 4973 3071 5060 pervigiliis
3099 4995 3134 5037 a
3163 4990 3559 5057 quocumque
3582 4976 3695 5038 u'b-

2125 5071 2323 5136 ·sonio
2349 5071 2734 5141 abstineret,
2763 5075 2903 5131 turn
2930 5070 3190 5153 reliquis
3228 5071 3523 5134 omuibus
3584 5089 3697 5152 per

2141 5186 2372 5233 annum
2404 5163 2704 5245 Secundis
2723 5206 2745 5237 ‚
2773 5164 3023 5241 Quartis
3051 5173 3115 5231 et
3146 5166 3351 5232 Sextis
3377 5164 3575 5231 Feriis
3599 5185 3700 5230 so·

572 5367 626 5420 Α
664 5362 861 5420 sancei
881 5361 1100 5418 Fidelis
1123 5375 1278 5418 orm
1296 5401 1313 5429 ,
1340 5345 1396 5416 ει
1421 5361 1546 5415 vica
1571 5363 1701 5417 ante
1730 5362 2030 5432 ingres-sum
2058 5363 2119 5416 in
2147 5360 2520 5431 Religionem.

575 5456 621 5509 Β
669 5452 1110 5527 Gapuccr'norum
1137 5450 1487 5522 Religionem
1519 5450 1842 5521 §agrestium

1991 5453 2038 5507 C
2073 5449 2259 5522 Ipsius
2283 5449 2539 5508 virtutes.
