4442 6300
946 533 1016 582 ³²
1947 534 2149 586 ACTA
2190 536 2847 590 CANONtzATmms

1266 695 1817 741 tnTtntATto

796 873 913 943 Pr!-
939 873 1240 933 Cur-sores
1273 869 1552 934 facienda
1585 873 1775 936 etiam
1808 875 1987 938 Domi
2023 874 2278 938 dimissa

1433 989 1639 1053 copia.

877 1163 1064 1223 Feria
1094 1171 1309 1239 quinta
1339 1171 1432 1227 die
1463 1171 1751 1243 vigesima
1772 1173 1968 1242 primo
1983 1174 2321 1244 praesentis

746 1265 968 1322 mensis
992 1262 1218 1335 Aprilis
1249 1263 1399 1326 hora
1431 1263 1674 1327 decima
1706 1265 1920 1345 quinta
1947 1268 2012 1326 in
2029 1269 2180 1326 Aula
2208 1270 2318 1325 Re-

750 1362 854 1433 9ia
893 1358 1128 1420 Palatii
1171 1364 1511 1436 Apostolici
1560 1366 1896 1436 Quirinalis
1940 1367 2053 1424 erit
2105 1368 2310 1424 Consi·

747 1462 1001 1516 sterium
1030 1462 1333 1531 publicum
1344 1476 1459 1535 pro
1488 1466 1788 1535 proximis
1809 1466 2320 1522 canonizationis

746 1555 1082 1614 sollemniis
1119 1556 1448 1616 Beatorum
1478 1558 1806 1618 FIDELIS
1828 1576 1867 1617 a
1889 1559 2318 1619 SIGMARIN-

754 1648 852 1709 ΗΔ
883 1653 1173 1727 Martyris
1223 1654 1469 1715 Ordinis
1522 1656 1833 1716 Minorum
1888 1657 1948 1717 S.
2003 1657 2323 1717 Francisci

750 1752 1268 1825 capuccinorum,
1328 1754 1679 1813 cautam
1722 1759 1791 1814 de
1846 1755 2127 1815 LELLIS
2187 1758 2318 1817 Cle·

744 1851 1010 1907 ricorum
1061 1851 1451 1925 Reyutarium
1514 1853 1999 1912 ministrantium
2050 1853 2319 1926 Infit-mis

750 1945 1121 2007 Fundatoris
1145 1986 1167 2017 ‚
1219 1958 1275 2007 et
1330 1950 1579 2007 PETRI
1638 1948 1835 2007 REGA
1848 1950 2027 2007 LATI
2066 1946 2318 2010 Ordinis

750 2042 1053 2103 Minoi-um
1090 2044 1562 2106 observantium
1593 2046 1653 2105 S.
1690 2046 2041 2117 Francisci,
2071 2050 2315 2125 Confes-

749 2154 969 2199 sorum.
1060 2154 1075 2163 “

871 2238 1347 2299 Eminentissimi
1371 2250 1429 2300 et
1464 2242 1974 2301 Reverendissimi
2006 2242 2131 2300 DD.
2167 2244 2316 2302 Car-

745 2337 983 2395 dinales
1010 2340 1078 2395 in
1095 2342 1475 2412 praedictum
1508 2340 1822 2410 Quirinale
1860 2339 2172 2399 Palatium
2202 2343 2314 2399 sub

744 2437 1010 2492 eamdem
1036 2436 1240 2495 boram
1273 2439 1653 2506 convenient,
1687 2440 2054 2511 sumptisque
2090 2440 2315 2509 Cappis

672 2532 680 2547 '
742 2532 1034 2591 violaceis
1061 2536 1128 2591 in
1156 2536 1440 2593 consueto
1469 2538 1607 2593 toco
1633 2541 1714 2594 ad
1744 2537 1958 2594 Aulam
1985 2535 2309 2595 Paramen·

745 2636 940 2688 torum
972 2636 1278 2701 accedent,
1308 2637 1465 2691 unde
1497 2630 1738 2693 SUMM
1752 2634 1850 2692 tls
1877 2630 2317 2692 PONTIFEX

744 2730 812 2786 in
839 2730 1188 2804 praefatam
1226 2732 1440 2789 Aulam
1476 2733 1724 2806 Regiam
1750 2734 2055 2807 deseretur.

877 2828 1026 2883 Cum
1045 2826 1476 2887 SANCTITAS
1505 2829 1649 2889 SUA
1684 2831 1750 2886 in
1785 2829 1949 2888 Solio
1978 2846 2038 2888 se
2072 2844 2315 2903 compo·

739 2924 966 2993 suerit,
996 2926 1402 2983 obedientiam
1433 2930 1544 2984 rite
1566 2930 1965 3001 praestabunt
1997 2969 2013 2985 .

873 3019 1030 3080 Mox
1057 3021 1230 3081 Sacri
1266 3025 1628 3083 Consistorii
1655 3025 1943 3084 Advocati
1967 3028 2181 3085 seriem
2212 3026 2309 3084 Vi·

744 3126 842 3178 tae
866 3161 889 3189 ,
938 3121 1240 3190 Virtutes,
1290 3129 1347 3179 et
1402 3121 1703 3181 Miracuta
1757 3126 2096 3182 eorumdem
2125 3127 2306 3182 trium

742 3215 1074 3275 Beatorum
1103 3224 1385 3292 sequenti
1405 3223 1616 3277 ordine
1650 3220 1928 3293 referent.

865 3311 1138 3374 Primam
1195 3319 1267 3374 de
1314 3318 1486 3375 beato
1547 3317 1839 3374 FIDELI
1884 3320 2305 3377 narrationem

738 3411 977 3469 babebit
1012 3412 1079 3469 D.
1112 3412 1446 3473 Advocatus
1482 3415 1766 3487 Virgilius
1797 3415 2255 3475 Montecatinus
2279 3458 2299 3485 ‚

738 3524 982 3583 unaque
1024 3511 1193 3568 itlius
1220 3513 1847 3584 pro'Canonizatione
1882 3528 1965 3570 ea:
2010 3529 2167 3571 more
2212 3514 2309 3570 in·

740 3608 943 3665 stabit.

863 3701 1211 3762 Secundam
1242 3707 1312 3761 de
1345 3706 1521 3763 beato
1567 3701 1923 3764 cAmLLO
1969 3705 2041 3763 D.
2080 3706 2304 3764 Advoc.

668 3797 677 3806 '
738 3800 947 3858 Julius
980 3803 1200 3860 Caesar
1225 3802 1591 3876 Faqmnns,
1621 3804 1726 3876 qui
1756 3812 1815 3860 et
1842 3805 2205 3862 instantiam
2238 3811 2306 3862 ut

737 3912 927 3967 supra
959 3897 1165 3972 faciet.

860 3993 1130 4060 Tertiam
1161 4012 1307 4054 vero
1337 3999 1406 4054 de
1440 3999 1615 4055 beato
1656 3993 1923 4055 PETRO
1968 3997 2039 4054 D.
2082 3993 2301 4055 Advoc.

732 4093 1350 4166 JosepttAscevolinns
1370 4111 1493 4150 non
1515 4097 1784 4153 absimili
1798 4099 1973 4152 modo
1994 4093 2304 4154 instando.

863 4191 1108 4250 Demum
1144 4193 1216 4250 D.
1262 4193 1594 4267 cajetanus
1639 4194 1887 4251 Amatus
1922 4190 2308 4264 Apostolico-

734 4284 1261 4366 rumffllitteraruin
1293 4294 1374 4347 ad
1409 4290 1719 4361 Principes
1761 4291 2133 4351 secretarius
2169 4292 2304 4347 DD.

737 4384 1069 4446 Advocatis
1098 4391 1157 4445 in
1185 4404 1384 4461 genua
1416 4390 1753 4460 provolutis
1779 4383 2307 4447 SA'NCTH'ATIS

737 4483 918 4544 SUAE
944 4487 1187 4543 nomine
1221 4502 1248 4542 e
1282 4487 1531 4543 sinistro
1569 4485 1727 4544 Solii
1768 4488 1951 4545 latere
1984 4491 2305 4558 responde-

738 4583 847 4642 bit.

864 4679 1007 4737 Ideo
1038 4683 1398 4737 intimentur
1428 4696 1624 4738 omnes
1657 4689 1715 4738 et
1742 4680 1976 4753 sinquti
1998 4682 2309 4750 praedicti

732 4777 1213 4835 Eminentissimi
1244 4786 1301 4836 et
1357 4777 1865 4834 Reverendissimi
1915 4776 2037 4833 DD.
2093 4779 2303 4836 Cardi-

728 4877 950 4944 nales3
998 4867 1355 4933 intimentur
1401 4876 1583 4932 etiam
1648 4875 1877 4932 Decani
1901 4915 1918 4941 ‚
1970 4891 2078 4932 seu
2138 4871 2304 4933 Anti·

730 4978 967 5048 quiores
992 4972 1432 5044 Episcoporum
1466 4971 1873 5029 assistentium
1905 4978 1963 5028 et
1992 4986 2117 5028 non
2139 4969 2299 5029 Assi-

729 5076 1040 5141 nentium,
1081 5071 1672 5135 Protonotariorum‚
1705 5069 2058 5127 Auditorum
2093 5069 2302 5139 Rotae,

731 5172 1096 5232 clericorum
1147 5171 1435 5228 Gamerae
1482 5168 1897 5242 Apostolicae‚
1953 5166 2303 5225 Votantium

729 5265 1090 5342 Siflnaturae
1121 5267 1404 5325 locstitiae
1427 5304 1448 5332 ‚
1485 5264 1980 5323 Abbreviatorum
2002 5301 2023 5331 ‚
2078 5270 2133 5320 et
2182 5263 2306 5321 Ad·

731 5375 1088 5427 vocatorum
1126 5364 1693 5433 ConsistoriaIium‚
1721 5370 1790 5420 ut
1842 5361 2119 5433 Colleyas
2161 5376 2305 5418 suos

726 5469 1126 5535 admoneant,
1155 5472 1216 5523 st
1248 5459 1479 5538 cappis
1519 5461 1726 5522 induti
1771 5462 2094 5528 intersint3
2145 5462 2306 5519 sicut

2438 683 2620 743 etiam
2640 685 3011 745 Secretarius
3039 685 3540 760 Congreyationis
3564 688 3875 750 Sacrorum
3902 692 3999 750 Ri-

2435 791 2635 849 tuum,
2663 792 2724 841 et
2760 784 3088 841 Promotor
3113 784 3305 842 Fidei.

2562 880 2926 939 Intimentnr
2940 899 3172 956 quoque
3204 880 3594 942 Gubernator
3624 888 3804 946 Urbis
3833 888 3997 944 Vice-

2437 978 2853 1048 Camerarius,
2917 978 3232 1050 Principes
3286 980 3437 1038 Solii
3453 1022 3471 1048 ‚
3529 985 3988 1043 conservatores

2442 1074 2619 1133 Urbis
2638 1115 2658 1143 ‚
2709 1073 2989 1135 Oratores
3036 1078 3362 1135 civitatum
3407 1082 3780 1138 subditorum
3805 1122 3825 1150 ‚
3877 1081 4010 1139 Ha·

2431 1173 2617 1245 qister
2644 1171 2824 1231 Sacri
2847 1173 3151 1245 Hospitii,
3173 1175 3469 1250 ceterique
3492 1178 3778 1236 intimari
3799 1177 3995 1235 soliti.

2657 1367 2749 1425 De
2787 1362 3075 1426 Mandato
3105 1363 3488 1427 sanctissimi
3522 1363 3766 1428 Domini
3796 1365 4008 1431 Nostri

2730 1463 2934 1539 Papae

2975 1656 3252 1732 Ionatius
3284 1659 3458 1720 Beati
3490 1657 3697 1735 Apost.
3722 1662 3998 1721 caerem.

3072 1755 3275 1831 Praef.
3733 1768 3742 1775 ‘

2554 1943 2716 2007 Aula
2741 1943 2929 2028 Regia
2961 1944 3023 2004 in
3052 1945 3355 2017 Quirinaii
3386 1942 3493 2010 illa
3524 1944 3792 2021 (licitur,
3838 1966 4002 2030 quae

2431 2041 2722 2122 proxima
2755 2040 3002 2106 sacello
3037 2042 3290 2106 Paulino
3336 2054 3467 2108 est.
3519 2050 3676 2106 Dum
3723 2046 3800 2107 ad
3855 2065 4000 2110 eam

2429 2138 2623 2202 sacris
2653 2140 2943 2219 pretiosis
2975 2138 3435 2221 paludamentis
3467 2142 3641 2204 rubri
3662 2142 3891 2207 coloris
3913 2143 4006 2205 in-

2427 2235 2613 2298 dutus
2636 2279 2656 2307 ‚
2686 2247 2751 2299 et
2779 2236 2840 2298 in
2875 2235 3094 2301 sellari
3125 2240 3513 2318 compositus
3543 2258 3722 2302 sacro
3765 2260 4000 2321 purpu-

2429 2339 2701 2396 ratorum
2734 2341 2987 2397 Petrum
3017 2341 3241 2397 Senatu
3271 2380 3289 2406 ,
3320 2337 3877 2400 conservatoribus
3895 2344 4002 2401 Ur-

2425 2429 2521 2491 bis
2545 2474 2565 2502 ‚
2598 2438 2661 2495 et
2691 2451 2915 2514 magno
2945 2431 3347 2496 Gemestabili
3395 2433 3698 2497 Columna
3742 2454 3997 2515 praece·

2424 2525 2716 2591 dentibus
2743 2527 3149 2592 deferebatur
3193 2530 3523 2603 Pontifex,
3569 2550 3685 2611 per
3724 2531 3991 2594 alteram

2424 2624 2991 2688 Parafrenariorum
3024 2627 3243 2688 Aulam
3274 2628 3583 2691 transiens
3600 2629 3877 2711 inspexit
3899 2630 3988 2691 ibi

2424 2722 2500 2785 ad
2546 2723 2854 2786 Parietem
2888 2742 3157 2804 appensa
3192 2742 3348 2788 nova
3380 2725 3817 2804 peristromata
3849 2746 4001 2790 aune

2424 2820 2713 2903 magistra
2746 2819 3068 2883 Artificum
3101 2841 3213 2883 acu
3240 2822 3407 2902 picta
3436 2822 3498 2883 in
3530 2829 3874 2904 pauperum
3909 2823 4000 2884 in·

2421 2916 2771 2981 validorum
2803 2918 3083 2998 Hospitio
3127 2937 3321 2999 prope
3375 2919 3685 3001 majorem
3727 2920 4001 3005 Tyberis

2428 3015 2679 3096 stipam,
2731 3017 2839 3077 ubi
2888 3015 3053 3079 inter
3090 3024 3297 3078 cetera
3343 3036 3621 3080 summae
3665 3017 3997 3082 charitatis

2422 3133 2610 3196 opera
2641 3115 2721 3176 ab
2752 3112 3114 3178 Innocentio
3141 3119 3273 3176 xtl.
3320 3113 3557 3186 ibidem
3601 3113 3859 3179 tundata
3901 3125 3998 3180 at-

2420 3233 2545 3293 qne
2587 3212 2921 3295 conjuncta
2947 3255 2968 3282 ,
3013 3212 3365 3293 cujusmodi
3413 3221 3557 3276 sunt
3598 3214 3876 3277 virorum
3923 3233 3998 3278 ae

2424 3308 2758 3373 mulierum
2820 3308 3147 3372 laboribus
3205 3329 3328 3373 non
3377 3311 3646 3394 amplius
3702 3324 3994 3394 aptorum

2422 3407 2799 3490 perfugium
2831 3406 3086 3487 inopum
3122 3427 3456 3489 puerorum
3486 3409 3563 3471 ad
3592 3409 3836 3491 opificia
3862 3409 3999 3472 edi·

2420 3506 2648 3568 suenda
2667 3503 3088 3587 gymnasium;
3118 3504 3606 3583 periclitantium
3636 3506 3992 3587 puellarum

2420 3599 2498 3662 ad
2526 3600 2948 3682 integritatem
2998 3601 3294 3664 tuendam
3350 3608 3791 3686 Gynaeceum3
3840 3604 4000 3665 hane

2424 3718 2676 3779 quoque
2720 3699 3135 3762 texendorum
3183 3705 3549 3762 stromatum
3604 3709 3805 3764 artem
3851 3700 3994 3764 Cle·

2426 3796 2653 3859 mentis
2696 3802 2797 3859 xl.
2828 3796 3128 3877 auspiciis
3171 3796 3481 3878 inceptam
3516 3798 3592 3859 ad
3622 3796 3995 3861 hodiernum

2420 3913 2616 3974 usque
2648 3893 2815 3955 diem
2847 3913 2968 3955 non
3002 3892 3189 3955 modo
3220 3913 3344 3955 non
3393 3893 3783 3958 imminutam
3809 3940 3829 3967 ‚
3882 3895 3997 3959 sed

2422 3989 2685 4053 mirifice
2715 3997 2958 4054 attotam
2992 3989 3304 4053 videmus.
3342 3995 3603 4054 Fuerant
3631 3992 3783 4056 baec
3805 3993 3991 4075 jussu

2419 4087 2800 4150 sanctissimi
2833 4087 3030 4151 Patris
3062 4096 3401 4160 contexta,
3430 4098 3500 4150 ut
3551 4089 3630 4150 iis
3678 4090 3988 4152 convesti-

2417 4195 2633 4249 rentur
2664 4185 2978 4267 parieteS‚
3010 4187 3116 4266 qui
3148 4186 3415 4247 Cborum
3449 4186 3735 4249 ambiunt
3763 4191 3995 4252 Metro-

2421 4281 2731 4365 politauae
2762 4281 3219 4354 Bononiensis,
3264 4282 3447 4364 cujus
3497 4282 3990 4348 administratio·

2419 4400 2559 4443 nem
2593 4379 2795 4444 factus
2830 4378 3115 4443 Pontifex
3148 4398 3267 4441 non
3300 4379 3578 4450 dimisit,
3622 4381 3986 4461 exemplum

2420 4487 2724 4558 sequutus
2753 4476 3093 4539 Clementis
3138 4482 3209 4536 tt.
3264 4475 3370 4556 qni
3424 4478 3991 4559 Bambergensem,

2417 4581 2473 4637 S.
2507 4576 2725 4637 Leonis
2757 4582 2855 4637 lx.
2890 4575 2995 4655 qui
3027 4572 3387 4635 'tullensem
3416 4616 3436 4645 ,
3468 4574 3775 4646 Victoris,
3808 4574 3993 4638 Nico·

2416 4672 2541 4744 lai,
2573 4684 2639 4736 et
2669 4672 3008 4735 Alexandri
3058 4671 3276 4733 itidem
3332 4677 3405 4733 tt.
3459 4672 3564 4751 qui
3618 4672 3994 4734 Aicstetten-

2417 4790 2594 4841 sem,
2633 4770 3048 4832 Florentinum
3075 4811 3094 4839 ‚
3145 4777 3210 4829 et
3262 4772 3567 4832 Lucanam
3595 4813 3613 4839 ‚
3670 4769 3838 4832 Pauli
3886 4774 3986 4832 tv.

2417 4869 2521 4950 qui
2555 4866 3049 4949 Neapolitanam,
3083 4873 3148 4928 et
3180 4866 3506 4929 Benedicti
3545 4872 3697 4929 xlii.
3733 4866 3838 4947 qui
3871 4866 3986 4930 hac

2417 4974 2625 5029 aetate
2659 4970 2866 5026 nostra
2903 4967 3396 5025 Beneventanum
3434 4965 3825 5028 retinuerunt
3881 4969 3991 5025 Ec·

2416 5061 2646 5125 clesias
2671 5108 2686 5122 .
2722 5066 2808 5121 Ex
2855 5057 2954 5121 his
2986 5066 3192 5122 autem
3234 5060 3738 5144 Pet-ipetasmatis
3761 5107 3780 5133 ‚
3829 5079 3990 5142 quae

2418 5179 2529 5222 sex
2562 5166 2773 5230 erant,
2818 5157 3203 5242 Babylonico
3234 5177 3429 5238 opere
3483 5168 3547 5221 et
3590 5168 3987 5223 ornamento·

2421 5277 2556 5319 rum
2590 5255 2889 5318 varietate
2923 5255 3077 5318 mire
3125 5254 3455 5337 conspicua
3476 5299 3496 5330 ‚
3529 5267 3597 5320 ut
3627 5256 3765 5322 loco
3797 5257 3989 5321 etiam

2415 5354 2515 5418 cui
2544 5352 2881 5439 suffigenda
2912 5360 3129 5425 erant,
3172 5360 3316 5435 apte
3346 5363 3806 5437 congruerent,
3838 5375 3990 5435 qua·

2419 5463 2559 5520 tuor
2587 5453 2803 5528 Fidei,
2836 5451 2975 5536 Spei
3000 5498 3020 5527 ‚
3050 5451 3378 5517 charitatis
3410 5461 3471 5515 et
3507 5453 3842 5517 potestatis
3881 5459 3988 5516 Ec-
