4442 6300
1446 522 1788 589 QmNQUE
1843 521 2310 573 sANc'rontM
2352 522 2516 571 eru.
3373 522 3445 570 το

380 671 612 734 vindex
645 691 755 736 aas
799 670 918 733 sibi
966 687 1198 752 poenas
1239 666 1588 739 indiceret,
1632 686 1795 748 quae
1824 684 1954 729 ma-

379 769 524 851 gnis
566 769 938 831 criminibus
981 766 1302 850 expiandis
1346 766 1495 830 satis
1539 784 1682 828 esse
1722 763 1956 847 potuis-

382 873 546 929 flent.
602 894 624 921 a

518 992 540 1017 ·
595 962 901 1026 Decennis
929 981 1069 1024 cum
1102 959 1304 1033 foret,
1346 980 1423 1025 ea
1450 978 1676 1042 nempe
1709 964 1910 1022 aetate
1933 999 1953 1030 ,

382 1080 506 1142 qua
533 1067 865 1123 Parentum
899 1059 1239 1127 blanditiis,
1272 1058 1610 1139 mundique
1630 1057 1955 1122 illecebris

381 1157 551 1222 allici
583 1158 856 1240 primum
901 1159 1082 1221 Pueri
1115 1158 1364 1228 solent,
1399 1149 1470 1220 'et
1497 1156 1730 1220 irretiri
1759 1203 1777 1228 ,
1820 1164 1952 1219 tan-

384 1265 520 1318 tum
554 1252 797 1325 abfuit,
831 1264 898 1317 ut
929 1252 1152 1318 Petrus
1178 1257 1256 1318 ab
1286 1253 1386 1316 bis
1417 1262 1767 1332 caperetur,
1798 1252 1950 1334 quin

381 1352 467 1417 iis
494 1352 731 1415 aditum
767 1351 1139 1416 interclusit.
1170 1352 1558 1415 Domesticas
1585 1351 1781 1432 igitur
1813 1369 1953 1413 coe·

382 1449 474 1530 pit
502 1452 779 1531 apertius
811 1449 1090 1514 fastidire
1114 1471 1217 1512 res
1247 1470 1490 1520 omnes,
1523 1448 1717 1511 avitos
1747 1466 1956 1529 asper·

382 1549 519 1612 nari
569 1548 905 1632 Regalatae
962 1548 1166 1632 gentis
1225 1547 1493 1611 bonores
1516 1590 1536 1619 ‚
1590 1547 1910 1609 universas
1932 1588 1952 1616 ,

386 1664 552 1725 quae
596 1666 676 1707 ex
721 1646 955 1708 mundo
1008 1654 1196 1718 sunt,
1244 1645 1570 1725 despicere
1613 1643 1957 1707 vanitates.

384 1743 542 1805 Hinc
586 1743 862 1811 mundo,
910 1742 1174 1821 opibus,
1219 1739 1561 1810 nobilitati,
1601 1740 1721 1819 ipsi
1765 1741 1956 1802 etiam

388 1839 511 1901 sibi
548 1837 954 1902 charissimae
984 1839 1278 1901 Genitrici
1311 1838 1450 1900 vale
1482 1838 1686 1901 dicere
1719 1836 1959 1907 statuit,

387 1944 456 1997 ut
488 1941 757 1998 Crucem
805 1935 990 1998 simul
1025 1955 1161 1999 oum
1195 1935 1444 1998 Christo
1479 1936 1736 1998 Domino
1763 1936 1839 1998 ad
1868 1954 1961 1996 ar-

386 2031 509 2093 dua
556 2033 965 2113 Evangelicae
1013 2030 1423 2113 perfectionis
1466 2033 1741 2097 eulmina
1787 2034 1964 2115 baju-

385 2128 570 2192 laret.
599 2136 856 2195 Matrem
897 2131 1113 2211 itaque
1143 2151 1281 2193 cum
1318 2133 1506 2193 etiam
1551 2137 1738 2212 atque
1773 2132 1959 2194 etiam

389 2226 823 2311 efflagitasset,
857 2236 922 2289 nt
952 2248 1021 2291 se
1052 2228 1116 2288 in
1148 2234 1428 2289 Fratrum
1462 2228 1774 2291 minorum
1808 2231 1957 2289 Coe·

389 2325 646 2388 nobium
682 2326 981 2389 secedere
1024 2334 1349 2406 pateretur
1379 2325 1496 2387 soli
1533 2332 1661 2389 Deo
1692 2323 1956 2389 famula-

389 2432 638 2495 turum3
676 2422 785 2484 illa
815 2443 967 2487 vero
1009 2422 1466 2488 molestissime
1499 2422 1706 2487 ferens
1730 2466 1750 2497 ,
1792 2423 1964 2505 quod

389 2512 446 2581 is
471 2563 491 2593 ,
524 2534 710 2602 quem
756 2522 1028 2583 maxime
1067 2520 1414 2603 diligebat,
1460 2519 1650 2582 Filius
1683 2525 1804 2584 tam
1849 2520 1963 2583 im·

390 2626 636 2682 mature
666 2638 698 2679 a
733 2640 801 2680 se
833 2617 1240 2681 divelleretur
1266 2661 1286 2690 ,
1322 2638 1532 2681 moras
1573 2619 1960 2689 innecteret,

389 2725 579 2796 atque
613 2717 1026 2796 protraheret,
1061 2736 1260 2797 usque
1291 2717 1451 2779 adeo
1480 2735 1596 2797 per
1627 2715 1959 2778 triennium

391 2834 532 2876 eam
564 2814 859 2895 precibus
901 2812 1249 2895 defatigare
1280 2833 1402 2877 non
1435 2813 1718 2886 destitit,
1767 2812 1964 2875 donec

391 2913 584 2975 tertio
616 2912 863 2974 decimo
896 2912 1119 2974 aetatis
1164 2931 1313 2973 suae
1345 2930 1505 2972 anno
1536 2911 1662 2974 voti
1709 2930 1964 2990 compos

390 3010 678 3081 effectus,
712 3009 945 3072 mundo
975 3009 1254 3072 nuntium
1275 3009 1593 3071 remittere
1619 3010 1963 3090 permissus

392 3115 509 3170 est.
559 3112 790 3188 ltaque·
823 3105 884 3166 in
914 3106 1119 3169 Patrio
1162 3104 1482 3169 Coeuobio
1529 3105 1966 3170 Franciscanae

393 3206 687 3268 Familiae
722 3205 896 3266 dedit
935 3202 1106 3268 illico
1138 3223 1361 3267 nomen
1385 3246 1406 3276 ,
1452 3211 1641 3285 atque
1669 3223 1795 3267 uno
1825 3210 1965 3285 post

394 3321 556 3365 anno
593 3301 870 3364 unanimi
903 3300 1364 3385 Religiosorum
1400 3301 1695 3382 suffragio
1739 3298 1966 3364 solem·

394 3398 575 3460 nibus
620 3398 875 3468 emissis
917 3399 1082 3462 votis
1111 3397 1327 3481 (quod
1358 3404 1504 3461 ante
1533 3397 1965 3461 Tridentinum

392 3495 711 3577 impuberi
749 3495 973 3579 licuit)
1006 3496 1414 3574 semetipsum
1449 3497 1713 3558 Domino
1744 3495 1967 3558 manci-

393 3593 583 3672 pavit.
612 3599 769 3656 Tum
803 3613 952 3656 vero
974 3592 1291 3675 religiosis
1318 3593 1654 3656 virtutibus
1678 3593 1968 3657 excolen-

398 3688 497 3752 dis
541 3690 702 3751 adeo
733 3689 1049 3763 incubuit,
1095 3696 1159 3750 ut
1192 3710 1333 3751 cum
1369 3690 1542 3752 brevi
1586 3689 1967 3772 perfectissi-

398 3805 569 3849 mum
603 3785 908 3849 evasisset
952 3806 1168 3849 eorum
1201 3786 1563 3867 exemplar,
1593 3788 1869 3850 omnium
1904 3788 1966 3848 in

402 3902 468 3946 se
513 3882 729 3947 oculos
772 3884 1140 3965 animosque
1183 3893 1621 3957 converteret,
1666 3907 1737 3948 ao
1779 3886 1965 3967 plane

396 3979 459 4040 in
491 3998 778 4060 magnam
809 3986 1058 4061 raperet
1092 3980 1563 4044 admirationem
1595 4028 1608 4042 .
1643 3981 1967 4064 Evangeli-

397 4095 536 4137 cum
581 4076 751 4136 enim
799 4076 1068 4139 stadium
1112 4085 1283 4140 tanta
1328 4080 1729 4159 percurrebat
1773 4080 1966 4141 animi

401 4172 800 4235 contentione
824 4216 841 4245 ,
895 4185 968 4235 ut
1024 4174 1100 4237 iis
1149 4173 1341 4237 etiam
1394 4173 1580 4257 longo
1639 4174 1969 4238 intervallo

399 4267 844 4340 antecelleret,
893 4271 997 4351 qui
1044 4270 1303 4334 meliora
1345 4271 1719 4335 charismata
1763 4291 1972 4335 aemu-

399 4365 711 4436 labantur,
743 4368 794 4429 si
829 4387 988 4448 quae
1014 4368 1311 4430 mundum
1343 4369 1557 4450 aliquo
1588 4369 1778 4433 modo
1800 4390 1971 4450 sape-

401 4480 470 4524 re
515 4462 914 4535 viderentur,
959 4485 1031 4526 ea
1079 4482 1198 4527 non
1229 4464 1525 4546 'abjicere
1571 4464 1813 4536 solum,
1861 4466 1969 4529 sed

400 4558 915 4641 perhorrescere:
964 4581 1124 4641 quae
1157 4581 1306 4633 yero
1345 4561 1544 4644 ipsius
1573 4563 1845 4625 animum
1894 4565 1968 4627 ad

407 4663 602 4720 Deum
649 4660 1014 4740 erigerent,
1059 4679 1132 4722 ea
1165 4658 1373 4721 studio
1405 4660 1678 4723 maximo
1722 4659 1971 4723 investi-

401 4773 548 4835 gare
595 4761 657 4818 et
686 4755 1033 4820 consectari
1059 4779 1073 4814 ε
1123 4757 1173 4817 si
1205 4757 1578 4837 quandoque
1609 4758 1748 4840 ejus
1777 4760 1971 4821 virtus

400 4850 696 4915 laudibus
725 4852 1087 4925 efferretur,
1119 4853 1417 4935 conqueri
1449 4863 1516 4917 et
1546 4854 1918 4919 stomachari
1950 4878 1965 4914 ε

403 4949 452 5011 si
495 4967 646 5011 vero
688 4948 1051 5031 injuriosius
1096 4955 1508 5023 tractaretur,
1564 4969 1644 5014 ex
1688 4952 1827 5033 ipso
1873 4951 1967 5015 sui

402 5050 765 5125 contemptu
797 5063 1096 5109 summam
1126 5065 1353 5126 capere
1381 5045 1761 5127 voluptatem
1788 5072 1802 5109 z
1834 5067 1971 5110 cor-

406 5160 522 5223 pus
550 5140 855 5223 flagellis,
899 5141 1109 5205 inedia
1133 5186 1151 5210 ,
1185 5142 1454 5226 vigiliis,
1503 5143 1754 5217 ciliciis,
1784 5153 1971 5226 atque

403 5236 572 5300 omni
603 5257 942 5318 poenarum
974 5257 1210 5319 genere
1240 5240 1599 5304 excruciare
1628 5265 1643 5299 ε
1681 5242 1970 5322 spiritum

399 5355 550 5398 vero
578 5335 861 5398 oratione
891 5335 1181 5399 continua
1205 5334 1464 5401 reficere
1495 5347 1562 5400 et
1591 5358 1899 5403 recreare.
1941 5368 1962 5391 -

537 5462 558 5485 -
609 5432 915 5505 Quoniam
947 5452 1096 5497 vero
1127 5451 1248 5497 non
1279 5434 1646 5518 ignorabat,
1676 5455 1961 5520 magnum

2060 663 2124 726 in
2168 670 2383 748 Regno
2425 662 2740 727 caelorum
2786 663 2994 727 vocari
3040 663 3353 745 neniinem
3397 652 3579 744 posse
3605 706 3619 731 ,

2062 762 2185 824 nisi
2216 762 2324 843 qui
2370 770 2434 825 et
2463 760 2735 833 faceret,
2781 767 2844 823 et
2875 762 3175 832 doceret,
3203 761 3347 824 hinc
3371 804 3390 833 ,
3433 750 3618 842 quam

2066 861 2128 922 in
2159 880 2228 923 se
2258 860 2693 923 efformaverat
2723 858 2991 920 divinam
3038 857 3380 922 sanctitatis
3409 858 3623 941 imagi-

2064 976 2205 1019 nem
2228 999 2248 1028 ,
2282 977 2420 1020 eam
2451 957 2510 1016 in
2545 955 2809 1018 aliorum
2841 955 3080 1017 animos
3108 955 3236 1018 alte
3265 953 3623 1033 imprimere

2059 1053 2501 1118 contendebat.
2533 1054 2971 1126 Quamobrem,
3002 1072 3140 1114 rum
3176 1051 3622 1115 sanctissimam

2064 1151 2157 1214 sui
2206 1150 2456 1213 Ordinis
2487 1149 2877 1231 disciplinam
2909 1169 2989 1211 ex
3019 1149 3321 1212 humanae
3368 1154 3624 1211 naturae

2064 1247 2425 1309 infirmitate
2456 1245 2794 1326 collapsam
2842 1265 3059 1328 magna
3090 1266 3167 1309 ex
3204 1253 3376 1326 parte
3420 1244 3627 1308 absol-

2063 1345 2231 1407 visse
2262 1345 2807 1415 animadverteret,
2839 1342 2990 1405 nibil
3021 1363 3289 1425 unquam
3314 1343 3628 1424 antiquius

2064 1441 2312 1515 babuit,
2345 1461 2529 1523 qnam
2562 1451 2630 1504 ut
2663 1460 2852 1504 omne
2884 1441 3184 1514 studium,
3218 1460 3467 1504 omnem
3496 1438 3627 1503 ani·

2068 1559 2264 1609 mum,
2294 1539 2731 1621 cogitationem
2767 1557 3013 1599 omnem
3045 1539 3106 1598 in
3136 1538 3199 1599 id
3226 1536 3622 1618 potissimum

2066 1635 2408 1707 conferret,
2438 1656 2564 1716 quo
2595 1656 2733 1697 eam
2766 1635 2844 1697 ad
2879 1634 3299 1718 integritatem
3332 1644 3396 1698 et
3427 1634 3631 1716 splen·

2070 1734 2289 1796 dorem
2342 1734 2673 1815 pristinum
2724 1743 3073 1797 revocaret.
3127 1740 3318 1807 Quam
3372 1732 3629 1814 quidem

2069 1839 2343 1894 mentem
2380 1830 2676 1914 Regalato
2706 1829 3006 1894 divinitus
3036 1831 3293 1894 inditam
3325 1829 3523 1894 fuisse
3554 1850 3633 1894 ex

2072 1950 2151 1993 eo
2179 1929 2451 1992 maxime
2482 1930 2719 2009 patuit,
2750 1930 2917 2010 quod
2938 1973 2957 2000 ,
2989 1931 3135 1991 dum
3162 1930 3296 2011 ipse
3330 1927 3483 1990 tanti
3509 1948 3636 1991 mo·

2072 2027 2263 2090 menti
2294 2025 2533 2091 facinus
2562 2028 2769 2091 animo
2799 2038 3115 2098 versaret,
3162 2028 3384 2089 accidit
3415 2045 3635 2107 perop-

2072 2135 2369 2209 portune,
2414 2134 2486 2189 ut
2511 2124 2915 2189 villacretius
2958 2127 3052 2186 vir
3082 2146 3154 2186 ex
3198 2127 3423 2188 eodem
3462 2124 3636 2187 Ordi-

2075 2242 2153 2284 ne
2197 2242 2335 2285 cum
2365 2223 2529 2285 vitae
2561 2224 2886 2289 sanctitate
2909 2267 2925 2291 ,
2976 2232 3105 2283 tum
3155 2240 3361 2285 rerum
3388 2221 3640 2284 'divina-

2075 2341 2211 2382 rum
2249 2320 2609 2398 cognitione
2638 2318 3024 2383 clarissimus
3068 2319 3502 2382 vallisoletum
3539 2338 3642 2381 ve·

2072 2418 2237 2481 niret
2264 2463 2277 2477 .
2310 2420 2460 2480 Cum
2489 2436 2611 2479 non
2643 2416 2912 2488 minori,
2942 2438 3126 2498 quam
3160 2417 3518 2497 Regalatus,
3552 2425 3645 2478 te·

2074 2523 2334 2577 neretur
2373 2514 2429 2577 is
2456 2514 2644 2577 etiam
2690 2514 2900 2577 studio
2943 2515 3278 2577 renovandi
3310 2515 3636 2596 antiquum

2071 2609 2232 2674 illud
2254 2609 2788 2692 asperrimamque
2812 2609 3056 2674 vivendi
3083 2631 3301 2693 genus,
3326 2612 3494 2692 quod
3515 2613 3643 2675 suis

2073 2706 2390 2772 indixerat
2434 2707 2782 2771 Patriarcha
2824 2710 3224 2781 Franciscus,
3268 2708 3567 2772 facultate
3611 2728 3643 2769 a

2077 2806 2404 2869 Praefecto
2436 2805 2684 2869 Ordinis
2715 2807 3079 2887 impetrata,
3125 2815 3273 2869 tunc
3302 2806 3463 2869 forte
3494 2806 3645 2869 illu‘c

2076 2902 2312 2966 idcirco
2355 2909 2659 2975 venerat,
2703 2903 2949 2975 Socios,
2996 2924 3154 2985 quos
3185 2904 3305 2965 sibi
3351 2905 3428 2964 ad
3460 2905 3641 2968 Insti-

2074 3007 2276 3062 tutum
2335 2999 2746 3083 adjungeret,
2800 3002 3197 3083 quaesiturus
3223 3049 3237 3062 .
3291 3010 3378 3065 Re
3429 3002 3643 3083 itaquo

2078 3116 2217 3160 cnm
2244 3095 2542 3179 Regalato
2563 3098 3021 3162 communicata
3037 3098 3187 3161 satis
3207 3097 3504 3179 explicari
3524 3117 3647 3161 non

2077 3201 2322 3276 potest,
2365 3204 2594 3276 quanta
2637 3195 2980 3260 concordes
3027 3197 3275 3259 animae
3323 3194 3647 3260 alacritate

2077 3294 2467 3377 gestiverint,
2497 3312 2690 3375 quam
2723 3300 2997 3357 sanctum
3028 3294 3092 3354 in
3126 3300 3253 3357 Deo
3274 3293 3503 3358 foedus
3530 3295 3651 3356 ini-

2079 3390 2322 3458 verint,
2369 3409 2551 3471 quam
2596 3391 2742 3454 forti
2786 3392 2996 3455 animo
3041 3400 3133 3454 tot
3177 3391 3649 3456 difficultatibus

2074 3486 2623 3569 impeditissimum
2658 3508 2813 3569 opus
2842 3490 3120 3573 aggressi
3153 3491 3291 3551 sint.
3352 3518 3373 3543 .

2211 3613 2234 3638 ο
2258 3585 2460 3647 Probe
2488 3593 2693 3648 atitem
2717 3604 2855 3648 cnm
2887 3585 3353 3668 intelligerent,
3387 3607 3509 3649 non
3553 3606 3651 3648 ur-

2077 3681 2779 3768 banamqfrequentiaQ
2809 3683 2920 3748 sed
2950 3682 3352 3747 solitudinem
3386 3703 3418 3745 a
3444 3686 3651 3748 Domi·

2079 3797 2161 3842 no
2192 3777 2387 3842 fuisse
2431 3779 2745 3844 delectam
2769 3823 2788 3852 ,
2818 3790 2887 3845 ut
2931 3782 3005 3843 ad
3041 3802 3149 3845 cor
3191 3780 3513 3846 hominum
3561 3782 3650 3847 lo-

2078 3886 2400 3960 queretur.
2431 3879 2506 3940 ad
2533 3879 2925 3942 domicilium
2953 3881 3268 3959 quoddam
3290 3900 3410 3945 non
3432 3882 3648 3963 procul

2079 3978 2160 4040 ab
2206 3977 2449 4058 Oppido
2480 3976 2881 4057 Aquileriae,
2927 3979 3233 4058 permissu
3279 3979 3650 4042 oxomensis

2081 4072 2370 4153 Episcopi
2393 4093 2426 4134 a
2450 4071 2816 4136 villacretio
2838 4082 3264 4137 constructum
3297 4076 3487 4138 ambo
3506 4095 3653 4139 una-

2083 4172 2288 4233 nimes
2332 4190 2673 4234 secessere.
2721 4177 2913 4235 Porro
2944 4172 3004 4232 in
3027 4171 3264 4237 eoloco
3307 4195 3495 4255 quam
3523 4196 3657 4239 san·

2078 4276 2239 4331 ctam
2260 4310 2279 4337 ‚
2310 4286 2498 4349 quam
2531 4274 2842 4331 austeram
2873 4271 3034 4332 vitae
3067 4271 3372 4334 rationem
3404 4291 3653 4355 aggres-

2081 4365 2133 4428 si
2166 4366 2325 4438 sint,
2355 4385 2435 4428 ex
2465 4386 2542 4428 eo
2571 4366 2795 4449 conjici
2825 4366 3010 4431 facile
3045 4376 3290 4450 potest,
3325 4370 3490 4451 quod
3524 4371 3657 4432 uni-

2082 4484 2260 4528 versa
2326 4464 2614 4545 supellex
2638 4508 2658 4537 ,
2703 4464 2783 4528 de
2850 4487 2969 4546 qua
3022 4486 3233 4529 secum
3278 4469 3653 4549 asportanda

2083 4561 2266 4623 unice
2297 4561 2665 4641 cogitarunt,
2697 4561 3078 4624 Breviarium
3104 4561 3219 4624 fuit
3240 4572 3425 4645 atque
3447 4562 3656 4647 flagel-

2078 4657 2209 4720 lum
2232 4682 2250 4717 ι
2283 4657 2441 4720 Illud
2489 4659 2742 4739 quidem
2766 4701 2785 4730 ‚
2814 4680 2939 4741 quo
2970 4659 3152 4724 horas
3193 4662 3519 4725 canonicas
3564 4662 3657 4723 in-

2087 4761 2184 4817 ter
2211 4754 2595 4818 diutissimae
2628 4755 3068 4819 meditationes
3098 4768 3159 4820 et
3182 4758 3492 4842 lacrymas
3521 4778 3659 4839 per-

2085 4852 2441 4924 solventes,
2471 4873 2623 4916 voce
2653 4860 2717 4916 et
2748 4854 2971 4935 spiritu
3006 4874 3144 4918 cum
3178 4856 3441 4919 Domino
3486 4875 3656 4917 com·

2084 4950 2511 5013 municarent=
2558 4956 2689 5014 Hoc
2734 4971 2926 5024 vero,
2958 4972 3084 5033 qno
3124 4972 3350 5034 corpus
3397 4950 3655 5034 singulis

2081 5047 2373 5110 noctibus
2400 5048 2795 5132 castigatum,
2827 5050 3158 5130 quominus
3185 5051 3658 5132 concupisceret

2079 5147 2382 5208 adversus
2411 5145 2699 5226 spiritum
2726 5189 2745 5216 ,
2774 5145 2836 5208 in
2871 5146 3076 5210 officio
3106 5147 3519 5211 continerent.
3555 5180 3575 5201 -

2220 5272 2243 5296 -
2275 5248 2515 5305 interea
2546 5260 2695 5305 vero
2726 5249 2937 5305 tantae
2964 5244 3205 5309 virtutis
3225 5243 3386 5306 fama
3417 5265 3529 5326 per
3562 5245 3653 5309 lo-

2080 5357 2150 5402 ca
2171 5339 2496 5420 Urbesque
2520 5338 2812 5402 finitimas
2835 5343 3409 5419 percrebrescente,
3445 5364 3657 5406 exem-

2078 5436 2184 5520 plo
2215 5443 2343 5499 tam
2390 5436 2711 5518 praeclaro
2759 5438 2863 5500 alii
2914 5438 3123 5520 plures
3167 5441 3361 5504 illecti
3398 5450 3527 5503 tum
3579 5463 3660 5505 ex
